5642 7159
1243 685 1397 746 PlPPlN
1420 681 1492 748 753.
2146 685 2189 753 45

542 876 744 962 apostolieae
768 899 788 941 a
815 875 913 940 beato
944 897 1032 961 papa
1058 871 1222 939 Zacharia
1250 874 1309 940 tibi
1334 875 1490 940 collatum
1520 895 1596 940 cum
1619 895 1784 939 consensu
1811 875 2043 960 episcoporum
2066 886 2190 943 cetero·

541 1003 677 1068 rumque
698 980 846 1046 fidelium
868 989 1055 1046 nostrorum
1080 1000 1138 1065 per
1161 980 1272 1044 omnia
1294 979 1500 1062 roboramus,
1523 979 1765 1065 praecipientes
1788 988 1825 1042 ut
1839 978 1949 1043 nullus
1972 995 2140 1046 sacerdotum
2155 982 2189 1046 in

544 1107 644 1170 regno
667 1095 780 1150 nostro
806 1083 964 1148 divinitus
987 1082 1084 1148 nobis
1106 1103 1265 1148 concesso
1289 1100 1317 1149 in
1339 1099 1460 1164 praefato
1483 1100 1644 1148 monasterio
1668 1097 1800 1149 dicionem
1816 1083 1941 1164 aliquam
1965 1081 2026 1148 sibi
2044 1084 2190 1151 vindicet

541 1210 645 1270 praeter
667 1205 756 1255 sedem
784 1204 966 1269 apostolicam,
999 1205 1039 1253 ita
1060 1207 1098 1265 ut,
1128 1203 1180 1252 nisi
1209 1203 1243 1253 ab
1267 1204 1364 1254 abbate
1393 1203 1545 1253 monasterii
1568 1203 1649 1253 fuerit
1676 1203 1814 1266 invitatus,
1848 1219 1897 1254 nec
1924 1203 2063 1253 missarum
2090 1205 2189 1255 ibidem

503 1307 519 1356 5
543 1309 681 1360 sollemnia
702 1311 827 1380 quisque
843 1308 977 1359 celebrare
992 1311 1151 1373 praesumat,
1175 1291 1233 1356 sed
1248 1308 1324 1356 iuxta
1345 1307 1381 1370 id,
1404 1307 1476 1372 quod
1499 1308 1649 1357 subiectum
1667 1313 1772 1357 constat
1794 1308 1957 1373 apostolicae
1979 1309 2036 1359 sedi
2066 1307 2189 1361 firmitate

540 1413 682 1480 privilegii,
704 1416 862 1464 inconcusse
879 1395 1071 1463 roboratum
1093 1416 1254 1476 permaneat,
1277 1411 1344 1462 locis
1368 1415 1394 1462 st
1417 1412 1505 1474 rebus,
1535 1417 1589 1461 tarn
1613 1413 1650 1462 eis
1673 1427 1739 1477 quas
1761 1411 1889 1462 moderno
1912 1417 2030 1477 tempore
2052 1418 2125 1463 tenet
2146 1415 2190 1465 vel

541 1518 665 1584 possidet,
687 1532 766 1583 quarn
789 1531 858 1582 quae
873 1517 970 1567 futuris
993 1517 1157 1580 temporibus
1179 1496 1345 1580 iuri‘ipsius
1368 1516 1522 1566 monasterii
1537 1515 1628 1566 divina
1650 1518 1736 1581 pietas
1751 1531 1849 1582 augere
1870 1517 1986 1567 voluerit
2007 1534 2040 1568 ex
2063 1517 2140 1568 donis
2163 1529 2191 1570 st

541 1621 723 1672 oblationibus
749 1619 910 1684 decimisque
939 1617 1066 1681 fidolium,
1100 1619 1200 1684 absquo
1223 1619 1305 1668 ullius
1333 1634 1464 1684 personae
1488 1619 1698 1671 contradictione
1726 1619 1850 1671 firmitate
1879 1628 2008 1687 perpetua
2029 1623 2190 1688 perfruatur.

542 1708 576 1775 Si
601 1718 710 1774 autem
733 1709 896 1794 quispiam
921 1707 995 1771 huic
1018 1715 1151 1772 nostrae
1174 1708 1382 1772 auctoritatis
1406 1718 1584 1794 praecepto
1607 1731 1792 1795 repugnare
1816 1710 1964 1785 voluerit,
1994 1714 2190 1776 sententiam

486 1831 518 1880 ιο
542 1813 744 1899 apostolieae
768 1812 992 1894 districtionis,
1017 1833 1101 1896 quac
1117 1815 1150 1876 in
1173 1821 1337 1894 privilegioss
1360 1835 1520 1897 expressa
1536 1820 1595 1895 est,
1620 1814 1810 1898 experiatur
1826 1823 1859 1878 et
1879 1823 1989 1879 tamen
2003 1814 2077 1895 boc,
2101 1816 2189 1902 qnod

542 1919 583 1984 ob
611 1939 756 1984 amorem
785 1917 838 1982 dei
867 1927 899 1982 et
927 1917 1172 1982 venerationem
1208 1917 1314 1981 sancti
1344 1917 1432 1981 Petri
1461 1925 1574 1982 nostra
1598 1919 1797 1983 auctoritate
1825 1918 2037 2002 firmavimus,
2072 1919 2190 1985 stabile

540 2043 694 2104 permaneat
715 2044 816 2088 manu
836 2031 952 2087 nostra
984 2021 1176 2086 roboratum
1199 2031 1231 2086 et
1254 2029 1322 2084 tam
1355 2020 1447 2085 anuli
1470 2021 1572 2084 nostri
1602 2021 1807 2106 inpressione
1838 2043 1937 2108 quam
1965 2021 2111 2088 fidelium
2133 2044 2188 2088 no-

541 2137 682 2193 strorum
706 2125 962 2212 adstipulatione
985 2141 1137 2191 subnixum.

644 2265 780 2351 Signum
805 2262 871 2348 (ll.)
895 2264 1025 2350 Pippini
1050 2263 1281 2348 gloriosissimi
1304 2263 1402 2348 regis.

486 2386 517 2436 so
644 2369 666 2449 †
688 2367 826 2456 Signum
848 2369 1006 2434 Bonifatii
1031 2367 1280 2454 archiepiscopi.

642 2473 665 2554 †
687 2473 825 2561 Signum
848 2470 1056 2558 Burghardih
1079 2474 1237 2559 episcopi.

643 2579 665 2654 †
687 2577 824 2663 Signum
847 2576 1043 2643 Uuillibaldi
1068 2576 1225 2664 episcopi.

644 2681 666 2762 †
689 2682 827 2768 Signum
850 2681 914 2746 Lul
938 2679 1108 2768 episcopii

576 2837 580 2847 .
644 2786 666 2867 †
688 2787 826 2874 Signum
848 2785 967 2852 Eoban
990 2785 1147 2872 episcopi.

644 2890 666 2970 †
688 2891 824 2978 Signum
848 2886 1051 2955 Cilimannik
1073 2890 1230 2976 episcopi.

644 2991 898 3073 †Foloremmi¹
922 2993 1116 3080 presbyteri.

644 3098 666 3178 †
688 3099 824 3185 Signum
849 3099 1036 3184 lllegingozi
1059 3095 1257 3184 presbyteri.

644 3207 666 3288 †
689 3202 826 3289 Signum
848 3201 1018 3267 Throandi
1041 3201 1210 3287 praefecti.

645 3310 667 3391 †
689 3305 827 3392 Signum
851 3305 1007 3371 Liutfridi
1030 3305 1198 3390 praefecti.

645 3409 667 3487 †
690 3409 825 3494 Signum
849 3409 1051 3474 Hrunzollim
1073 3409 1240 3496 praefecti.

645 3513 667 3591 †
689 3515 904 3600 Hroggonis¹¹
926 3515 1097 3601 praelecti.

645 3619 667 3697 †
690 3620 827 3706 Signum
851 3617 1026 3685 Orentiles.

645 3724 668 3804 †
690 3723 828 3809 Signum
850 3723 1051 3790 Thcch01fi0.

645 3827 667 3905 †
690 3826 827 3913 Signum
850 3826 1039 3913 Uuichingi.

485 3965 519 4015 30
647 3951 702 4026 (O.)
725 3949 764 4013 In
788 3947 838 4013 dei
862 3949 993 4014 nomine
1015 3949 1158 4016 Baddilo
1181 3952 1374 4037 recognovit
1395 3959 1450 4015 etp
1473 3955 1565 4030 (aa).
1590 3950 1662 4034 (Sl.)

646 4068 736 4135 Data
758 4090 871 4134 menso
887 4069 1000 4134 iunio‘l
1022 4092 1108 4136 anno
1132 4081 1178 4135 11¹
1200 4073 1292 4158 regni
1315 4074 1454 4153 nostri⁸3
1483 4082 1593 4138 actum
1617 4074 1784 4140 Attiniaco
1809 4074 1932 4160 palatio
1955 4073 2121 4160 publico‘3
2159 4076 2192 4141 in

542 4175 596 4240 dei
618 4174 748 4239 nomine
771 4173 909 4238 feliciter
931 4195 1037 4239 amen.

1343 4401 1404 4476 33.

1280 4560 1459 4640 (Uneclst.)

480 4723 517 4774 aa
541 4701 676 4793 Pippiu
708 4701 846 4774 sedendi
885 4701 963 4772 dem
996 4700 1140 4774 Klostcr
1165 4700 1324 4792 Fipccc
1356 4703 1420 4773 dos
1452 4701 1718 4775 Muttcrlclostcr
1750 4703 1897 4789 closum,
1938 4704 2095 4795 destritc'pt
2125 4705 2193 4775 deu

542 4821 674 4908 Besits,
714 4823 888 4916 ampliabit
914 4823 987 4894 illm
1021 4824 1076 4895 die
1102 4821 1305 4894 Eiuaicdlcr
1337 4847 1403 4895 voa
1433 4823 1586 4915 Conques
1618 4827 1693 4896 und
1718 4825 1861 4897 verleidt
1886 4825 1974 4913 frcic
2000 4823 2191 4896 Adtsrcabl.

1065 4957 1067 4961 ’
1718 4966 1828 5038 Fipecc
1850 4965 1912 5025 755
1935 4963 2097 5023 Novanber
2118 4967 2149 5026 8.

646 5123 835 5230 Anpebb‘clres
855 5155 992 5229 Originul
1008 5151 1048 5232 (9)
1064 5154 1115 5214 des
1131 5157 1182 5216 12.
1200 5155 1253 5215 Jls.
1271 5156 1303 5213 in
1321 5155 1382 5216 CL.
1400 5157 1484 5215 5219
1499 5160 1534 5214 πθ
1548 5160 1566 5215 1
1584 5155 1637 5214 der
1651 5154 1951 5214 Notionolbiblioileelc
1964 5173 2006 5213 su
2021 5156 2110 5214 Paris
2126 5153 2192 5234 (A).

653 5273 855 5349 Ungedruclct.
879 5307 922 5319 -
944 5275 1141 5334 Mulciiacier
1162 5276 1235 5349 Rep.
1259 5278 1301 5336 80
1325 5274 1404 5354 (78).

477 5411 516 5460 to
647 5395 706 5455 Die
727 5401 848 5456 iussere
870 5396 1071 5470 Ausetanum
1095 5396 1368 5474 (Majuskelscdrift
1392 5397 1448 5470 fsir
1469 5399 1516 5456 die
1539 5402 1614 5457 erote
1639 5399 1728 5469 Zeila
1753 5399 1801 5457 die
1822 5397 1977 5472 Dctirunp
1999 5398 2063 5457 und
2082 5399 2191 5471 Recep-

646 5502 751 5572 nitiom
786 5502 842 5560 den
864 5501 983 5561 Nomen
1005 5500 1054 5561 des
1077 5499 1215 5580 Pcpstcs)
1239 5505 1320 5562 meist
1343 5501 1464 5575 darauf
1481 5504 1542 5574 ltin,
1578 5503 1648 5562 dass
1671 5501 1719 5560 die
1747 5503 1898 5573 (fricando,
1933 5503 2023 5561 obtool
2044 5504 2124 5561 aicit
2147 5505 2193 5561 bc-

640 5684 680 5739 82.
699 5686 721 5751 s)
737 5685 770 5738 iu
788 5685 837 5739 der
861 5685 978 5755 l'orlope
997 5685 1050 5740 das
1069 5686 1189 5755 richts'pc
1207 5692 1234 5737 in
1253 5690 1310 5740 iure
1331 5703 1347 5740 c
1365 5689 1382 5742 l.
1406 5687 1496 5756 Tanpl
1514 5687 1531 5739 l.
1550 5703 1571 5739 c.
1590 5689 1648 5740 217
1766 5690 1795 5754 g)
1812 5687 2016 5756 urspritssplt'cb
2043 5690 2194 5756 privilegio,

697 5769 768 5808 corr.
788 5754 819 5807 iu
838 5756 988 5822 privilegiis
1008 5755 1031 5808 0
1132 5757 1160 5821 h)
1178 5758 1326 5810 Burchardi
1469 5759 1490 5823 i)
1508 5758 1702 5825 archiepiscopi
1717 5757 1744 5811 B
1848 5758 1878 5823 k)
1894 5759 2045 5808 Kilimanni
2063 5757 2090 5810 B

697 5825 717 5888 l)
735 5825 899 5875 Folcrammi
918 5824 944 5876 B
1058 5826 1094 5892 m)
1117 5827 1240 5877 Runzolli
1259 5826 1286 5878 Β
1401 5827 1431 5893 n)
1453 5827 1604 5893 Ruotgonis
1621 5825 1649 5879 B
1765 5828 1791 5893 ο)
1811 5827 1933 5878 Tabcolfi
1952 5826 1979 5878 Β
2093 5827 2122 5893 p)
2134 5826 2193 5892 Ego

697 5894 805 5944 Bardilo
824 5894 1077 5946 archicancellarius
1095 5899 1240 5962 recognovi
1259 5895 1282 5948 0
1401 5897 1429 5963 q)
1446 5897 1513 5947 iulio
1536 5897 1558 5949 0
1671 5897 1694 5962 r)
1711 5911 1765 5948 voa
1783 5895 1904 5949 oedem
1922 5894 2014 5949 Hussd
2031 5895 2092 5949 used
2112 5895 2194 5948 Tisste

696 5962 753 6026 ures
775 5962 888 6015 starker
907 5961 1006 6016 Rasur
1033 5967 1144 6016 cristati
1173 5964 1220 6017 des
1248 5965 1318 6018 siocli
1340 5964 1478 6018 bestimmt
1496 5964 1687 6018 mkmsssboms
1713 5964 1951 6033 urspriiupliclteu
1974 5982 2045 6017 nono
2064 5967 2091 6018 A

698 6033 723 6097 a)
739 6035 816 6098 regui
834 6034 926 6085 domni
944 6034 1055 6100 Pippini
1072 6037 1144 6102 regis
1163 6035 1328 6086 Francorum
1348 6034 1370 6088 0
1472 6037 1494 6103 t)
1510 6035 1612 6103 palatio
1631 6036 1738 6102 publico
1757 6036 1873 6087 concilio
1892 6034 1915 6089 0
