5642 7159
1187 710 1357 771 PlPPlll.
2055 709 2095 774 57

451 893 722 982 Cuius-petitioni
757 895 978 961 intercedente
1002 896 1116 962 eodem
1152 912 1286 978 clavigero
1315 914 1389 978 regni
1417 913 1534 964 calorum
1569 897 1672 962 isdem
1707 901 1887 988 imperator
1920 899 2096 965 adsensum

451 997 591 1085 prebens
615 999 734 1065 litteris
751 1000 818 1064 suis
834 1021 899 1065 non
923 1000 1028 1065 solum
1044 1000 1212 1083 Romania,
1237 999 1409 1066 sedetiam
1425 1002 1521 1067 nobis
1537 1003 1688 1086 innotuit,
1713 1004 1802 1091 quod
1818 1004 1925 1069 eidem
1948 1005 2095 1090 pontifici

451 1125 640 1169 concessam
663 1101 815 1169 haberet¹
837 1103 1003 1170 licentiam
1027 1102 1193 1169 amicumk
1216 1114 1248 1170 et
1271 1114 1412 1171 tutorem
1437 1116 1549 1191 sancte
1573 1131 1631 1194 sue
1659 1108 1794 1194 ecclesie
1819 1107 2012 1194 senatuique
2034 1109 2097 1174 Ro·

449 1228 546 1270 mano
570 1215 670 1293 atquc
686 1217 806 1272 cuncto
824 1208 1016 1273 exarchatui
1033 1207 1150 1272 Italico
1168 1208 1213 1273 illi
1233 1209 1417 1274 subiacenti
1435 1220 1573 1296 patrono
1590 1210 1710 1295 federis
1726 1212 1937 1278 roboratione
1956 1212 2097 1294 firmare,
2164 1251 2167 1254 ⁴

416 1330 430 1372 s
452 1312 605 1396 quoniam
622 1333 657 1376 se
672 1310 821 1396 plurimis
837 1311 1105 1376 tribulationibus
1123 1321 1256 1377 anctum
1279 1312 1354 1378 hinc
1370 1312 1446 1379 inde
1461 1317 1551 1380 eirca
1573 1315 1776 1381 vicinitatem
1793 1340 1886 1382 suam
1909 1314 2097 1383 referebat¹.

450 1415 554 1499 igitur
577 1437 636 1500 per
651 1414 827 1500 legatumm
850 1415 997 1481 eiusdem
1013 1416 1222 1502 imperatoris
1245 1417 1375 1480 nomine
1391 1417 1520 1483 Marino
1537 1427 1699 1506 utraque¹²
1722 1419 1818 1486 nobis
1835 1419 1971 1506 epistole
1990 1419 2099 1505 oblate

452 1526 535 1600 sunt,
552 1520 687 1604 insuper
702 1519 800 1584 etiam
817 1519 1002 1605 apostolica
1017 1520 1157 1606 epistola
1165 1529 1188 1604 ⁰,
1206 1521 1239 1585 in
1255 1543 1321 1607 qua
1337 1519 1567 1586 continebatur
1582 1543 1622 1586 ae
1639 1522 1870 1588 insinuabatur
1888 1531 2100 1610 preceptum¹¹

453 1623 502 1688 dei
526 1624 758 1709 omnipotentis
782 1625 917 1712 eiusque
940 1623 1072 1709 celestis
1106 1625 1256 1689 ianitoris
1281 1625 1390 1710 magni
1426 1623 1568 1711 apostoli
1593 1626 1703 1690 Petri(¹
1726 1626 1811 1691 illicr
1840 1627 2014 1712 pacificum
2038 1649 2098 1693 nos

452 1725 619 1812 adusque
643 1726 851 1812 properandi,
875 1748 960 1814 quae
984 1749 1205 1812 parassemus.
1230 1726 1297 1792 Sed
1320 1726 1397 1791 dum
1414 1725 1613 1813 Aistulphus
1631 1729 1945 1815 Longobardorum·
1967 1755 2026 1797 rex
2042 1754 2101 1817 per

409 1845 438 1893 ιο
458 1831 575 1895 missos
598 1841 729 1896 nostros
751 1831 814 1896 hoc
837 1830 1018 1914 didicisset,
1041 1830 1137 1896 valde
1160 1833 1264 1896 iratus
1286 1831 1451 1913 intumuit,
1480 1831 1626 1917 pluriora
1648 1843 1681 1897 et
1703 1832 1866 1899 deteriora
1889 1857 1986 1921 quam
2009 1837 2100 1921 prius

454 1934 642 1999 minabatur
665 1935 729 2020 ipsi
755 1944 870 2000 sancto
894 1935 968 2000 loco
992 1934 1177 2022 apostolico
1202 1935 1335 2020 suisque
1359 1934 1510 1998 omnibus
1535 1935 1706 2019 inlaturus,
1740 1938 1849 2003 itineri
1872 1948 1983 2003 tamen
2013 1939 2100 2005 illins

455 2048 530 2123 post
551 2048 683 2104 nostras
700 2059 814 2124 preces
830 2039 1065 2125 malignanter¹
1088 2037 1221 2103 obviare
1236 2036 1351 2102 voluit.
1381 2037 1535 2104 Summus
1550 2049 1654 2104 ver-0¹²
1676 2041 1824 2126 pontifex
1841 2064 1862 2104 a
1876 2042 1982 2106 Roma
1997 2065 2101 2128 usque

455 2141 496 2206 ad
519 2166 657 2227 regnum
678 2153 826 2209 nostrum
851 2145 974 2230 pariter
1007 2165 1083 2208 curn
1106 2144 1214 2207 missis
1249 2144 1370 2208 nostris
1394 2142 1585 2207 accelerans
1613 2165 1634 2206 a
1655 2143 1876 2210 filiis-nostris
1907 2155 1940 2210 et
1961 2168 1981 2209 a
2003 2145 2101 2210 nobis

456 2267 526 2311 cum
551 2248 638 2312 omni
654 2246 838 2313 humilitate
855 2270 913 2312 seu
926 2247 1098 2312 devotione
1115 2245 1329 2312 libentissime
1346 2256 1519 2332 susceptus
1535 2256 1595 2324 cst,
1613 2249 1669 2332 qui
1684 2257 1789 2312 totum
1804 2247 1956 2333 hyemale
1973 2258 2101 2335 tempus

407 2365 432 2412 to
453 2350 624 2415 nobiscum
647 2351 680 2415 in
703 2351 848 2415 Francia
871 2360 1018 2416 moratus
1043 2360 1103 2416 est.
1141 2351 1264 2416 Verum
1288 2349 1420 2436 quidem
1444 2349 1556 2415 divina
1578 2352 1710 2416 favente
1736 2354 1884 2438 potentia
1906 2374 1971 2417 non
1994 2354 2101 2427 vacui,

451 2451 500 2517 bis
523 2455 610 2519 enim
633 2453 762 2539 legatos
786 2477 884 2542 super
907 2457 977 2521 eius
1001 2456 1089 2521 facto
1113 2451 1416 2539 Lougobardorum
1440 2457 1509 2541 regi
1533 2455 1715 2520 direximus
1745 2455 1963 2542 deposcentes
1985 2478 2101 2543 paoem

452 2565 482 2620 et
505 2557 717 2622 securitatem
741 2559 979 2624 interventione
1002 2557 1173 2644 tutelaque
1196 2566 1391 2644 patronatus
1415 2561 1520 2624 nostri
1543 2560 1649 2625 eidem
1673 2558 1797 2644 [Petro]
1821 2561 1956 2648 eiusque
1978 2561 2101 2626 vicario

452 2671 548 2747 atque
564 2670 758 2728 cunctorum
770 2664 992 2729 Romanorum
1010 2665 1107 2748 cetui,
1124 2661 1212 2727 idem
1224 2685 1367 2750 namque
1384 2687 1445 2730 rex
1460 2663 1682 2749 multomagis
1700 2662 1862 2728 deteriora
1878 2663 2101 2750 promittebat.

451 2766 580 2832 Interea
602 2767 781 2851 misimus',
817 2766 906 2854 quod
929 2766 1118 2832 muneribus
1147 2765 1194 2831 illi
1227 2766 1420 2832 satisfacere
1448 2765 1667 2832 voluissemus
1690 2768 1724 2831 in
1754 2774 1891 2850 tantum,
1926 2776 1963 2832 ut
1985 2768 2102 2852 viginti

407 2883 433 2932 ao
454 2881 577 2957 septem
600 2869 704 2935 millia
737 2870 862 2936 solidos
886 2873 917 2936 in
943 2879 1079 2955 argento
1114 2878 1147 2935 et
1170 2871 1346 2937 duodecim
1369 2870 1473 2937 millia
1503 2873 1536 2935 in
1559 2894 1639 2937 auro
1673 2893 1733 2958 pro
1758 2873 1936 2937 securitate
1966 2880 2000 2936 et
2022 2892 2103 2957 pace

454 2975 630 3061 anticipata}
653 2973 738 3059 alme
761 2976 876 3060 matris
899 2984 1009 3059 nostre
1033 2974 1200 3059 ecclesiq'
1225 2977 1358 3062 suisque
1381 2976 1597 3060 pertinentiis,
1622 2997 1684 3060 quq
1708 2984 1808 3061 caput
1831 2984 1863 3040 et
1886 2977 1977 3060 origo
2001 2975 2102 3040 totius

454 3077 628 3162 christiane
650 3078 820 3164 religionis
844 3079 915 3144 fore
947 3100 1012 3144 non
1036 3077 1215 3164 ambigitur
1237 3088 1270 3144 et
1292 3077 1335 3144 ab
1366 3077 1519 3144 omnibus
1549 3079 1738 3143 christianis
1767 3075 1899 3164 penitus
1921 3078 2102 3164 profitetur,

455 3181 597 3267 recipere
613 3203 634 3244 a
657 3181 753 3246 nobis
770 3182 969 3268 dignaretur,
995 3183 1149 3268 quoniam
1164 3203 1375 3268 nequaquam
1398 3181 1468 3247 sine
1484 3190 1575 3247 certa
1598 3183 1774 3247 securitate
1789 3180 1928 3246 eundem
1953 3191 2103 3246 sanctum

454 3287 565 3368 virum,
589 3285 771 3351 beatissimi
788 3285 1013 3373 apostolorum
1029 3286 1186 3373 principis
1199 3287 1286 3351 Petri
1303 3286 1473 3369 vicarium,
1489 3308 1509 3350 a
1525 3284 1622 3351 nobis
1639 3285 1796 3370 egredere
1814 3282 1900 3369 [nec]
1916 3283 1983 3349 ullo
2002 3284 2101 3350 modo

411 3403 436 3452 ιι
456 3393 650 3456 contristare
674 3390 869 3474 voluimns¹,
892 3389 1005 3478 quody
1027 3400 1095 3455 tam
1119 3390 1228 3456 divino
1252 3389 1446 3455 inflammati
1471 3411 1582 3454 amore
1606 3411 1770 3476 quamque
1792 3387 1937 3453 bumana
1959 3389 2104 3454 amicitia

456 3494 657 3560 delectantes
681 3493 771 3581 [non]
799 3496 1072 3580 permitteremus.
1118 3494 1178 3560 Ille
1201 3503 1238 3559 ut
1266 3495 1359 3579 prius
1390 3492 1611 3559 intolerabilia
1640 3492 1729 3559 mala
1763 3493 1954 3580 permittens
1977 3491 2103 3556 nullum

456 3600 542 3683 pacis
567 3597 648 3663 dare
671 3597 776 3663 voluit
797 3620 1005 3685 responsum.
1044 3600 1134 3689 Inter
1156 3599 1237 3663 haec
1261 3599 1327 3664 iam
1350 3598 1439 3662 fatus
1464 3597 1614 3663 dominus
1643 3606 1676 3661 et
1697 3595 1950 3682 benignissimus
1973 3617 2061 3681 papa
2083 3617 2104 3659 a

457 3701 512 3767 deo
535 3724 613 3787 eger
635 3702 771 3768 effectus
794 3711 855 3776 est,
879 3711 917 3767 ut
938 3725 1021 3791 pene
1045 3723 1159 3767 omnes
1183 3701 1223 3766 de
1245 3703 1315 3766 vita
1337 3701 1426 3767 illius
1449 3700 1594 3767 carnali¹
1617 3700 1847 3766 diffideremus.
1872 3699 1939 3765 Sed
1962 3721 2106 3785 superna

455 3804 610 3891 largiente
640 3808 758 3891 gratia,
794 3806 872 3871 dum
896 3828 1009 3872 omnes
1040 3805 1205 3892 desperati
1229 3828 1311 3892 pene
1341 3815 1535 3879 astruemus,
1570 3806 1638 3870 ictu
1662 3803 1746 3870 oculi
1776 3805 1946 3889 potissime
1969 3805 2105 3868 nimium

415 3919 440 3970 tt
457 3909 642 3974 convaluit*
657 3910 808 3997 cepitque
825 3932 885 3976 nos
901 3910 988 3975 illico
1006 3931 1154 3993 exorare,
1178 3911 1264 3974 utin
1282 3911 1412 3975 nomine
1429 3910 1551 3976 domini
1567 3933 1626 3996 per
1638 3910 1906 3974 intercessionem
1920 3907 2105 3973 beatissimi

457 4013 538 4080 Petri
554 4014 727 4081 audaciter
742 4024 857 4081 contra
873 4005 1066 4100 Aystulfum
1081 4012 1445 4098 Langobardorumque
1461 4020 1591 4098 gentem
1608 4014 1852 4098 insurgeremus
1876 4012 1917 4078 ob
1934 4013 2105 4076 tuitionem

459 4127 565 4204 sancte
588 4118 736 4205 Romane
760 4119 898 4205 ecclesie
922 4140 1119 4204 suorumque
1142 4119 1297 4182 omnium.
1321 4118 1384 4182 His
1400 4128 1434 4182 et
1455 4119 1575 4202 ceteris
1598 4120 1741 4183 exortati
1763 4118 1982 4203 precepimus,
2004 4124 2041 4180 ut
2063 4137 2106 4179 ex

458 4224 561 4308 regnis
596 4222 693 4288 nohis
716 4245 737 4287 a
757 4223 899 4288 'domino
935 4223 1074 4289 subditis
1110 4224 1246 4288 comites
1280 4222 1401 4288 tribuni
1434 4231 1466 4286 et
1495 4222 1596 4289 duces
1619 4231 1652 4287 et
1677 4221 1841 4307 grafiones
1871 4229 1947 4308 post
1969 4229 2105 4285 octavas

460 4326 575 4410 pasche
597 4335 711 4412 nostre
735 4325 891 4392 adessent
914 4329 1089 4413 presentie,
1117 4349 1191 4392 cum
1216 4325 1334 4413 quibus
1358 4326 1398 4392 de
1421 4326 1544 4392 talibus
1567 4326 1649 4390 inire
1672 4323 1900 4390 debuissemus
1923 4323 2104 4388 consilium.

417 4438 442 4489 tt
459 4427 603 4516 Cumque
626 4431 751 4495 iussum
773 4441 924 4496 nostrum
948 4431 1066 4496 fuisset
1088 4430 1256 4518 impletum
1282 4441 1314 4496 et
1337 4453 1451 4496 omnes
1474 4430 1589 4496 eadem
1613 4428 1665 4494 die
1687 4450 1802 4493 coram
1829 4426 1925 4493 nobis
1949 4433 2105 4503 astarent,

460 4537 629 4600 statuimus
651 4556 727 4601 cum
750 4555 917 4601 consensu
940 4543 973 4600 et
996 4535 1140 4600 clamore
1164 4536 1318 4619 omnium,
1353 4545 1391 4600 ut
1413 4537 1511 4600 tertio
1544 4532 1706 4598 kalendas
1740 4533 1900 4595 maiarum
1929 4531 1963 4594 in
1985 4527 2106 4593 Christi

459 4640 584 4704 nomine
606 4637 770 4704 hostiliter
792 4636 1062 4725 Longobardiam
1097 4638 1286 4726 adissemus
1307 4638 1369 4705 sub
1393 4653 1444 4704 hoc
1478 4640 1599 4725 quippe
1621 4637 1768 4718 pactionis
1795 4635 1915 4719 federe,
1948 4663 1996 4713 per
2019 4631 2106 4718 quod

460 4744 647 4828 pollicemur
662 4754 695 4810 et
718 4742 900 4824 spondemusl‘
923 4761 971 4809 ribi
988 4745 1164 4810 beatissimo
1181 4761 1261 4810 Petro
1284 4760 1419 4826 clavigero
1435 4759 1510 4826 regni
1532 4743 1653 4823 celestis
1670 4749 1704 4805 et
1725 4738 1864 4824 principi
1881 4735 2106 4822 apostolorum

460 4867 482 4912 et
501 4857 566 4929 pere
589 4869 615 4913 te
645 4847 721 4913 huie
744 4848 832 4913 almo
857 4864 958 4914 vicario
981 4869 1027 4914 tuo
1046 4847 1182 4914 stefano
1207 4851 1405 4936 egregioque
1440 4879 1509 4930 papq
1532 4867 1700 4932 summoque
1722 4858 1841 4925 pontifici
1870 4858 1981 4922 eiusque
2003 4869 2106 4905 succes·

418 4958 443 5007 to
460 4949 581 5018 ιοιιιιιιε(1
605 4983 690 5033 usque
706 4969 733 5017 in
749 4967 827 5018 finem
850 4967 933 5018 seculi
950 4973 1009 5038 per
1031 4975 1228 5018 consensum
1244 4964 1277 5018 et
1291 4953 1497 5019 voluntatem
1513 4950 1658 5016 omnium
1675 4948 1926 5034 episcoporum⁶
1948 4943 2107 5009 abbatum

459 5054 572 5120 ducum
595 5056 749 5120 comitum
765 5055 1004 5138 Franchorum,
1029 5056 1128 5141 quod,
1154 5059 1181 5121 si
1199 5057 1352 5123 dominus
1377 5055 1460 5122 deus
1483 5064 1596 5120 noster
1618 5074 1677 5139 pro
1701 5054 1770 5117 suis
1793 5052 1917 5116 meritis
1940 5049 2108 5134 sacrisque

458 5158 606 5243 precibus
628 5161 772 5224 victores
795 5183 855 5225 nos
878 5161 910 5224 in
934 5168 1032 5246 gente
1055 5169 1088 5224 et
1110 5183 1211 5246 regno
1228 5159 1529 5246 Langobardorum
1553 5181 1626 5225 esse
1648 5156 1867 5238 constituerit,
1892 5175 2007 5219 omnes
2030 5155 2106 5217 civi·

457 5271 537 5328 tates
560 5272 660 5349 atquo
684 5261 848 5329 ducatus‘
876 5287 932 5328 seu
956 5274 1068 5329 castra
1092 5265 1204 5349 sicque
1227 5263 1360 5328 insimul
1384 5285 1460 5328 cnm
1476 5263 1659 5328 exarchatu
1681 5262 1911 5326 Ravennatum
1926 5278 2053 5322 necnon
2075 5265 2109 5321 et

459 5368 572 5440 omnia,
597 5389 682 5452 quae
697 5365 824 5452 pridem
849 5376 902 5452 tuq
925 5388 985 5453 per
999 5367 1234 5454 imperatorum
1257 5366 1466 5451 largitionem
1492 5365 1718 5432 subsistebant
1740 5365 1868 5447 ditioni,
1892 5363 1981 5449 quod
2004 5363 2109 5448 speci·

417 5478 440 5528 u
457 5469 548 5536 aliter
570 5470 705 5535 inferius
721 5493 780 5556 per
795 5469 971 5536 adnotatos
988 5470 1072 5536 fines
1097 5471 1195 5536 fuerit
1212 5470 1427 5553 declaratum,
1453 5472 1562 5534 omnia
1585 5491 1648 5555 que
1672 5468 1759 5534 infra
1779 5470 1870 5554 ipsos
1885 5467 1966 5532 fines
1990 5466 2110 5531 fuerint

546 5625 982 5694 to,i)eonoasseuauoren213
1096 5628 1126 5692 k)
1143 5630 1238 5679 amicis
1256 5625 1284 5679 Β
1387 5627 1408 5692 l)
1426 5625 1577 5694 preferebat
1595 5623 1621 5676 Β
1736 5622 1774 5691 m)
1796 5637 1868 5676 corr.
1887 5635 1942 5674 aus
1960 5621 2064 5686 legatos
2082 5619 2110 5673 Β

711 5694 903 5763 n)uterqueB
1007 5697 1032 5762 o)
1045 5697 1211 5762 apostolatui
1224 5696 1366 5764 epistolam
1385 5695 1412 5749 Β
1509 5696 1538 5761 p)
1550 5696 1704 5745 insinuatur
1716 5698 1856 5760 preceptae
1873 5689 1901 5744 Β
1997 5689 2109 5756 matach

607 5765 681 5815 Petri
699 5766 770 5816 inter
786 5763 884 5834 petilpt
902 5763 929 5818 Β
1033 5765 1056 5829 r)
1074 5766 1116 5816 illi
1130 5765 1156 5818 B
1261 5761 1576 5833 s)LougabardorumB
1679 5762 1701 5826 t)
1719 5759 1907 5838 malignantB
2011 5759 2040 5824 u)
2058 5761 2110 5810 viri

608 5849 726 5885 summus
739 5831 766 5886 Β
869 5836 897 5891 vl
914 5831 1050 5888 nielleicht
1068 5833 1199 5889 vcrderbt
1217 5850 1271 5888 aas
1290 5838 1316 5886 ei
1333 5836 1520 5887 mandavimus
1538 5831 1606 5885 oder
1624 5845 1652 5884 es
1664 5829 1735 5896 fehlt
1753 5831 1799 5884 eiu
1815 5829 1909 5896 Obrect
2013 5829 2049 5895 ιι)
2066 5843 2110 5879 sc·

607 5903 691 5954 alesia
708 5901 736 5955 Β
847 5903 874 5971 ιι)
892 5903 1112 5971 cognovimusB
1233 5908 1262 5971 y)
1280 5907 1327 5971 qui
1345 5903 1373 5958 Β
1495 5903 1521 5968 a)
1538 5901 1683 5954 carnaliter
1699 5898 1727 5952 Β
1842 5899 1869 5966 ιι)
1886 5899 2031 5949 convenire
2048 5913 2110 5950 eon·

607 5971 694 6024 valuit
710 5970 769 6107 gd
821 5972 1026 6095 thpqpondimus
1039 5972 1066 6027 Β
1154 5972 1238 6042 c)pro
1257 5972 1285 6027 Β
1375 5973 1539 6041 d)prqcibus
1558 5969 1756 6024 successoribus
1773 5967 1801 6022 Β
1888 5969 1913 6035 e)
1927 5965 2111 6034 imperatorB

770 6057 820 6094 noa
896 6081 902 6094 .

508 6144 744 6198 Kaiserurlsuuden
766 6145 788 6196 L
1909 6142 1925 6189 8
