5642 7159
742 736 783 801 76
1345 740 1791 801 KAIBEBURKUNDEN.

742 926 809 992 tale
832 926 1029 993 beneficium
1053 927 1097 993 ad
1120 930 1228 1013 ipsam
1262 948 1374 992 casam
1404 928 1458 993 dei
1484 936 1732 1011 concesserunt,
1762 928 1852 992 utin
1875 923 1995 991 villas¹¹
2024 947 2138 991 eorum
2167 925 2179 1009 [
2186 973 2390 991 ..........

748 1078 951 1096 ..........
959 1028 986 1113 ]¹
1007 1023 1170 1117 integram
1193 1028 1431 1096 emunitatem*l
1453 1033 1524 1096 eius
1540 1032 1657 1096 merito
1681 1029 1890 1116 compellenti
1905 1030 2087 1095 secundum
2110 1051 2222 1095 eorum
2238 1050 2396 1115 praecep-

742 1136 861 1220 tiones,
885 1134 974 1221 quod
989 1145 1216 1201 antecessores
1232 1138 1336 1201 nostri
1361 1135 1402 1201 de
1418 1133 1527 1221 parte¹
1548 1136 1621 1200 fisci
1637 1134 1741 1200 nostri
1765 1134 1808 1199 ad
1824 1136 1931 1219 ipsam
1953 1155 2066 1199 casam
2083 1132 2136 1199 dei
2151 1142 2397 1217 concesserunt,

744 1238 843 1325 plena
866 1249 899 1304 et
921 1238 1063 1325 integ[ra
1085 1237 1207 1326 gratila
1228 1262 1287 1325 pro
1310 1239 1484 1325 merced[is
1507 1249 1641 1305 nostrae
1663 1237 1852 1324 augmen]to
1868 1238 1921 1304 vel
1943 1261 2003 1324 pro
2026 1239 2097 1305 eius
2120 1238 2228 1325 quiete
2251 1248 2310 1303 aut
2327 1259 2398 1303 suc-

746 1366 914 1411 cessorum
938 1366 1071 1410 suorum
1106 1344 1168 1409 visi
1192 1366 1306 1410 sumus
1340 1345 1554 1411 concessisse.
1593 1344 1805 1431 Quapropter
1838 1365 1897 1430 per
1918 1342 1982 1407 hoc
2004 1352 2219 1429 praeceptum
2246 1351 2436 1407 nostrumo

745 1445 933 1533 specia[lius
968 1447 1184 1531 decr]evimus
1217 1448 1451 1526 ordinandum,
1488 1448 1577 1537 quod
1611 1448 1667 1534 [in]
1703 1457 1897 1535 perpetuum
1935 1446 2097 1531 [volumus
2130 1447 2398 1534 perm]ansurum

745 1575 828 1637 esse,
864 1562 900 1617 ut
922 1574 1028 1639 neque
1050 1575 1111 1618 vos
1135 1576 1241 1637 neque
1264 1552 1419 1638 [iuniores
1449 1553 1738 1639 successor]esque
1764 1553 1865 1617 vestri
1888 1573 1948 1617 nec
1977 1550 2132 1638 quislibet
2159 1551 2200 1617 de
2221 1551 2398 1617 iudiciaria

746 1665 911 1743 potestate
945 1658 1116 1722 accinctus
1138 1659 1172 1722 in
1196 1658 1297 1722 curtis
1319 1657 1373 1721 vel
1401 1657 1489 1722 villis
1517 1658 1622 1742 ipsius
1645 1656 1833 1722 monasterii
1862 1665 1920 1721 aut
1942 1654 2113 1722 aecclesiis
2146 1656 2294 1741 ipsorum
2317 1654 2398 1720 illuc

747 1759 988 1845 aspicientibus
1012 1759 1068 1844 [in]
1095 1760 1297 1847 quibuslibet
1319 1762 1416 1846 pagis
1446 1768 1545 1848 atque
1568 1761 1752 1844 territuriis,
1787 1771 1855 1827 tam
1885 1759 1997 1847 q[no]d
2024 1760 2217 1847 p[rae]senti
2249 1771 2399 1849 tempore

748 1864 920 1951 possidere
943 1862 1098 1929 videatur
1119 1862 1173 1929 vel
1196 1863 1373 1949 dominare,
1398 1888 1496 1951 quam
1521 1866 1610 1951 quod
1632 1864 1741 1931 adhuc
1763 1887 1807 1931 ex
1830 1887 1964 1930 munere
1986 1887 2101 1951 regum
2129 1874 2187 1930 aut
2208 1866 2397 1951 reginarum
2423 1883 2454 1931 ιο

748 1990 807 2033 seu
829 1991 888 2054 per
910 1966 1031 2032 collata
1053 1968 1166 2055 populi
1182 1968 1235 2033 vel
1259 1968 1299 2035 de
1314 1979 1509 2056 comparatu
1532 1980 1589 2035 aut
1605 1970 1646 2035 de
1669 1968 1817 2055 qualibet
1831 1978 1959 2034 rectum
1983 1978 2160 2034 attractum
2183 1979 2398 2054 augmentare

747 2071 801 2138 vel
823 2071 996 2138 meliorare
1028 2094 1085 2137 seu
1109 2080 1142 2137 et
1175 2072 1340 2139 attrahere
1363 2076 1494 2161 poterit,
1528 2074 1572 2139 ad
1595 2095 1716 2140 causas
1750 2072 1951 2139 audiendum
1973 2094 2034 2138 nec
2057 2073 2152 2139 freda
2175 2073 2398 2140 exactandum

747 2198 809 2243 nec
824 2174 1036 2242 fideiussores
1051 2175 1232 2241 tollendum
1249 2198 1309 2242 neo
1324 2180 1542 2244 mansionesm
1557 2189 1615 2244 aut
1630 2185 1766 2264 paratas
1781 2176 1968 2242 faciendum
1980 2198 2041 2242 nec
2057 2175 2227 2242 homines¹¹
2246 2176 2397 2260 <distrin-

748 2279 891 2367 gendum
913 2301 975 2346 nec
998 2280 1228 2346 ministeriales
1253 2303 1330 2347 suos
1353 2278 1480 2367 licitus)
1507 2292 1567 2347 aut
1590 2283 1770 2347 servientes
1792 2281 1845 2347 vel
1868 2281 2048 2347 accolonos
2071 2281 2176 2367 ipsius
2203 2283 2397 2347 monasterii

749 2384 1010 2469 distringendum
1032 2406 1093 2450 nec
1117 2383 1203 2449 ullas
1226 2385 1440 2452 redibitiones
1462 2386 1615 2473 publicas
1638 2386 1870 2473 requirendum
1892 2407 1954 2452 nec
1977 2385 2208 2468 exactandum,
2242 2385 2333 2471 quod
2356 2386 2400 2451 ad
2423 2403 2454 2449 ιι

748 2492 863 2556 liscum
879 2499 1027 2555 nostrum
1048 2488 1123 2574 <aut
1139 2490 1182 2555 ad
1198 2488 1356 2574 comites>
1375 2490 1495 2556 exinde
1510 2490 1680 2574 redibitur,
1705 2492 1837 2577 penitus
1853 2488 2044 2575 ingredere⁰
2059 2487 2235 2555 iudiciaria
2248 2499 2399 2576 potestas

748 2616 810 2660 nec
832 2594 923 2659 missi
947 2595 1053 2659 nostri
1076 2593 1298 2660 discurrentes
1321 2616 1387 2659 non
1409 2604 1633 2681 praesumant,
1656 2595 1720 2659 nisi
1743 2616 1858 2660 omnes
1875 2591 1972 2658 villas
1995 2614 2108 2657 eorum
2131 2591 2191 2659 sub
2208 2592 2400 2658 emunitatis

749 2700 881 2764 nomine
903 2719 979 2764 cum
1003 2718 1116 2763 omnes
1139 2698 1251 2763 fredus
1274 2718 1453 2764 concessus
1476 2708 1535 2763 aut
1556 2698 1707 2785 publicas
1729 2697 1942 2764 redibitiones
1965 2718 2155 2771 concessas,
2180 2697 2292 2762 omnia
2314 2698 2401 2762 sicut

750 2804 900 2888 superius
924 2801 1195 2887 comprehensum
1219 2812 1280 2887 est,
1316 2812 1384 2868 tam
1408 2804 1481 2889 ipse
1504 2801 1609 2867 abbas
1632 2801 1829 2868 Gundaldus
1853 2823 1952 2888 quam
1976 2823 2184 2867 successores
2207 2802 2258 2865 sui
2280 2801 2345 2866 boc
2366 2803 2401 2866 in

750 2906 802 2971 dei
824 2906 956 2971 nomine
980 2906 1068 2970 omni
1091 2914 1238 2991 tempore
1261 2905 1394 2971 valeant
1417 2905 1590 2992 possidere
1612 2916 1712 2992 atque
1735 2906 1916 2971 dominare.
1961 2904 2061 2987 Quod
2082 2927 2143 2971 nos
2170 2904 2214 2969 ad
2236 2906 2311 2992 ipsa
2332 2926 2399 2971 mo·
2423 2924 2455 2971 20

749 3011 894 3076 nasteria
916 3019 974 3075 aut
1001 3010 1180 3084 monachis,
1216 3012 1272 3096 qui
1295 3009 1416 3075 ibidem
1447 3019 1524 3075 sunt
1545 3019 1604 3075 aut
1631 3011 1852 3097 praefuerunt,
1889 3030 1948 3096 pro
1976 3008 2137 3074 mercedis
2165 3018 2298 3074 nostrae
2321 3031 2401 3095 aug·

750 3123 860 3179 mento
883 3112 993 3179 taliter
1015 3116 1248 3197 concessimus,
1272 3124 1308 3180 ut
1331 3113 1422 3179 nulla
1443 3114 1621 3199 refragatio
1646 3114 1687 3179 de
1708 3113 1782 3197 hoc,
1807 3113 1896 3200 quod
1918 3115 2069 3200 superius
2093 3113 2288 3196 continetur,
2312 3114 2402 3201 qnod

750 3217 792 3284 ab
816 3226 932 3283 nostra
960 3216 1135 3283 clementia
1162 3219 1286 3285 eisdem
1321 3219 1384 3284 fuit
1406 3238 1613 3301 concessum,
1648 3240 1707 3282 nec
1731 3218 1855 3283 nostris
1889 3238 1950 3282 nec
1972 3217 2092 3282 futuris
2122 3218 2327 3302 temporibus
2350 3219 2402 3286 vel

750 3322 817 3386 ullo
841 3343 972 3409 quoque
1000 3332 1149 3408 tempore
1171 3332 1208 3387 ut
1236 3322 1299 3388 boc
1321 3346 1387 3388 non
1415 3323 1484 3405 fiat,
1518 3323 1581 3387 nisi
1605 3321 1693 3409 quod
1715 3331 1794 3407 perp
1817 3321 1879 3388 hoc
1911 3330 2025 3387 nostro
2057 3330 2213 3406 precepto
2236 3321 2299 3388 fuit
2325 3343 2402 3389 con-

750 3448 890 3500 cessum,
914 3427 1150 3513 perpetualiter
1164 3434 1299 3491 maneat
1313 3425 1478 3492 illibatum
1494 3434 1594 3511 atque
1609 3423 1849 3490 inconvulsum.
1873 3426 1918 3491 Et
1933 3435 1970 3491 ut
1993 3426 2075 3491 haec
2091 3426 2272 3492 auctoritas
2291 3438 2407 3493 nostra
2428 3443 2462 3494 so

751 3530 876 3597 firmior
897 3530 1058 3596 habeatur
1076 3528 1131 3615 [et]
1154 3531 1189 3595 in
1214 3529 1366 3595 omnibus
1383 3553 1442 3616 per
1456 3539 1607 3617 tempora
1628 3528 1745 3596 melius
1768 3539 1992 3613 conservetur,
2016 3551 2134 3595 manns
2148 3540 2304 3596 nostraeq
2327 3531 2404 3598 snb·

751 3634 984 3721 scriptionibus
1008 3633 1121 3699 subter
1144 3635 1346 3717 signavimus
1370 3642 1403 3699 et
1426 3633 1467 3699 de
1490 3633 1589 3699 anulo
1612 3643 1725 3699 nostro
1751 3633 1863 3699 subter
1885 3634 2109 3719 sigillavimus.

847 3823 887 3877 il.
907 3824 936 3888 h)
953 3825 988 3875 de
1004 3824 1078 3875 villis
1097 3824 1125 3875 A
1228 3825 1249 3889 i)
1267 3821 1357 3876 durch
1374 3821 1610 3893 Uabsrurbat'tsmp
1627 3822 1689 3876 aad
1701 3823 1841 3894 Ksirrurtp
1859 3821 1909 3876 der
1923 3822 2041 3892 Vorloqe
2053 3822 2114 3876 hier
2132 3822 2193 3877 eine
2205 3822 2406 3879 iteraremus

906 3891 1016 3961 Latrim
1033 3892 1208 3958 formelrscbt
1226 3893 1267 3959 (so
1286 3890 1317 3943 iu
1335 3902 1368 3945 u⁰
1381 3894 1418 3946 21
1437 3892 1489 3971 opt.
1506 3903 1540 3944 ao
1554 3894 1580 3958 5,
1599 3893 1644 3959 17)
1661 3891 1811 3946 subticeam
1829 3890 1889 3946 siclt
1907 3908 1946 3945 art
1966 3892 2012 3945 ds'e
2034 3890 2130 3946 Worts
2147 3898 2178 3944 ut
2195 3894 2224 3943 in
2242 3894 2324 3945 villas
2342 3895 2405 3949 cirta

907 3961 1021 4015 listram
1039 3960 1331 4026 Imausms'tcitsformel,
1359 3961 1404 4015 die
1423 3960 1503 4014 Bettc
1523 3978 1571 4014 um
1595 3958 1791 4031 Bestdts'partq,
1820 3961 1866 4014 die
1891 3961 2069 4031 Gewdbrmtp
2092 3961 2142 4014 der
2159 3960 2238 4014 Bitte
2261 3978 2316 4029 om
2345 3968 2404 4017 erat
2425 3965 2458 4013 30

906 4031 939 4084 iu
957 4029 1048 4084 dieser
1067 4030 1179 4085 Formsl
1197 4035 1266 4084 astet
1283 4030 1385 4085 wieder
1404 4030 1454 4083 der
1474 4030 1544 4084 Text
1566 4030 1619 4083 mit
1635 4034 1741 4097 integre
1758 4033 1901 4083 emunitati
1918 4031 1973 4097 οιίι,
1999 4045 2053 4084 cort
2071 4030 2131 4083 bier
2148 4046 2188 4083 ua
2205 4031 2257 4084 mit
2274 4030 2405 4100 pleicbsas

912 4100 1054 4155 Wortlcut
1081 4100 1133 4154 wie
1160 4100 1206 4154 die
1227 4098 1292 4153 Urlt.
1312 4099 1402 4153 Karta
1428 4098 1454 4153 d.
1475 4098 1526 4153 Gr.
1552 4100 1604 4166 fuir
1621 4099 1730 4154 Loracb
1755 4110 1789 4152 av
1803 4102 1841 4154 67
1941 4100 1971 4168 k)
1989 4103 2093 4167 integre
2112 4102 2254 4152 emunitati
2272 4102 2300 4153 A

907 4169 927 4234 l)
944 4176 1020 4237 pasto
1037 4169 1065 4224 A
1169 4171 1205 4236 m)
1223 4173 1406 4221 mancionatas
1424 4167 1452 4221 A
1539 4168 1792 4237 n)forme19emdss
1810 4170 1932 4221 homines
1955 4186 2018 4221 suos
2036 4173 2168 4237 ingenuos
2186 4176 2234 4221 ant
2252 4173 2403 4224 servientes

907 4241 933 4304 o)
951 4240 1076 4305 egredere
1093 4238 1121 4293 A
1225 4239 1253 4306 p)
1271 4255 1318 4306 pro
1337 4239 1364 4291 A
1469 4239 1496 4305 q)
1514 4254 1595 4289 manu
1613 4246 1705 4290 nostre
1723 4239 1750 4291 A
