5642 7159
1062 739 1183 798 Knltt
1206 738 1294 797 DER
1316 738 1487 797 GROSSE
1510 736 1582 801 807.
2081 741 2145 806 275

494 932 664 1005 venerunt,
688 923 836 1008 inspecto
851 921 998 987 iudicato
1013 924 1184 988 memorati
1201 922 1334 1008 Hngoni
1351 924 1482 988 comitis
1499 924 1605 990 [idelis
1623 929 1727 991 nostri
1751 928 1969 1014 manibusque
1985 930 2144 996 bonorum

495 1026 662 1092 hominum
677 1025 879 1105 roboratum,
903 1027 990 1091 sicut
1004 1026 1086 1092 inibi
1103 1027 1300 1112 declaratur,
1325 1028 1468 1114 qualiter
1482 1051 1558 1094 cum
1581 1032 1711 1097 iusticia
1726 1042 1759 1098 et
1781 1037 1927 1120 equitate
1950 1036 1994 1102 ad
2016 1046 2143 1122 partem

495 1140 640 1196 nostram
657 1129 823 1195 vindicate
840 1130 1051 1211 devenerunt,
1075 1154 1133 1218 per
1148 1131 1234 1197 hano
1249 1143 1396 1197 nostram
1420 1136 1651 1201 anctoritatem
1666 1145 1801 1202 teneant
1823 1147 1923 1224 atque
1939 1139 2143 1225 possideant,

494 1237 542 1299 ita
564 1244 601 1299 ut
622 1235 657 1299 in
678 1233 895 1299 luminaribus
918 1235 1024 1319 ipsius
1049 1244 1162 1320 sancte
1186 1235 1239 1300 dei
1262 1236 1401 1321 ecclesie
1418 1260 1476 1302 seu
1499 1238 1665 1324 stipendia
1687 1260 1856 1306 servorum
1874 1241 1926 1306 dei
1951 1263 2011 1327 pro
2035 1244 2142 1328 anime

456 1357 472 1403 5
495 1347 606 1424 nostre
628 1337 808 1404 remedium
836 1337 958 1404 nostris
982 1338 1164 1424 futurisque
1193 1339 1396 1425 temporibus
1420 1341 1654 1428 perpetualiter
1681 1345 1858 1429 proficiant
1885 1347 1919 1410 in
1946 1346 2142 1430 augmentis.

495 1443 540 1508 Et
567 1451 603 1507 ut
630 1442 691 1527 hec
719 1444 902 1508 auctoritas
931 1443 1057 1509 firmior
1084 1442 1248 1508 habeatnr
1280 1454 1313 1510 et
1343 1444 1506 1510 diuturnis
1534 1447 1738 1533 temporibus
1773 1449 1890 1514 melius
1921 1459 2143 1534 conservetur,

495 1568 595 1612 mann
617 1547 751 1633 propria
773 1547 977 1612 firmavimus
1000 1557 1033 1613 et
1055 1547 1096 1613 de
1119 1548 1218 1614 anulo
1242 1558 1357 1615 nostro
1382 1550 1494 1616 subter
1519 1550 1665 1635 sigillare
1688 1554 1854 1620 iussimus.
2119 1559 2120 1564 ’

598 1684 736 1771 Signum
760 1691 845 1764 (lt.)⁰
866 1684 977 1752 Caroli
1002 1688 1201 1753 serenissimi
1225 1689 1441 1773 imperatoris.

597 1823 812 1890 Amalbertus
835 1825 984 1892 advicem
1008 1826 1234 1892 Erobanbaldi
1259 1828 1386 1914 scripsi.

441 1981 473 2029 ιο
599 1964 690 2030 Data
711 1983 766 2028 1111
788 1964 856 2030 kal.
872 1966 977 2032 maias
1000 1989 1087 2032 anno
1104 1985 1151 2030 vn
1168 1965 1300 2032 Christo
1324 1968 1467 2055 propitio
1491 1969 1619 2055 imperii
1643 1971 1747 2035 nostri
1770 1979 1870 2055 atque
1889 1993 1975 2036 anno
1992 1989 2144 2036 xxxviiii

493 2069 587 2154 regni
609 2071 713 2135 nostri
736 2071 770 2134 in
791 2071 930 2135 Frentia
951 2079 985 2135 et
1000 2088 1129 2134 xxxlffl
1151 2071 1185 2135 in
1207 2071 1317 2154 Italia,
1341 2072 1520 2139 indictione
1537 2090 1601 2156 xv3
1625 2083 1736 2139 actum
1753 2073 1857 2160 Aquis
1881 2074 2006 2160 palatio
2030 2085 2143 2141 nostro

494 2171 644 2258 publioo;
669 2174 703 2238 in
725 2172 778 2239 dei
803 2177 934 2240 nomine
956 2173 1098 2240 feliciter
1120 2197 1226 2240 amen.

1276 2521 1363 2596 206.

494 2679 589 2750 Karl
615 2681 679 2750 der
710 2677 838 2753 Grosse
865 2679 1025 2771 beloup
1059 2683 1158 2751 eiuro
1188 2680 1464 2774 Tauscltoertrap
1491 2683 1657 2756 zwisalten
1683 2663 1762 2754 dem
1789 2682 1942 2770 Bisaltas
1962 2681 2147 2774 Aptlwurd

442 2819 473 2869 ro
494 2823 560 2871 soa
596 2799 840 2891 thrzburp
866 2802 941 2873 aad
967 2803 1045 2872 dens
1078 2800 1216 2889 Grufeo
1243 2800 1395 2891 Audulf.

1658 2906 1818 2981 Inqcltetm
1841 2910 1906 2968 807
1929 2909 2048 2982 August
2071 2911 2101 2969 7.

600 3095 738 3171 Oripiml
758 3099 801 3154 im
822 3097 1032 3156 Retctsarctte
1052 3116 1093 3156 au
1115 3096 1268 3157 Mencken
1290 3095 1355 3176 (A).

596 3235 728 3295 melan
749 3235 1064 3306 arausicorum,
1096 3239 1160 3297 863
1185 3242 1255 3295 n⁰1
1281 3253 1338 3296 aus
1361 3236 1389 3292 A
1419 3257 1459 3288 2:
1488 3236 1650 3295 Heumann
1673 3233 1783 3295 Oomm.
1808 3234 1843 3294 de
1864 3251 1897 3293 re
1919 3235 1992 3309 dipl.
2016 3237 2145 3309 tmpera-

594 3344 694 3398 torum
709 3344 738 3410 1,
763 3343 826 3400 423
841 3345 875 3398 a⁰
890 3342 920 3402 6.
943 3371 985 3386 -
1007 3340 1092 3399 Mon.
1110 3340 1204 3400 Boice
1218 3341 1287 3413 28⁰,
1312 3343 1381 3401 501⁰
1394 3343 1416 3398 3
1431 3357 1487 3399 aas
1502 3339 1541 3400 A.
1566 3371 1608 3385 -·
1631 3339 1833 3412 Wirtemberp.
1856 3339 1920 3399 ΠΒ.
1939 3343 1966 3410 1,
1992 3342 2032 3400 66
2054 3345 2089 3397 a⁰
2104 3341 2146 3399 62

596 3462 653 3504 aas
676 3442 715 3502 Α.
738 3476 781 3488 -
804 3444 892 3503 Foco.
916 3443 968 3503 der
989 3444 1182 3518 Recopaitioa
1204 3445 1293 3518 Kopp
1317 3443 1530 3517 Schrifttafela
1546 3447 1599 3513 23,
1624 3443 1828 3518 Stepetatts'ld.
1852 3443 1940 3516 Kopp
1963 3443 1982 3504 l.
1999 3460 2022 3503 c.
2038 3447 2080 3504 24
2103 3443 2143 3514 D,

598 3549 721 3620 Heffnsr
743 3548 802 3607 Dte
824 3549 982 3608 deutschen
1002 3548 1204 3623 Kaiseraiepcl
1224 3554 1259 3607 u⁰
1272 3554 1302 3609 1.
1327 3581 1368 3592 -
1391 3548 1585 3607 Malibaclter
1606 3549 1679 3622 Rep.
1697 3551 1759 3609 429
1784 3546 1885 3627 (421).

600 3687 688 3746 Gaas
715 3704 772 3745 oon
794 3687 937 3746 Aldrtcus
963 3688 1159 3762 pesctrteben,
1193 3688 1389 3760 Reoopnttiou
1411 3687 1475 3746 aad
1497 3685 1652 3760 Datirunp
1680 3689 1735 3746 mit
1762 3691 1851 3746 etwas
1879 3687 2023 3747 tuerere
2047 3685 2142 3757 litate,

597 3791 645 3849 die
668 3789 784 3863 schrift
806 3792 859 3850 wie
882 3793 927 3851 tei
949 3793 1081 3851 uadem
1112 3793 1314 3866 Wureturyer
1341 3792 1505 3853 Urlrundea
1527 3809 1583 3850 von
1605 3794 1740 3864 spureo
1761 3791 1855 3850 Hand
1883 3789 2036 3863 mchrfaclt
2058 3793 2143 3851 itter-

598 3893 707 3968 futren
730 3895 794 3954 aad
816 3896 865 3954 die
886 3896 896 3954 i
919 3898 974 3954 mit
996 3896 1137 3956 Punlrtea
1159 3897 1314 3970 versatam
1353 3895 1546 3956 Oorrecmca
1568 3913 1624 3954 oon
1649 3895 1867 3970 gleichses'ts‘per
1888 3896 1991 3969 Hand,
2025 3895 2088 3955 abo
2110 3897 2144 3953 ia

596 3999 650 4058 der
664 3999 794 4058 Kaualet'
805 4000 949 4072 gemacht,
972 4017 1015 4058 aa
1029 4000 1083 4059 der
1097 4000 1333 4060 Indictioneaulrl
1355 4000 1422 4073 (apl.
1440 3999 1538 4062 Statu
1553 4000 1624 4073 Rea.
1640 4001 1706 4060 293
1728 3999 1763 4058 K
1773 3998 1850 4076 210)
1872 4000 1957 4060 aeine
1974 3998 2141 4060 correctae.

595 4102 674 4162 Eine
701 4103 857 4162 ttettuetse
883 4102 1083 4162 abucicmde
1105 4102 1228 4177 Lesura
1250 4103 1427 4163 tironiaclter
1447 4103 1546 4164 Noton
1573 4102 1773 4177 (Hildeboldus
1795 4103 1950 4180 sigillavit)
1978 4105 2022 4162 bei
2045 4101 2143 4164 siuet

602 4206 665 4267 UD.
689 4210 763 4267 343.
793 4207 884 4267 Ucber
905 4207 960 4272 dos
982 4207 1077 4281 siuet
1098 4208 1137 4268 it.
1161 4209 1235 4268 351.
1262 4239 1300 4251 -
1323 4207 1489 4267 Formulor
1511 4229 1551 4262 =
1574 4212 1609 4265 n⁰
1624 4210 1674 4278 79,
1698 4209 1772 4277 136,
1796 4209 1869 4269 161.

596 4397 654 4472 (0.)
676 4393 690 4474 ξ
712 4394 750 4459 ln
773 4393 905 4459 nomine
927 4394 1030 4480 patris
1054 4403 1087 4459 et
1108 4393 1167 4459 filii
1191 4403 1224 4459 et
1246 4395 1380 4481 spiritus
1405 4397 1523 4460 sancti.
1559 4393 1703 4460 Karolus
1728 4392 1957 4458 serenissimus
1980 4402 2143 4478 augustus

494 4520 514 4563 a
537 4497 598 4563 deo
626 4506 803 4562 coronatus
825 4519 966 4582 magnus
995 4498 1154 4584 pacificus
1184 4500 1363 4584 imperator
1385 4500 1572 4566 Romanum
1601 4499 1790 4584 gubernans
1812 4496 1996 4582 imperium,
2031 4497 2144 4582 quiet

439 4619 473 4669 30
495 4625 553 4689 per
575 4601 837 4667 misericordiam
853 4601 906 4667 dei
928 4625 989 4668 rex
1005 4603 1207 4668 Francorum
1232 4610 1265 4666 et
1280 4602 1587 4688 Langobardorum.
1693 4601 1728 4668 Si
1745 4601 1832 4668 enim
1848 4623 1898 4680 ea,
1922 4623 2007 4687 quae
2026 4597 2142 4666 fideles

492 4709 586 4794 regni
615 4706 717 4772 nostri
741 4728 801 4791 pro
833 4727 945 4771 eorum
970 4707 1248 4793 oportunitatibus
1278 4708 1363 4772 inter
1390 4728 1426 4771 se
1455 4705 1743 4788 commutavellrint
1769 4704 1823 4770 vel
1850 4706 2142 4788 concamiaverint‚

493 4812 615 4877 nostris
639 4811 872 4875 confirmamus
896 4810 1043 4892 sedistis,
1078 4811 1202 4896 regiam
1225 4832 1419 4876 exercemus
1443 4810 1712 4876 consuetudinem
1735 4818 1769 4875 et
1791 4808 1853 4882 hoc
1876 4811 1909 4873 in
1932 4807 2141 4895 postmodum

492 4918 563 4982 iure
584 4915 775 4982 firmissimo
792 4936 982 4981 mansurum
1006 4938 1078 4980 esse
1094 4915 1267 4980 credimus.
1296 4915 1402 5000 Igitur
1416 4924 1531 4980 notum
1555 4915 1598 4979 rit
1620 4915 1764 4980 omnium
1787 4911 1932 4978 fidelium
1955 4921 2142 4978 nostrorum

493 5019 712 5105 magnitudini
742 5021 965 5104 praesentium
989 5020 1115 5085 scilicet
1144 5029 1177 5084 et
1209 5020 1403 5102 futurorum,
1439 5018 1580 5105 qualiter
1613 5019 1663 5084 vir
1695 5016 1894 5083 venerabilis
1919 5015 2142 5103 Agiluuardus

439 5142 472 5188 35
495 5123 822 5210 Uuirziburgensium
845 5123 938 5188 urbis
962 5123 1120 5190 ecclesiae
1136 5125 1312 5210 episcopus
1334 5143 1396 5188 neo
1410 5144 1476 5186 non
1500 5125 1599 5188 etiam
1622 5131 1655 5187 et
1671 5120 1837 5187 Audulfus
1860 5119 2023 5207 gloriosus
2039 5124 2142 5186 comis

493 5232 596 5294 missa
624 5230 784 5314 petitione
807 5230 1020 5293 innotuerunt
1047 5227 1235 5294 celsitudini
1264 5236 1406 5311 nostrae,
1442 5249 1480 5293 eo
1504 5226 1593 5313 quod
1621 5226 1684 5313 ipsi
1706 5225 1837 5311 aliquas
1865 5249 1918 5291 res
1941 5246 2000 5311 pro
2029 5244 2142 5289 eorum

494 5335 738 5420 oportunitatae
766 5335 851 5398 inter
875 5354 911 5398 se
939 5340 1187 5399 conmutassent
1209 5332 1261 5398 vel
1290 5333 1569 5397 concamiassent.
1614 5329 1717 5395 Dedit
1739 5330 1840 5414 igitur
1871 5331 1936 5393 iam
1960 5328 2068 5393 dictus
2092 5329 2142 5393 vir

494 5436 719 5522 Agiluuardus
744 5434 940 5500 venerabilis
963 5437 1138 5521 episcopus
1168 5434 1330 5501 derebus
1359 5436 1550 5502 monasterii
1574 5435 1634 5516 sui,
1670 5434 1759 5520 quod
1786 5441 1837 5498 est
1859 5442 2085 5498 constructum
2109 5433 2142 5496 in

492 5540 617 5606 honore
640 5542 748 5606 sancti
771 5539 966 5622 salvatoris,
1001 5539 1057 5604 ubi
1081 5549 1216 5603 sanctus
1239 5538 1405 5623 Kylianus
1429 5547 1555 5627 martyr
1578 5541 1770 5625 praeciosus
1794 5559 1932 5623 corpore
1954 5538 2141 5624 requiescit,

437 5663 471 5712 so
494 5665 658 5710 unacum
688 5666 851 5710 consensu
879 5654 912 5709 et
938 5644 1130 5710 voluntates
1159 5665 1329 5710 servorum
1359 5644 1410 5709 dei
1440 5644 1560 5709 ibidem
1592 5643 1842 5708 consistentium
1872 5642 2042 5728 praedicto
2070 5644 2140 5707 viro

493 5749 639 5815 Andulfo
663 5749 806 5834 glorioso
830 5751 943 5814 comiti
966 5748 1011 5815 ad
1034 5759 1160 5834 partem
1177 5759 1325 5813 nostram
1348 5748 1489 5813 ecclesia
1505 5769 1572 5813 una
1594 5749 1628 5811 in
1643 5746 1723 5811 villa
1746 5767 1830 5833 quae
1848 5754 1987 5810 vocatur
2002 5743 2140 5810 Fridun·

492 5853 588 5937 bach,
614 5877 698 5940 quae
721 5856 828 5920 estin
852 5876 938 5940 pago
964 5856 1059 5921 ouius
1075 5853 1275 5921 vocabulum
1300 5863 1350 5918 est
1365 5851 1556 5939 Oollogaoe‚
1581 5874 1737 5919 unacum
1761 5853 1854 5918 terris
1879 5851 2033 5918 domibus
2052 5849 2139 5917 aedi-

569 6043 629 6097 205.
649 6046 673 6109 c)
691 6042 744 6096 dos
764 6041 961 6110 Morroprumm
980 6057 1024 6093 am
1045 6040 1127 6093 Eudo
1146 6041 1195 6094 der
1211 6041 1402 6110 Sifflsumscile.

1935 6143 1986 6190 35*
