5642 7159
702 765 766 832 362
1318 764 1744 827 Kslsnscitxuunuu.

702 957 790 1024 omni
814 955 1004 1041 integritate
1034 950 1096 1017 sub
1120 951 1311 1017 emunitatis
1335 952 1475 1017 tuitione
1503 958 1619 1016 nostro
1643 958 1800 1037 precepto
1825 950 1969 1015 inserere
1990 950 2157 1015 iussimus.
2205 946 2375 1013 Alterum

704 1063 789 1128 enim
812 1060 962 1147 predicto
991 1058 1150 1144 episcopo
1173 1055 1226 1121 vel
1256 1056 1325 1121 suis
1346 1056 1515 1122 canonicis
1544 1064 1736 1141 preceptum
1758 1054 1837 1120 olim
1859 1054 1969 1119 facere
2000 1054 2153 1119 iussimus
2178 1052 2221 1117 de
2245 1072 2376 1117 mona-

704 1166 814 1232 steriis
835 1163 888 1230 vel
911 1161 1042 1228 cellulis
1066 1162 1137 1226 sive
1159 1160 1242 1223 vicis
1265 1168 1366 1245 atque
1387 1160 1486 1243 villis,
1515 1180 1598 1245 quas
1621 1159 1724 1224 nostri
1747 1157 1863 1224 fideles
1891 1167 2006 1223 nostra
2035 1157 2211 1243 largitione
2236 1154 2375 1221 babere

703 1277 901 1350 noscuntur3
939 1265 984 1330 ibi
1008 1264 1202 1330 nominatim
1230 1264 1344 1327 casin
1373 1271 1486 1327 nostro
1516 1271 1673 1348 precepto
1698 1261 1841 1327 scribere
1863 1256 2094 1347 precepimus¹¹
2117 1258 2178 1326 sub
2209 1258 2373 1344 legitimo

703 1395 804 1439 censu
832 1381 865 1437 et
887 1392 994 1436 nonas
1023 1379 1056 1435 et
1079 1368 1226 1434 decimas
1258 1365 1495 1451 persolvendas
1519 1387 1577 1431 seu
1600 1366 1861 1431 restaurationes
1889 1365 2049 1450 aecclesie
2072 1365 2260 1447 faciendas,
2300 1386 2372 1449 que
2398 1377 2416 1425 5

704 1478 816 1542 omnia
838 1476 990 1542 iubemus
1013 1481 1113 1559 atque
1136 1471 1346 1557 precipimus,
1369 1481 1407 1536 ct
1430 1492 1451 1535 a
1472 1471 1595 1536 nostris
1610 1470 1765 1537 fidelibus
1789 1471 1835 1535 ita
1851 1478 2095 1552 conserventur,
2120 1471 2208 1535 sicut
2223 1469 2259 1533 in
2284 1470 2369 1555 ipso

704 1589 863 1667 precepto
894 1588 971 1645 sunt
1000 1578 1133 1659 inserta,
1168 1576 1210 1643 de
1239 1574 1359 1662 quibus
1388 1575 1572 1661 predictam
1607 1574 1803 1641 aecclesiam
1832 1582 1865 1638 et
1893 1572 1959 1637 iarn
1994 1572 2118 1637 dictum
2152 1572 2368 1659 pontificem,

704 1684 979 1771 quandocumque
1010 1680 1162 1746 dominus
1190 1702 1289 1767 posse
1322 1690 1356 1744 et
1383 1679 1493 1744 locum
1523 1677 1659 1761 dederit,
1694 1676 1859 1743 consolari
1893 1686 1926 1741 et
1951 1676 2158 1762 augmentari
2192 1677 2370 1763 cupimus.

703 1788 937 1853 Presentaliter
952 1807 1031 1851 vero
1046 1784 1109 1849 hoc
1126 1783 1348 1866 concedimus,
1375 1793 1422 1865 ut,
1446 1782 1578 1869 quando
1595 1783 1733 1869 quisque
1750 1782 1791 1847 de
1806 1780 1883 1864 illis,
1908 1781 1963 1867 qui
1979 1801 2057 1865 sepe
2081 1779 2169 1845 dicte
2192 1778 2368 1862 aecclesie

702 1890 865 1957 beneficia
892 1901 1007 1957 nostra
1034 1890 1207 1976 largitione
1237 1887 1370 1970 babent,
1405 1886 1446 1952 de
1474 1887 1537 1952 hoe
1561 1886 1672 1952 seculo
1700 1883 1882 1950 infantibus
1911 1884 2068 1950 masculis
2096 1904 2162 1948 non
2188 1884 2281 1947 natis
2308 1882 2364 1947 vel
2393 1898 2428 1947 ιο

705 1995 801 2060 nobis
817 2017 883 2060 non
899 1993 1138 2061 commendatis
1155 1988 1370 2078 migraverit¹,
1394 1990 1585 2055 iamdictus
1609 1990 1760 2076 pontifex
1781 1988 1835 2054 vel
1851 1990 1902 2054 sui
1927 2009 2135 2054 successores
2152 1988 2223 2053 sive
2243 2008 2365 2052 eorum

705 2100 845 2165 ministri
868 2108 969 2185 atque
991 2098 1141 2163 canonici
1164 2097 1198 2160 in
1222 2103 1420 2179 potestatem
1437 2105 1470 2159 et
1493 2094 1751 2160 dominationem
1774 2094 1901 2181 prefixe
1925 2093 2083 2179 aecclesie
2107 2092 2235 2179 absque
2257 2090 2366 2157 ullius

704 2203 956 2287 consignatione
978 2222 1136 2268 revocare
1157 2201 1292 2265 faciant.
1331 2200 1375 2263 Et
1397 2198 1673 2286 quandocumque
1700 2198 1794 2264 locus
1818 2199 1965 2264 evenerit
1992 2195 2171 2263 iamdicta
2194 2195 2365 2262 beneficia

705 2327 779 2371 cum
804 2306 926 2371 nostris
948 2303 1113 2387 fidelibus,
1138 2305 1194 2390 qui
1217 2326 1257 2369 ea
1279 2312 1393 2369 nostro
1417 2302 1579 2369 beneficio
1602 2303 1734 2386 babent,
1759 2313 1974 2385 commutare,
1997 2302 2152 2368 volumus
2172 2310 2205 2367 et
2220 2302 2364 2387 prefate

704 2409 865 2495 aecclesie
887 2409 1035 2484 reddere,
1058 2419 1097 2474 ut
1118 2410 1222 2496 ipsius
1246 2407 1407 2493 aecclesie
1430 2407 1642 2493 pontificibus
1665 2406 1717 2472 vel
1743 2406 1972 2472 sacerdotibus
1996 2407 2065 2471 sive
2088 2406 2141 2472 dei
2164 2406 2271 2471 servis
2297 2425 2361 2491 pro
2397 2416 2429 2469 tt

704 2513 800 2579 nobis
822 2511 877 2578 vel
900 2514 988 2579 omni
1010 2513 1134 2601 populo
1150 2512 1247 2579 nobis
1269 2536 1292 2578 a
1315 2512 1376 2579 deo
1399 2514 1576 2578 commisso
1601 2513 1670 2576 sive
1686 2532 1745 2597 pro
1771 2509 1950 2576 stabilitate
1968 2511 2061 2596 regni
2084 2518 2117 2575 et
2138 2530 2222 2596 pace
2244 2511 2364 2575 tocius

705 2617 820 2703 populi
850 2616 968 2683 melius
992 2638 1131 2682 exorare
1160 2616 1351 2682 delectetur.
1396 2618 1538 2703 Insuper
1565 2614 1684 2680 detulit
1706 2613 1801 2680 nobis
1831 2615 2055 2680 immunitates
2084 2612 2363 2700 predecessorum

704 2730 901 2804 nostrorum,
917 2743 1031 2807 regum
1048 2721 1175 2811 scilicet
1186 2721 1400 2802 Francorum,
1416 2721 1450 2786 in
1467 2718 1585 2806 quibus
1601 2719 1843 2793 continebatur,
1861 2718 2026 2806 quomodo
2042 2718 2227 2805 predictam
2243 2718 2364 2783 sedem

703 2847 770 2889 una
798 2845 871 2889 cum
894 2823 993 2890 rebus
1023 2824 1176 2890 omnibus
1198 2823 1252 2889 vel
1282 2824 1471 2890 hominibus
1494 2824 1617 2889 ibidem
1646 2824 1886 2911 aspicientibus
1909 2832 2044 2910 propter
2071 2845 2218 2888 amorem
2241 2822 2298 2889 dei
2329 2832 2366 2888 et

703 2930 921 3018 reverentiam
950 2938 1151 3023 sanctorum,
1186 2951 1325 3015 quorum
1353 2928 1490 3015 reliquie
1514 2927 1561 2993 ibi
1590 2938 1798 3002 venerantur,
1829 2927 1889 2994 sub
1921 2927 2112 3014 plenissima
2142 2949 2275 3015 semper
2305 2927 2363 2994 de·
2389 2944 2425 2993 so

703 3024 852 3098 forisione
875 3041 909 3098 et
930 3033 1149 3098 immunitatis
1173 3034 1310 3099 tuitione
1332 3032 1536 3099 habuissent.
1568 3033 1630 3098 Pro
1653 3033 1819 3098 firmitatis
1835 3054 1913 3117 ergo
1939 3032 2049 3097 studio
2071 3032 2173 3117 peciit
2187 3032 2364 3119 predictus

703 3136 864 3222 pontifex,
889 3145 926 3201 ut
940 3138 1031 3201 circa
1046 3139 1154 3224 ipsum
1171 3146 1322 3202 sanctum
1338 3136 1448 3201 locum
1467 3136 1573 3201 denuo
1596 3157 1655 3222 pro
1672 3135 1833 3201 mercedis
1849 3144 1962 3202 nostre
1978 3143 2155 3222 augmento
2172 3135 2366 3202 concedere

703 3250 737 3306 et
759 3241 953 3306 confirmare
978 3240 1181 3307 deberemus.
1227 3242 1328 3308 Cuius
1352 3241 1549 3326 peticionem
1573 3261 1632 3327 pro
1657 3239 1767 3305 divino
1792 3262 1905 3305 amore
1927 3261 2064 3306 renuere
2085 3238 2263 3323 noluimus,
2301 3240 2366 3307 sed

703 3345 737 3408 in
760 3344 913 3411 omnibus
937 3354 970 3410 et
992 3355 1161 3431 presentes
1184 3355 1218 3410 et
1239 3345 1340 3410 futuri
1363 3345 1479 3411 fideles
1505 3353 1619 3429 sancte
1643 3344 1694 3410 dei
1718 3343 1879 3429 aecclesie
1909 3352 1942 3409 et
1964 3344 2068 3409 nostri
2090 3344 2138 3408 ita
2160 3364 2366 3409 concessum

704 3456 804 3534 atque
827 3449 1064 3535 perpetualiter
1086 3472 1106 3514 a
1128 3449 1225 3515 nobis
1249 3449 1479 3515 confirmatum
1503 3470 1576 3515 esse
1599 3458 1813 3533 cognoscant.
1842 3449 2065 3535 Precipientes
2089 3468 2167 3533 ergo
2191 3448 2363 3532 iubemus,
2394 3466 2428 3515 25

703 3559 740 3616 ut
763 3550 872 3617 nullus
888 3551 989 3618 iudex
1012 3552 1167 3638 publicus
1183 3575 1290 3640 neque
1313 3552 1470 3638 quislibet
1486 3576 1530 3619 ex
1552 3552 1727 3618 iudiciaria
1741 3561 1908 3639 potestate
1930 3575 1991 3618 nec
2007 3552 2128 3638 aliquis
2144 3575 2186 3617 ex
2202 3550 2366 3618 fidelibus
2417 3594 2418 3597 =

703 3655 826 3718 nostris
848 3655 883 3719 in
905 3654 1086 3720 aecclesias
1109 3664 1168 3719 aut
1189 3656 1264 3720 loca
1286 3657 1339 3722 vel
1355 3678 1456 3744 agros
1480 3680 1539 3723 seu
1560 3656 1706 3744 reliquas
1726 3656 1957 3743 possessiones
1980 3665 2160 3721 memorate
2182 3656 2365 3743 aecclesie,

704 3780 787 3844 quas
811 3759 969 3825 moderno
993 3771 1140 3847 tempore
1168 3762 1202 3825 in
1226 3761 1431 3847 quibuslibet
1458 3764 1555 3850 pagis
1579 3771 1612 3828 et
1634 3763 1807 3827 territoriis
1837 3762 1923 3826 infra
1947 3761 2110 3826 dicionem
2133 3762 2225 3846 regni
2250 3764 2364 3826 nostri

702 3864 789 3929 iuste
812 3863 935 3929 habere
958 3886 998 3929 ac
1022 3864 1192 3949 possidere
1215 3865 1429 3949 cognoscitur
1453 3888 1582 3952 queque
1606 3868 1706 3933 etiam
1723 3866 1878 3953 deinceps
1901 3868 1933 3931 in
1950 3867 2019 3931 iure
2041 3866 2146 3953 ipsius
2164 3867 2274 3930 sancti
2294 3866 2365 3931 loci

703 3966 819 4031 divina
846 3967 990 4033 voluerit
1011 3968 1117 4054 pietas
1136 3970 1271 4054 augeri,
1303 3992 1399 4036 nemo
1423 3969 1468 4036 ad
1496 3992 1616 4035 causes
1640 3971 1823 4037 audiendas
1851 3970 1904 4037 vel
1927 3970 2116 4036 inferendas
2137 3971 2366 4057 requirendas
2391 3990 2425 4039 oo

703 4080 762 4135 aut
788 4071 913 4138 tributa
937 4072 988 4137 vel
1017 4072 1110 4137 freda
1134 4074 1299 4159 exigenda
1328 4085 1386 4140 aut
1415 4077 1604 4141 mansiones
1633 4076 1685 4141 vel
1716 4085 1854 4161 paratas
1883 4075 2054 4141 faciendas
2082 4083 2141 4141 eut
2166 4074 2367 4143 theloneum

703 4174 904 4259 exigendum
926 4198 988 4241 nec
1011 4176 1223 4242 fideiussores
1246 4177 1412 4243 tollendos
1436 4188 1495 4244 aut
1509 4179 1658 4245 homines
1682 4180 1785 4265 ipsius
1802 4179 1963 4263 aecclesie
1986 4188 2056 4245 tam
2071 4179 2232 4265 ingenuos
2258 4202 2367 4267 quam

704 4287 737 4341 et
761 4301 885 4361 servos,
909 4280 964 4365 qui
988 4289 1234 4366 superterram
1256 4282 1404 4348 eiusdem
1427 4284 1573 4350 residere
1595 4283 1759 4366 videntur,
1783 4284 1904 4348 iniuste
1921 4282 2167 4368 distringendos
2190 4305 2255 4348 nec
2273 4283 2368 4349 ullas

703 4381 920 4447 redibitiones
943 4393 1001 4449 aut
1023 4384 1167 4450 inlicitas
1191 4388 1385 4452 occasiones
1408 4387 1623 4473 requirendas
1646 4387 1714 4452 ullo
1736 4409 1893 4475 umquam
1913 4397 2061 4476 tempore
2084 4386 2210 4473 ingredi
2234 4388 2369 4455 audeat

704 4485 755 4549 vel
780 4495 936 4551 exactare
959 4487 1109 4573 predicta
1132 4512 1174 4554 ex
1198 4491 1279 4576 ipsis
1301 4491 1401 4556 rebus
1424 4491 1566 4577 quodam
1590 4492 1624 4556 in
1647 4491 1721 4557 loco
1745 4500 1932 4578 presumat3
1956 4502 1988 4557 et
2011 4491 2167 4579 quicquid
2190 4514 2232 4556 ex
2259 4491 2368 4559 rebus
2392 4510 2428 4559 ³5

701 4589 769 4653 iam
793 4590 879 4655 dicte
902 4590 1061 4675 aecclesie
1083 4592 1185 4657 fiscus
1210 4616 1344 4679 sperare
1367 4603 1507 4680 poterat,
1532 4604 1637 4660 totum
1660 4617 1722 4660 nos
1744 4605 1924 4661 memorate
1948 4596 2109 4681 aecclesie
2132 4595 2368 4663 concedimus.

704 4694 845 4781 Insuper
873 4702 907 4758 et
929 4693 1012 4760 illud
1040 4697 1075 4759 in
1095 4695 1158 4760 hoc
1187 4706 1343 4784 precepto
1365 4699 1511 4763 inserere
1539 4699 1704 4782 iussimus,
1739 4709 1777 4765 ut
1806 4699 1915 4765 nullus
1946 4700 2048 4766 iudex
2072 4709 2130 4766 aut
2157 4719 2273 4765 comes
2303 4712 2370 4769 aut

704 4796 825 4883 aliquis
849 4797 933 4863 liber
954 4797 1052 4864 homo
1076 4808 1135 4864 aut
1157 4800 1302 4886 quelibet
1324 4823 1467 4888 persona
1490 4801 1638 4888 predicte
1661 4804 1822 4888 aecclesie
1845 4803 2013 4868 ministros
2040 4803 2092 4868 vel
2116 4802 2304 4870 advocatos
2330 4808 2369 4871 in

704 4902 836 4966 mallo¹¹¹
870 4900 1004 4989 publico
1027 4924 1185 4969 accusare
1214 4915 1392 4991 presumat,
1428 4906 1486 4971 sed
1513 4908 1603 4992 prius
1633 4908 1810 4971 conveniat
1840 4906 2006 4971 ministros
2033 4928 2142 4972 rerum
2169 4915 2202 4971 et
2230 4906 2369 4975 iudices

702 5005 856 5070 villarum
881 5014 981 5090 atque
1004 5006 1184 5089 bominum,
1208 5029 1229 5070 a
1252 5007 1370 5093 quibus
1393 5008 1484 5073 lesus
1508 5017 1568 5084 est,
1596 5020 1632 5074 ut
1655 5009 1697 5074 ab
1722 5011 1768 5074 eis
1792 5010 1986 5075 familiarem
2010 5018 2043 5075 et
2065 5012 2187 5075 iustam
2211 5013 2370 5099 accipiat
2392 5032 2428 5080 4ο

700 5109 866 5174 iusticiam
889 5117 933 5192 et,
965 5109 991 5172 si
1016 5131 1036 5173 a
1057 5111 1220 5195 predictis
1243 5112 1400 5177 ministris
1423 5135 1518 5177 snam
1541 5114 1707 5178 iusticiam
1730 5115 1881 5200 accipere
1909 5137 1974 5179 non
1998 5114 2148 5197 valuerit,
2177 5123 2260 5181 tunc
2283 5138 2369 5183 con·

700 5211 814 5277 veniat
837 5214 1030 5298 episcopum
1047 5213 1113 5277 iam
1137 5213 1225 5280 dicte
1241 5215 1414 5300 aecclesie,
1437 5226 1474 5281 ut
1490 5216 1532 5281 ab
1556 5218 1628 5303 ipso
1653 5240 1746 5282 suam
1770 5220 1937 5284 iusticiam
1960 5218 2153 5284 familiarem
2177 5227 2211 5284 et
2233 5218 2371 5288 bonam

702 5325 802 5401 atque
825 5317 947 5379 iustam
970 5317 1124 5402 accipiat.
1163 5318 1257 5383 Etsi
1281 5318 1322 5384 ab
1346 5320 1418 5405 ipso
1443 5322 1600 5407 episcopo
1624 5345 1731 5407 neque
1755 5345 1775 5387 a
1799 5323 1867 5388 suis
1891 5324 2046 5389 ministris
2074 5344 2167 5388 suam
2190 5324 2371 5393 iusticiam

700 5420 852 5506 accipere
876 5420 1069 5505 nequiverit,
1103 5422 1316 5506 postmodum
1340 5422 1508 5490 licentiam
1530 5424 1663 5499 habeat,
1693 5435 1729 5490 ut
1751 5427 1785 5491 in
1808 5426 1908 5492 mallo
1938 5427 2071 5513 publico
2096 5449 2174 5493 suas
2203 5432 2371 5516 querelas

699 5525 786 5588 iuste
808 5533 842 5588 et
864 5523 1105 5590 rationabiliter
1128 5534 1226 5611 atque
1249 5526 1401 5611 legaliter
1425 5539 1550 5613 querat.
1575 5529 1641 5594 Sed
1659 5530 1685 5594 si
1710 5540 1817 5613 antee,
1843 5553 1941 5617 quam
1964 5532 2115 5618 predicta
2137 5533 2269 5620 fecerit,
2294 5538 2371 5604 iam
2394 5557 2429 5605 se

701 5626 789 5692 dicte
813 5627 901 5693 sedis
924 5627 1088 5713 aecclesie
1112 5631 1303 5716 episcopum
1329 5642 1362 5696 et
1385 5653 1463 5696 suos
1487 5634 1656 5698 ministros
1679 5633 1731 5699 vel
1757 5634 1938 5699 advocatos
1959 5658 2115 5701 accusare
2138 5646 2197 5701 aut
2220 5640 2370 5724 pulsare

700 5733 946 5817 presumpserit,
972 5734 1050 5818 quia
1065 5743 1215 5800 nostram
1238 5737 1420 5800 iussionem
1437 5747 1537 5823 atque
1552 5747 1700 5803 nostrum
1718 5739 1877 5804 indictum
1898 5749 1930 5803 et
1945 5750 2139 5827 preceptum
2154 5751 2372 5835 contempsit

700 5837 771 5900 sive
794 5837 1024 5921 prevaricavit,
1054 5837 1200 5904 bannum
1222 5851 1372 5906 nostrum
1397 5849 1430 5905 et
1451 5839 1516 5905 hoe
1537 5842 1632 5906 nobis
1662 5853 1843 5929 componat
1866 5854 1899 5909 et
1925 5844 2072 5930 predicte
2094 5845 2262 5931 aecclesie
2294 5856 2371 5939 epi·

774 6058 835 6113 m
853 6061 883 6127 k)
900 6064 1111 6127 precepissemus
1130 6061 1157 6115 B
1228 6063 1248 6127 l)
1266 6065 1442 6129 migraverint
1461 6061 1488 6116 B
1558 6062 1796 6130 remeationem
1816 6066 1899 6119 Tiottc
1915 6082 1987 6120 corr.
2007 6082 2060 6119 asts
2078 6067 2153 6119 uallo
