5642 7159
1201 679 1354 739 PIPPIN
1368 697 1401 738 c.
1428 675 1499 740 764.
1981 737 1984 743 ,
2127 670 2170 734 29

625 869 805 956 Pippinus⁵
827 890 887 932 rex
910 867 1113 933 Francorum
1136 866 1187 932 vir
1210 862 1379 931 inlusterlt
1487 861 1545 948 [Si]
1569 864 1679 928 facta⁰
1701 872 1946 928 autecessorum
1968 868 2167 942 nostrorum,

522 974 611 1060 quod
626 972 670 1037 ad
686 972 760 1036 loca
783 981 970 1036 sanctorum
995 992 1034 1036 ac
1052 970 1149 1036 deum
1172 968 1363 1034 timentibus
1385 967 1572 1033 hominibus
1595 988 1655 1052 pro
1671 965 1831 1031 mercedis
1854 985 1968 1029 eorum
1990 974 2167 1049 augmento

518 1078 730 1162 prestiterunt
751 1074 802 1140 vel
825 1083 1067 1150 concesserunt,
1092 1093 1326 1160 conservamus
1342 1071 1393 1136 vel
1410 1073 1651 1152 confirmamus,
1669 1068 1749 1150 uosd
1771 1069 1806 1136 id
1821 1068 2030 1155 postmodum
2047 1068 2166 1135 stabile

519 1203 593 1245 esse
616 1179 821 1261 confidimus,
853 1188 889 1243 ut
912 1200 968 1242 eos
992 1179 1125 1242 inantea
1149 1197 1277 1262 semper
1299 1174 1417 1240 melius
1441 1174 1599 1239 delectet⁰
1627 1174 1766 1239 culmine
1789 1173 1892 1258 regali
1915 1173 2012 1238 fidem
2036 1194 2164 1238 conser-

482 1299 499 1348 5
519 1305 598 1349 vare
620 1284 671 1347 vel
696 1305 755 1368 pro
780 1282 961 1348 stabilitate
978 1283 1069 1366 regni
1090 1281 1192 1344 nostri
1217 1278 1339 1343 domini
1363 1274 1642 1342 misericordiam‘
1663 1277 1844 1362 deprecari.
1868 1276 2012 1363 Ideoque
2035 1287 2165 1362 aposto·

518 1387 602 1452 licus
624 1389 676 1451 vir
698 1386 839 1452 domnus
862 1396 895 1450 et
910 1387 942 1449 in
967 1383 1097 1450 Christo
1121 1393 1216 1468 pater
1238 1390 1370 1447 noster⁸
1394 1378 1627 1447 llrembertusl
1649 1379 1903 1445 Wormatiensis
1922 1380 2058 1446 ecclesie
2081 1384 2167 1468 epis·

518 1512 621 1574 copus
649 1489 821 1554 clementie
844 1489 934 1572 regni
959 1489 1061 1552 nostri
1088 1487 1263 1572 suggessit,
1299 1508 1337 1550 eo
1362 1484 1451 1572 quod
1479 1493 1671 1549 antecessor
1694 1494 1806 1549 noster
1828 1482 2042 1568 Dagobertus
2066 1509 2165 1570 quon·

518 1593 594 1659 dam
618 1617 678 1658 rex
706 1595 835 1678 integra
863 1593 1042 1658 emunitate
1065 1591 1108 1654 ad
1137 1589 1307 1655 basilicam
1338 1591 1443 1653 sancti
1468 1589 1553 1652 Petri
1577 1598 1610 1652 et
1632 1587 1726 1651 Pauli
1750 1587 1976 1672 apostolorum
2004 1588 2056 1652 vel
2080 1600 2165 1654 cete·

517 1707 837 1781 rorumsanetorum
874 1696 1067 1761 domnorum
1101 1695 1173 1781 (qui
1192 1705 1268 1758 sunt
1288 1696 1319 1757 in
1343 1695 1414 1779 ipsa
1437 1693 1570 1756 civitate
1588 1687 1858 1774 Wormatiensi)¹
1880 1702 1957 1756 ante
1979 1691 2040 1756 hos
2061 1715 2165 1757 annos

466 1819 497 1866 to
517 1801 558 1865 dc
583 1800 733 1865 omnibus
757 1800 845 1864 villis
870 1799 922 1864 vel
944 1798 1158 1864 facultatibus
1182 1795 1254 1882 <vel
1278 1796 1433 1877 abbatiis,
1458 1818 1521 1881 que
1544 1795 1587 1858 ad
1611 1797 1718 1879 ipsam
1741 1795 1909 1859 civitatem
1931 1796 2095 1880 respicere
2119 1798 2163 1859 vi-

516 1901 663 1988 dentum)
690 1907 865 1986 concessit,
889 1916 925 1968 ut
941 1903 1048 1969 nullus
1066 1903 1166 1967 iudex
1182 1901 1334 1987 publicus
1355 1922 1416 1964 nec
1432 1899 1476 1964 ad
1492 1919 1610 1963 causas
1627 1897 1792 1962 audiendo
1816 1918 1876 1961 nec
1892 1897 1985 1963 freda
2001 1900 2163 1984 exigendo

515 2029 576 2072 nec
599 2008 810 2072 fideiussores
841 2006 986 2072 tollendo
1011 2028 1071 2071 nec
1100 2007 1289 2071 mansiones
1313 2015 1370 2069 aut
1393 2013 1529 2089 paratas
1553 2001 1704 2066 faciendo
1728 2022 1788 2066 nec
1816 2000 1965 2067 homines
1988 2004 2090 2089 ipsius
2113 2027 2164 2068 ec·

515 2110 615 2175 clesie
638 2119 707 2175 tam
723 2113 884 2194 ingenuos
908 2130 1006 2195 quam
1031 2110 1209 2175 servientes
1233 2107 1459 2192 distringendo
1476 2130 1536 2171 nec
1553 2107 1637 2171 ullas
1660 2105 1871 2171 redibitiones
1894 2109 2088 2193 requirendo
2105 2133 2165 2175 nec

515 2211 724 2279 exactando1¹
747 2213 881 2297 [ibidem
905 2213 1066 2299 ingredire
1089 2234 1153 2278 non
1170 2211 1304 2292 debeat3
1329 2211 1454 2276 hostem
1478 2233 1555 2276 vero
1572 2210 1757 2276 hominibus
1782 2213 1849 2274 suis
1871 2233 1936 2276 non
1958 2212 2163 2300 requirant]¹,

461 2335 495 2382 15
514 2319 589 2400 nisi,
619 2319 749 2405 quando
773 2318 818 2383 ad
847 2316 1022 2382 utilitatem
1051 2339 1164 2401 regum
1195 2315 1295 2381 fuerit
1328 2316 1519 2388 necessitas,
1552 2337 1617 2380 una
1647 2336 1723 2378 cum
1753 2315 1825 2400 ipso
1860 2317 2013 2400 pontifice
2042 2316 2162 2382 ibidem

514 2421 658 2488 debeant
685 2420 870 2504 ambulare3
907 2419 960 2504 <et
987 2419 1111 2484 nullum
1143 2418 1306 2485 teloneum
1335 2438 1396 2483 nec
1424 2418 1511 2482 ullas
1540 2417 1753 2485 redibitiones
1783 2421 1823 2486 de
1851 2420 2037 2486 hominibus
2060 2422 2162 2507 ipsius

513 2525 654 2592 ecclesie
685 2525 850 2610 requirere
879 2544 939 2588 nec
967 2533 1124 2588 exactare
1154 2525 1285 2610 penitus
1315 2521 1458 2587 debeant
1492 2535 1535 2604 et,
1567 2524 1724 2610 quicquid
1753 2526 1927 2610 potestatis
1950 2527 2087 2590 comites
2110 2526 2162 2590 vel

514 2629 570 2695 alii
594 2629 644 2693 sui
659 2628 784 2694 iudices
807 2630 840 2694 in
862 2626 987 2692 familia
1008 2627 1113 2714 ipsius
1136 2628 1274 2693 ecclesie
1297 2626 1474 2708 habebant,
1499 2628 1559 2692 hoc
1583 2637 1685 2692 totum
1710 2628 1771 2693 deo
1796 2630 1983 2715 sanctisque
2006 2630 2162 2716 apostolis

514 2735 611 2799 Petro
638 2743 671 2798 et
697 2733 801 2798 Paulo
831 2730 1027 2798 omnimodis
1058 2729 1289 2815 condonavit).
1325 2729 1420 2796 Unde
1443 2741 1476 2794 et
1504 2733 1609 2818 ipsam
1641 2734 1881 2817 preceptionem
1911 2741 1998 2798 seum
2026 2744 2059 2798 et
2086 2756 2161 2799 con·

458 2855 494 2902 eo
513 2838 730 2902 firmationem
758 2837 975 2901 antecessoris
1004 2836 1107 2901 nostri
1129 2835 1311 2922 Dagoberti
1341 2834 1509 2920 quondam
1537 2837 1624 2921 regis
1654 2834 1747 2901 nobis
1771 2837 1805 2900 in
1828 2838 1994 2921 presentia
2018 2837 2162 2902 ostendit

512 2940 737 3026 relegendam
761 2939 819 3006 sed
842 2961 899 3026 pro
922 2939 1087 3004 firmitatis
1111 2938 1218 3004 studio
1241 2940 1340 3024 peciit
1362 2938 1590 3005 celsitudinem
1612 2949 1768 3022 nostram,
1792 2949 1828 3004 ut
1848 2939 1909 3005 hoc
1931 2942 2026 3027 ipso¹¹
2048 2942 2161 3007 Erem-

512 3044 605 3109 berto
627 3045 782 3130 episcopo
797 3043 849 3108 vel
865 3043 1006 3108 ecclesia
1023 3064 1084 3108 sua
1099 3052 1157 3108 aut
1180 3043 1426 3108 successoribus
1450 3046 1517 3108 suis
1534 3067 1592 3130 per
1606 3054 1753 3109 nostram
1778 3046 2009 3111 auctoritatem
2032 3046 2159 3134 plenius

512 3149 546 3211 in
569 3146 621 3214 dei
643 3146 774 3212 nomine
796 3147 989 3212 confirmare
1012 3145 1216 3212 deberemus.
1241 3145 1341 3213 Cuius
1365 3149 1561 3233 peticionem
1585 3170 1642 3233 pro
1665 3149 1826 3214 mercedis
1849 3160 1960 3214 nostre
1982 3162 2158 3236 augmento

511 3251 565 3316 vel
588 3272 646 3337 pro
676 3251 860 3316 reverentia
889 3251 995 3336 ipsius
1025 3251 1130 3315 sancti
1161 3249 1223 3315 loci
1256 3252 1303 3315 ita
1330 3251 1511 3336 prestitisse
1534 3261 1567 3316 et
1588 3253 1621 3315 in
1644 3251 1793 3317 omnibus
1824 3253 2036 3319 confirmasse
2059 3277 2116 3320 seu
2140 3277 2161 3319 a

455 3370 492 3419 25
511 3375 598 3419 novo
620 3355 825 3420 concessisse
848 3357 1047 3440 cognoscite.
1079 3354 1298 3440 Precipicntes
1322 3354 1419 3436 enim,
1442 3363 1487 3437 ut,
1513 3356 1596 3419 sicut
1619 3364 1749 3420 constat
1771 3355 1832 3420 de⁰
1861 3356 2040 3422 antedictip
2069 3367 2158 3422 ante-

510 3461 649 3524 cessoris
677 3459 779 3524 nostri
810 3458 975 3544 quondam
1002 3459 1090 3543 regis
1120 3458 1324 3523 Francorum
1353 3460 1483 3544 integra
1511 3460 1689 3524 emunitate
1720 3458 1807 3542 [dell
1840 3481 1951 3525 omnes
1981 3458 2077 3526 villas
2107 3462 2160 3526 vel

510 3562 685 3628 facultates
713 3563 816 3649 ipsius
845 3561 982 3628 ecclesie
1005 3561 1256 3627 Wormatiensis
1286 3583 1343 3627 seu
1366 3561 1632 3648 Wangionensis,
1667 3565 1823 3650 quicquid
1845 3564 1966 3630 ibidem
1990 3589 2033 3631 ex
2056 3568 2158 3631 muni·

509 3669 643 3732 licentia
672 3689 786 3753 regum
809 3666 861 3740 vel
885 3665 925 3732 de
954 3667 1075 3732 collatu
1103 3664 1214 3752 populi
1243 3665 1294 3730 vel
1318 3665 1359 3731 de
1394 3666 1543 3752 quolibet
1576 3677 1738 3733 attractor
1771 3669 1816 3734 ad
1842 3671 1949 3754 ipsam
1983 3670 2158 3738 ecclesiam

509 3773 651 3856 pertinet
673 3782 731 3836 aut
747 3773 880 3837 inantea
902 3780 940 3836 a·
964 3771 1057 3837 deum
1083 3769 1273 3836 timentibus
1296 3769 1484 3836 hominibus
1499 3792 1558 3857 pro
1574 3793 1685 3838 amore
1701 3771 1823 3837 Christi
1846 3772 2033 3859 delegatum
2049 3775 2158 3858 fuerit,

452 3891 490 3938 30
508 3875 599 3940 nulla
632 3876 862 3963 requisitione‘
894 3897 954 3941 nec
983 3875 1049 3941 ullo
1078 3874 1299 3960 inpedimento
1329 3897 1389 3940 nec
1419 3874 1461 3940 ab
1496 3875 1681 3941 bominibus
1715 3877 1818 3962 ipsius
1852 3876 2001 3960 ecclesie,
2036 3881 2092 3965 qui
2125 3880 2157 3944 in

507 3981 590 4065 ipsis
612 3980 698 4045 villis
714 4002 921 4046 commanere
943 3980 1105 4062 videntur,
1134 3979 1211 4064 (nec
1227 3978 1268 4044 de
1284 3980 1464 4065 parrochiis
1480 3980 1531 4045 vel
1548 3979 1711 4064 abbatiis>
1737 3983 1865 4067 penitus
1881 3982 1989 4048 facere
2005 3982 2157 4064 debeant,

508 4086 572 4149 nisi
596 4085 656 4149 sub
687 4086 814 4171 integra
842 4086 1020 4150 emunitate
1044 4086 1149 4149 omnis
1173 4083 1266 4149 freda
1289 4083 1340 4148 vel
1364 4085 1469 4149 omnis
1492 4084 1697 4150 redibitionis
1721 4108 1897 4152 concessus
1920 4089 1993 4173 ipsa
2016 4089 2158 4154 ecclesia

508 4188 561 4252 vel
584 4190 655 4274 ipse
677 4189 826 4274 pontifex
849 4189 1063 4254 Erembertus
1087 4197 1144 4252 aut
1178 4209 1385 4253 successores
1414 4190 1464 4252 sui
1501 4190 1586 4254 sicut
1614 4187 1656 4253 ab
1692 4200 1900 4256 antecessore
1934 4201 2046 4257 nostro
2079 4214 2157 4278 rege

510 4292 700 4377 Dagoberto
715 4295 763 4358 ita
778 4317 821 4360 ex
837 4293 932 4359 nobis
948 4292 1010 4359 boc
1032 4292 1176 4357 habeant
1199 4313 1392 4357 concessum
1408 4303 1507 4379 atque
1523 4292 1695 4376 indultum,
1724 4291 1779 4379 (ut
1794 4293 1902 4359 nullus
1918 4304 2030 4360 noster
2046 4317 2157 4362 comes

451 4409 488 4460 35
508 4408 567 4460 aut
589 4396 708 4482 aliquis
737 4418 780 4464 ex
803 4399 912 4462 missis
934 4398 1054 4462 nostris
1077 4396 1177 4461 ullam
1206 4395 1361 4482 deinceps
1384 4396 1505 4462 babeat
1528 4406 1725 4483 potestatem
1749 4420 1846 4484 super
1868 4398 2024 4464 familiam
2050 4402 2155 4464 sancti

506 4501 594 4566 Petri
611 4511 644 4565 et
658 4497 785 4586 Pauli),
809 4501 868 4565 aed
891 4523 1003 4566 omnes
1019 4523 1072 4566 res
1089 4501 1141 4567 vel
1157 4501 1333 4566 facultates
1355 4501 1492 4566 ecclesie
1513 4502 1616 4586 ipsius
1633 4502 1742 4587 quieto
1758 4502 1872 4568 ordine
1889 4502 2031 4567 debeant
2053 4506 2155 4589 possi·

506 4603 584 4668 dere
612 4603 662 4686 <et
677 4603 767 4668 nulla
789 4605 1002 4690 requisitione
1025 4625 1085 4668 nec
1102 4604 1166 4668 ullo
1189 4605 1410 4690 inpedimento
1434 4614 1502 4669 tam
1518 4604 1559 4670 de
1574 4603 1759 4671 hominibus
1782 4607 1884 4693 ipsius
1900 4606 2038 4671 ecclesie
2055 4629 2153 4692 quam

505 4707 596 4772 etde
619 4710 689 4793 ipso
712 4707 840 4772 teloneo
863 4708 915 4773 vel
937 4707 1071 4793 reliquis
1095 4707 1355 4780 redibitionibus,
1380 4707 1468 4793 quod
1490 4710 1641 4794 partibus
1658 4712 1729 4775 fisci
1745 4711 1847 4775 nostri
1869 4711 1929 4774 fuit
1952 4711 2154 4776 consuetudo

504 4810 695 4895 reddendi).
732 4811 775 4877 Et
803 4823 840 4876 ut
867 4810 928 4876 hec
957 4813 1138 4877 auctoritas
1167 4814 1289 4878 firmior
1318 4817 1369 4897 sit,
1404 4836 1521 4879 manus
1550 4823 1683 4879 nostre¹¹
1717 4813 2011 4898 subscriptionibus
2042 4813 2155 4881 subter

449 4931 487 4978 to
507 4925 602 4982 eam'
625 4916 830 4983 decrevimus
852 4916 1017 4982 roborare.

592 5103 633 5159 20.
662 5104 689 5168 ι)
706 5105 820 5170 Pipinus
839 5102 866 5156 Β
980 5103 1007 5171 b)
1025 5103 1184 5158 illustrisB
1288 5107 1312 5170 c)
1331 5106 1444 5168 Factum
1463 5104 1490 5159 Β
1598 5107 1626 5171 d)
1643 5123 1692 5157 nos
1710 5112 1799 5158 antem
1819 5106 1846 5158 Β
1954 5107 1980 5173 e)
1998 5108 2154 5158 delectatB

661 5173 836 5238 odominum
855 5174 1062 5224 misericorditer
1080 5173 1107 5225 Β
1256 5175 1284 5241 g)
1302 5181 1400 5238 nostor,
1425 5190 1505 5227 toemt
1524 5191 1552 5228 ec
1571 5175 1644 5228 auch
1662 5175 1714 5228 wic
1730 5177 1843 5227 domnus
1862 5176 1893 5227 in
1912 5174 1965 5228 den
1984 5176 2081 5229 beiden
2103 5177 2153 5231 Ur·

661 5240 774 5294 tutides
795 5241 918 5309 Pippt'na
937 5257 970 5293 nv
985 5244 1009 5303 5,
1028 5247 1070 5308 11,
1097 5242 1195 5296 welche
1214 5243 1308 5296 diesen
1326 5245 1498 5296 erwet'terteo
1523 5245 1594 5297 Titct
1611 5246 1662 5310 fiir
1685 5243 1817 5309 Bisclrdfc
1835 5245 1933 5306 bietcn,
1950 5245 2028 5310 sebit,
2047 5246 2153 5299 solicitet

661 5309 731 5362 ‹loclr
750 5310 951 5379 ursprt'trtpliclt
969 5328 1004 5364 zu
1023 5312 1099 5378 scitu·
1118 5311 1148 5363 in
1168 5311 1261 5364 Jorm.
1281 5313 1419 5378 Marcelli
1437 5315 1460 5377 1,
1479 5317 1527 5366 15:
1545 5315 1708 5380 apostolicus
1746 5320 1802 5366 ater
1820 5323 1911 5367 noster
2014 5316 2043 5380 h)
2061 5317 2152 5367 Eram·

663 5381 720 5430 liert
733 5378 759 5430 Β
862 5383 883 5444 i)
900 5381 1101 5450 ursprr'tripliolr
1120 5381 1358 5447 walrrselreinls'olr,
1377 5382 1428 5434 wie
1446 5382 1515 5435 noclr
1528 5383 1559 5435 in
1572 5383 1622 5435 der
1640 5332 1818 5451 crespebliclrcu
1834 5383 1968 5437 erronee
1980 5383 2154 5452 Dagoberts:

661 5465 730 5515 quae
748 5455 789 5500 eat
808 5451 836 5499 in
854 5451 965 5501 civitate
983 5452 1175 5501 wormatiensi
1193 5458 1346 5503 constructa
1479 5452 1509 5517 k)
1526 5453 1672 5503 exactando
1691 5451 1717 5503 Β
1849 5453 1870 5519 l)
1888 5454 1986 5504 ibidem
2006 5483 2036 5490 -
2056 5455 2154 5504 debeat

660 5516 960 5640 qrpqprsthququnq
975 5519 1111 5641 lllqprplqlti
1124 5519 1155 5639 ΙΙ,
1170 5520 2153 5657 4ss¹⁰⁸i2i⁶f51¹iilui¹⁸mimoieir&ninii-‘nlmrkli‘d‘Luilwffl

682 5629 686 5638 .
734 5602 757 5637 r.
869 5603 968 5648 e.,
1025 5605 1258 5642 retorsere.
1519 5608 1586 5640 ms
1757 5607 1909 5642 nrurso
2047 5609 2152 5643 ocon-

660 5659 729 5706 stitit
747 5657 781 5706 ab
800 5655 838 5720 Β,
862 5603 998 5710 cirmdirt
1017 5659 1089 5711 rtuclt
1111 5658 1175 5712 Urk.
1195 5607 1285 5712 Krirls
1305 5659 1332 5711 d.
1354 5657 1403 5710 Gr.
1422 5660 1473 5723 fiir
1493 5659 1533 5711 St.
1552 5659 1654 5711 Bertin
1676 5661 1726 5717 769
1744 5659 1806 5712 Joti
1861 5608 1879 5658 p
1920 5663 1947 5727 p)
1965 5662 2107 5713 antedictis
2126 5661 2153 5713 Β

662 5725 686 5790 q)
705 5724 779 5778 rtoeb
800 5723 865 5778 Urlt.
884 5725 974 5779 Koria
993 5726 1020 5779 d.
1043 5726 1090 5780 Gr.
1111 5727 1161 5792 fiir
1181 5728 1221 5780 St.
1241 5728 1374 5795 Mt'rlard,
1403 5727 1589 5782 Mttblbaclrcr
1608 5729 1674 5797 Rep.
1693 5731 1746 5782 159
1834 5784 1836 5787 ,
1910 5735 1933 5794 r)
1950 5733 2018 5782 atrio
2037 5732 2106 5798 quod
2127 5731 2152 5782 B

659 5795 682 5858 s)
701 5811 732 5843 ac
750 5793 777 5846 Β
880 5795 900 5860 t)
917 5795 1070 5864 pepereribcr
1090 5796 1150 5848 dem
1168 5796 1378 5860 sororelreclrtco
1396 5798 1577 5863 refragatione
1603 5799 1649 5850 ein
1668 5797 1785 5850 seltener
1804 5798 1957 5852 Attsdruclt
1983 5799 2033 5868 opt.
2054 5799 2095 5852 Μ.
2118 5802 2150 5853 G.

660 5861 732 5917 DD.
751 5862 866 5918 Merow.
888 5867 927 5926 77,
949 5869 982 5918 79
1000 5879 1031 5918 nv
1045 5869 1089 5927 87,
1107 5870 1144 5918 89
1254 5870 1282 5931 u)
1300 5884 1380 5922 mauu
1400 5875 1490 5922 nostra
1508 5866 1535 5919 Β
1639 5872 1666 5932 r)
1684 5869 1797 5919 subditis
1816 5868 1849 5920 B.
