5642 7159
1064 783 1186 843 [aab
1207 783 1298 844 ΗΕΒ
1318 781 1489 844 caussa
1513 778 1586 845 781.
2084 780 2145 846 183

496 977 615 1042 ceteris
640 973 912 1039 consuetudinem
934 971 1128 1056 habuerant,
1152 971 1248 1040 nobis
1271 972 1305 1038 id
1328 974 1439 1059 ipsum
1463 973 1679 1058 significasse.
1703 973 1800 1041 Unde
1823 971 2040 1059 cognovimus
2063 971 2144 1035 veri·

496 1088 599 1145 tatem
622 1088 655 1144 et
679 1077 767 1164 qnod
789 1063 938 1142 homines
961 1080 1067 1143 nostri
1091 1076 1298 1143 Mantuensis
1321 1077 1362 1142 de
1378 1078 1603 1164 suprascripto
1626 1078 1746 1162 modio,
1771 1079 1857 1144 siout
1873 1075 2146 1143 consuetudinem

497 1184 559 1271 ipsi
582 1181 809 1250 Comaelensis
837 1180 1023 1248 habuerant
1045 1181 1155 1266 dandi,
1184 1184 1243 1267 ita,
1273 1184 1361 1249 siout
1387 1183 1452 1249 fuit
1478 1183 1612 1262 veritas,
1640 1181 1804 1249 dixerant.
1849 1182 1974 1247 Tamen
2001 1202 2062 1246 nos
2085 1203 2145 1268 pro

497 1286 660 1353 mercedis
683 1295 795 1352 nostre
818 1296 996 1372 augmento
1019 1287 1245 1352 concessimus
1269 1288 1317 1352 eis
1340 1288 1373 1352 in
1396 1286 1601 1352 elimosinam
1618 1285 1773 1352 videlieet
1794 1295 1953 1370 nostram,
1977 1294 2014 1350 nt
2036 1285 2071 1350 in
2086 1285 2145 1350 tali

463 1405 479 1456 o
499 1400 614 1457 tenore
637 1391 744 1478 ipsum
767 1389 913 1455 modium
937 1389 1016 1456 dare
1040 1388 1205 1472 deberent,
1229 1391 1315 1456 sicut
1337 1399 1370 1456 et
1391 1390 1438 1456 illi
1462 1413 1482 1456 a
1505 1391 1626 1455 nostrie
1650 1389 1836 1454 hominibus
1864 1388 2082 1476 accipiebant,
2113 1399 2145 1454 et

497 1495 684 1562 nullatenus
708 1496 877 1578 maiorem,
900 1492 935 1559 id
957 1502 1010 1559 est
1032 1517 1091 1580 per
1112 1493 1214 1560 libras
1238 1495 1383 1580 triginta.
1408 1495 1454 1559 Et
1474 1494 1537 1559 hoc
1561 1515 1621 1559 nos
1645 1495 1709 1558 visi
1733 1494 1854 1558 fuimne
1877 1515 1942 1557 una
1965 1515 2041 1559 cum
2064 1493 2145 1579 ipsis

498 1598 723 1665 Comaoleneia
746 1598 940 1681 instituisse,
963 1608 1009 1680 ut,
1034 1598 1310 1685 quandocumque
1332 1597 1483 1664 homines
1505 1599 1610 1664 nostri
1633 1599 1681 1664 eis
1698 1599 1858 1664 iustitiam
1879 1596 2053 1663 habuerint
2069 1618 2145 1683 que·

497 1696 646 1786 rendum,
669 1711 705 1767 ut
727 1701 887 1788 placitum
910 1702 953 1767 ab
977 1704 1025 1767 eis
1048 1703 1237 1767 institutum
1257 1724 1356 1789 super
1378 1712 1494 1769 noctes
1518 1703 1635 1789 viginti
1651 1726 1717 1767 una
1740 1712 1798 1769 aut
1813 1725 1872 1789 per
1895 1701 2146 1789 quatuordecim

497 1807 551 1873 vel
573 1807 662 1893 quod
685 1808 793 1871 minus
822 1802 928 1872 eseet'
950 1814 1060 1892 super
1080 1815 1207 1893 septem
1229 1828 1358 1886 eorum,
1388 1814 1426 1871 nt
1449 1806 1609 1890 diximus,
1637 1809 1796 1874 iustitiam
1829 1806 2011 1873 seeundum
2039 1805 2145 1891 legem

444 1913 650 1998 reaccipere
674 1909 818 1976 debeant
833 1920 877 1993 et,
902 1910 930 1974 si
947 1909 1043 1976 aliter
1057 1910 1167 1993 fuerit,
1190 1920 1269 1975 tunc
1292 1912 1500 1997 precipimus,
1525 1921 1562 1977 nt
1584 1911 1750 1978 licentiam
1773 1910 1919 1977 habeant
1940 1911 2058 1997 prefati
2083 1907 2143 1976 Co·

497 2015 673 2082 maolensis
697 2014 909 2102 pignorandi,
941 2015 1031 2100 quod
1052 2015 1211 2080 iustitiam
1240 2013 1380 2101 pleniter
1407 2015 1588 2081 secundum
1616 2015 1723 2100 legem
1746 2016 1918 2102 accipiant.
1965 2016 2146 2101 Propterea

497 2119 584 2185 hano
607 2121 851 2206 preceptionem
868 2129 1015 2186 nostram
1038 2119 1246 2186 conscribere
1262 2120 1429 2204 iussimus,
1453 2142 1512 2207 per
1528 2143 1628 2207 quam
1651 2121 1784 2186 omnino
1800 2118 1961 2204 iubemus,
1985 2129 2021 2185 ut
2036 2119 2145 2186 nullus

498 2222 652 2310 quislibet
675 2246 717 2289 ex
739 2222 892 2289 fidelibus
909 2225 1030 2289 nostris
1054 2245 1112 2290 seu
1128 2224 1169 2289 de
1192 2224 1368 2290 iudiciaria
1383 2233 1548 2312 potestate
1571 2225 1718 2313 prefatos
1734 2224 1960 2291 Comaolensis
1977 2223 2145 2290 decausis

497 2326 723 2412 superioribus
745 2326 878 2392 insertis
901 2327 1082 2413 inquietare
1105 2337 1162 2393 aut
1184 2328 1405 2415 calompniam
1437 2350 1593 2415 generare
1617 2352 1746 2417 qnoque
1769 2339 1916 2417 ternpore
1944 2337 2145 2416 presumant,

446 2445 477 2496 se
499 2439 565 2505 set,
600 2441 637 2497 ut
665 2431 826 2513 diximus,
861 2429 1060 2517 ubicumque
1088 2432 1175 2497 infra
1202 2455 1340 2518 regnum
1370 2443 1520 2498 nostrum
1548 2433 1646 2499 Italie
1675 2433 1911 2520 negotiandum
1941 2433 2145 2507 advenerint,

498 2534 586 2622 qnod
610 2535 759 2623 superius
781 2536 1020 2611 intimavimus,
1049 2535 1175 2624 absque
1198 2536 1373 2603 cuiuslibet
1394 2537 1665 2624 impedimentum
1688 2539 1854 2604 licentiam
1880 2537 2026 2604 habeant
2047 2557 2146 2622 nego-

498 2637 602 2704 tiandi
626 2637 658 2704 et
681 2661 701 2704 a
724 2641 846 2705 nemini
868 2640 1059 2707 violentiam
1083 2662 1144 2706 neo
1168 2641 1428 2726 inquietudinem
1451 2639 1573 2707 babere
1597 2663 1662 2707 non
1686 2642 1838 2727 debeant,
1863 2644 1969 2708 setin
1993 2640 2145 2708 omnibus

498 2745 699 2827 conservati,
734 2746 818 2811 siout
852 2748 1002 2833 superius
1037 2747 1241 2833 scripsimus,
1276 2769 1350 2812 esse
1383 2745 1536 2812 debeant.
1582 2748 1626 2813 Et
1657 2757 1693 2813 ut
1727 2747 1787 2813 hec
1820 2749 1989 2834 preceptio
2023 2747 2145 2812 nostris

497 2849 703 2936 futurisque⁸
724 2849 928 2936 temporibus
953 2851 1152 2917 inviolabilis
1174 2850 1287 2916 valeat
1307 2850 1497 2937 perdurare,
1534 2851 1574 2916 de
1597 2851 1695 2917 anulo
1722 2860 1835 2918 nostro
1866 2850 1978 2917 subter
2001 2848 2145 2936 sigillare

443 2971 478 3021 eo
498 2951 737 3041 precepimusl.

600 3075 691 3140 Data
713 3075 789 3141 idus
812 3079 956 3142 marcias
980 3099 1066 3143 anno
1090 3079 1194 3143 tercio
1223 3076 1351 3143 decimo
1376 3087 1409 3142 et
1438 3077 1577 3162 septimo
1601 3078 1693 3163 regni
1716 3079 1836 3160 nostri3
1876 3086 1986 3143 aoturn
2009 3078 2145 3161 Parma;

469 3180 530 3246 -in
553 3179 607 3246 dei
630 3182 763 3247 nomine
786 3181 938 3247 feliciter.

1287 3404 1372 3480 133.

496 3548 592 3622 Kerl
618 3551 683 3622 der
715 3548 843 3622 Groese
869 3549 1013 3622 oerleiltt
1039 3552 1103 3622 der
1128 3549 1261 3622 Kirelre
1287 3572 1354 3622 oon
1381 3548 1541 3640 Repeto
1568 3545 1792 3618 immanitati.

446 3681 479 3732 tt
1765 3668 1861 3728 Porio
1883 3669 1944 3728 761
1970 3667 2051 3727 Jani
2073 3670 2102 3728 8.

600 3843 791 3919 Anpetlielres
818 3843 956 3919 Oripinal
978 3844 1028 3904 des
1050 3848 1080 3909 9.
1104 3843 1158 3907 Jls.
1182 3845 1225 3903 im
1248 3841 1528 3918 contrementem
1549 3843 1660 3917 Reppe'o
1684 3839 1748 3920 (A).

607 3965 720 4041 Uqhellr'
733 3967 827 4026 Italia
848 3983 937 4027 saera
959 3962 1007 4040 5⁶,
1030 3970 1125 4040 1562,
1148 3971 1180 4029 2.
1196 3967 1242 4026 ed.
1258 3971 1290 4040 2,
1314 3971 1378 4029 244
1400 3974 1435 4028 n⁰
1448 3968 1491 4028 23
1514 3983 1550 4027 ea
1571 3968 1655 4028 ontt.
1673 3964 1796 4039 exempl.
1821 3963 1876 4044 (A)
1901 3986 1942 4020 =
1965 3963 2033 4036 Affo
2046 3963 2147 4024 Storta

601 4071 633 4129 di
654 4070 768 4130 Parma
789 4074 820 4143 1,
842 4075 907 4133 281
929 4074 999 4133 n⁰6
1021 4072 1253 4148 nnoolletrindip,
1287 4097 1325 4126 =
1349 4073 1456 4147 Meyne
1478 4073 1591 4135 Potrol.
1614 4075 1666 4142 97,
1692 4074 1775 4132 1009
1797 4076 1832 4128 n⁰
1853 4073 1882 4132 6.
1910 4103 1951 4114 -
1977 4069 2148 4128 tirotoeohr'

600 4172 691 4236 Mem.
714 4178 785 4237 otor.
808 4173 960 4236 Modoneei
982 4170 1029 4247 1⁶,
1061 4178 1082 4236 8
1104 4179 1172 4237 n⁰6
1195 4194 1252 4236 one
1275 4175 1313 4237 A.
1343 4208 1384 4221 -
1410 4176 1434 4234 I
1452 4172 1560 4235 cenati
1583 4175 1616 4235 di
1637 4174 1759 4234 Seeelriu
1781 4191 1797 4233 e
1818 4171 1936 4233 d’Eneo
1957 4167 2006 4245 2⁶,
2032 4175 2051 4234 6
2072 4177 2148 4234 n⁰2

601 4295 658 4339 aaa
679 4277 719 4341 A.
742 4310 783 4322 -
805 4277 999 4338 Mahlboolser
1021 4280 1093 4354 Rea.
1115 4282 1180 4342 239
1208 4279 1308 4359 (230).

601 4399 661 4458 Die
684 4398 799 4471 &trist
820 4402 898 4474 eeiyt
919 4402 993 4461 noch
1013 4407 1147 4476 pressere
1166 4401 1367 4462 Vestrontteit
1389 4404 1445 4462 nsit
1467 4401 1794 4477 Gereioverbr'ndanyen
1816 4401 1881 4461 and
1902 4399 2147 4475 diplomatieelsen

600 4505 740 4565 Forrnen.
765 4504 963 4578 Sr'qnameer'le
985 4506 1050 4565 and
1064 4507 1258 4581 Reoopnitr‘on
1282 4506 1355 4586 (nar
1377 4507 1457 4567 diese
1472 4507 1575 4568 beiden
1596 4509 1630 4567 r'n
1651 4507 1848 4582 nerlunperter
1863 4504 1990 4584 Solarift)
2013 4505 2148 4565 eoteinen

600 4628 658 4670 oon
678 4609 805 4671 onderer
817 4610 913 4670 Hand
931 4609 1081 4686 pefertiqt,
1105 4612 1161 4672 dae
1176 4613 1503 4687 Reoopnitr'onerer'ohen
1525 4616 1564 4674 ist
1586 4612 1802 4686 rnrpeeotielrtee
1819 4609 2071 4682 Sotntrlrelroerlr3
2093 4608 2147 4667 dos

603 4714 699 4790 sinet
719 4717 759 4774 iat
781 4713 959 4790 abresellen,
977 4717 1210 4788 'Kreaeselrnitt
1239 4717 1315 4776 nacla
1337 4716 1403 4775 dem
1426 4715 1568 4778 Atdraclr
1590 4717 1642 4776 der
1666 4715 1875 4790 Siepelrdnder
1896 4713 1960 4788 anf
1978 4715 2032 4773 der
2052 4714 2147 4773 rectio

605 4818 762 4894 folqenden
783 4819 873 4880 Folle
894 4821 934 4879 tet
967 4821 1049 4880 nieht
1071 4821 1316 4896 aneqeeelsloeeen,
1351 4820 1422 4882 does
1445 4821 1499 4881 dos
1522 4823 1613 4882 Statelr
1639 4824 1694 4881 nrit
1723 4823 1818 4880 einem
1847 4821 1945 4880 eristen
1968 4819 2064 4894 Siepet
2085 4835 2147 4878 oer-

602 4926 688 4984 eeten
703 4941 775 4985 war.
793 4956 833 4969 -
856 4923 993 4996 Versaeet
1013 4926 1090 4985 neela
1105 4925 1171 4984 dem
1187 4924 1250 4997 aas
1264 4925 1374 4986 Grand
1389 4924 1443 4985 der
1457 4926 1536 4986 alten
1551 4926 1693 4986 Formeln
1708 4926 1776 5006 (vol.
1793 4926 1895 4985 Forrn.
1909 4924 2055 4997 Moronlfi
2068 4924 2095 4995 I,
2112 4922 2146 5002 3)

602 5030 836 5090 aterarter'teten
850 5030 1016 5089 Fornulor
1032 5028 1087 5101 far
1101 5030 1319 5089 Immaniteten
1334 5031 1367 5088 in
1382 5028 1493 5090 ltalien
1517 5028 1662 5109 (darnart
1677 5031 1754 5091 each
1770 5036 1804 5091 n⁰
1818 5034 1869 5102 99,
1886 5031 1960 5100 135,
1977 5032 2042 5089 147
2056 5046 2087 5091 a.
2103 5027 2146 5106 a.)

601 5134 658 5209 opt.
682 5133 779 5195 distel
801 5134 900 5194 Beitr.
923 5153 950 5194 ε.
974 5134 1059 5207 Dipl.
1083 5134 1143 5193 ΙΠ
1162 5135 1280 5195 Wiener
1303 5132 1365 5196 SB.
1389 5137 1441 5205 47,
1463 5137 1538 5205 200,
1567 5134 1632 5196 UL.
1655 5137 1729 5196 154.
1767 5133 1943 5208 Interpotr'rt
1966 5133 2014 5192 die
2035 5131 2148 5192 Stetlen

601 5241 676 5300 ater
690 5239 739 5319 die
761 5238 837 5311 frete
852 5239 1087 5312 Bieolrofewotl:
1111 5238 1200 5298 tehen
1214 5238 1277 5297 siet
1299 5236 1377 5297 diese
1391 5237 1480 5297 seleon
1502 5236 1622 5308 fonnell
1643 5237 1752 5310 setorf
1762 5256 1818 5298 oon
1833 5241 1899 5298 dem
1915 5237 2011 5310 fasten
2029 5236 2148 5312 Gestae

599 5343 648 5404 dee
670 5343 850 5403 Formalors
878 5345 915 5404 ab
939 5343 1008 5423 (opt.
1030 5341 1172 5421 n⁰135)‚
1206 5359 1238 5401 so
1260 5342 1300 5400 iet
1333 5342 1398 5401 eine
1431 5341 1580 5415 derartipe
1607 5342 1785 5416 Verleilrnnq
1816 5345 1849 5402 in
1876 5341 2066 5414 Verbindanp
2092 5343 2147 5399 mit

602 5448 782 5507 Immanitttt
805 5447 882 5505 aeolo
903 5447 1030 5506 soclrlict
1051 5447 1305 5522 anepeeelrloseem
1341 5449 1386 5507 sie
1407 5446 1501 5520 findet
1523 5449 1586 5506 sich
1608 5450 1641 5507 in
1663 5449 1765 5508 leiner
1786 5447 1917 5506 anderen
1938 5449 2147 5507 Immanitttte·

601 5551 771 5626 cerleilsmrq
793 5550 890 5611 dieser
907 5551 974 5612 Zeit
997 5550 1053 5624 far
1066 5551 1187 5623 italien,
1210 5553 1282 5611 aber
1302 5553 1380 5611 anet
1402 5553 1507 5612 ebenso
1530 5554 1624 5626 wenip
1646 5554 1680 5612 in
1702 5553 1760 5611 den
1780 5552 1943 5612 Urlranden
1965 5551 2016 5612 des
2037 5555 2066 5613 9.
2083 5550 2148 5611 und

602 5661 653 5719 10.
678 5658 730 5718 Jt.
756 5655 812 5730 far
833 5658 955 5731 Reppio.
979 5658 1109 5718 Rachoni
1132 5659 1166 5716 in
1188 5657 1240 5716 der
1261 5657 1455 5731 Reoopns'tion
1477 5657 1608 5716 verdertt
1632 5675 1690 5718 aas
1712 5657 1833 5718 Radani.

601 5831 659 5908 (0.)
681 5826 821 5895 Carolus
837 5829 945 5916 gratia
960 5829 1012 5895 dei
1026 5853 1087 5895 rex
1102 5831 1306 5896 Francorum
1322 5838 1355 5894 et
1370 5827 1666 5915 Langobardorum
1682 5851 1722 5894 ac
1738 5830 1898 5916 patricius
1914 5828 2147 5896 Romanorum.

602 5932 786 6000 Maximum
801 5935 894 6020 regni
909 5936 1012 6001 nostri
1031 5935 1065 5998 in
1080 5930 1143 5998 hoo
1159 5955 1280 6019 augere
1295 5933 1460 5999 oredimus
1476 5933 1723 6010 monimentum,
1750 5935 1778 5998 si
1793 5932 1955 6000 beneficia
1971 5943 2147 6020 oportuna,

576 6102 636 6160 182.
654 6105 677 6172 t)
694 6104 795 6159 eseeO
896 6105 925 6174 g)
942 6120 1013 6160 corr.
1033 6120 1088 6159 aaa
1106 6106 1239 6172 fueritque
1344 6107 1373 6172 h)
1390 6107 1554 6172 precipimur
1573 6106 1600 6160 0.
