5642 7159
1078 766 1197 827 KABL
1222 767 1311 828 111111
1333 766 1500 829 GROSSE
1524 763 1597 831 788.

613 918 752 1035 Signum
775 951 842 1035 (11.)
864 951 980 1017 Karoli
1004 951 1230 1038 gloriosissimi
1253 956 1350 1038 regis.

613 1089 704 1156 Data
728 1109 768 1154 111
796 1091 870 1156 idus
899 1091 978 1156 iunii
1010 1089 1116 1175 <anno
1144 1092 1187 1158 ah
1216 1093 1444 1157 incarnatione
1474 1092 1597 1156 domini
1628 1107 1868 1174 nccrrxxxvnr,
1902 1089 2080 1155 indictione
2108 1109 2155 1175 X1,

509 1203 628 1279 epacta
653 1212 699 1277 rx,
724 1204 939 1261 concurrente
963 1194 1008 1279 11>
1034 1217 1121 1260 anno
1144 1216 1221 1260 vero
1245 1195 1361 1260 Karoli
1384 1196 1471 1280 regis
1494 1213 1552 1258 xx.

1292 1522 1377 1597 162.

472 1678 606 1749 sKorl
638 1681 702 1750 der
740 1678 867 1751 Grosse
900 1680 1039 1751 8818811
1071 1683 1134 1752 der
1166 1682 1298 1755 Kirebe
1332 1629 1398 1754 eoa
1432 1681 1483 1752 M
1484 1688 1550 1753 etr
1589 1682 1677 1754 roob
1710 1684 1773 1753 der
1813 1682 2158 1775 Wederpewiaeunp

510 1798 665 1870 Boe’eras
691 1802 756 1871 dos
782 1801 1068 1874 libererlclostor
1097 1801 1278 1874 Ghiemsce.

1618 1909 1808 1985 assessor-9
1831 1912 1894 1971 788
1921 1908 2041 1969 October
2060 1912 2114 1970 25.

614 2093 795 2167 Sclrbarqer
816 2095 1071 2154 Kammerbttcleer
1097 2113 1155 2154 aas
1185 2095 1251 2154 dem
1273 2097 1361 2156 Eride
1388 2097 1438 2155 des
1465 2101 1515 2156 13.
1541 2098 1593 2158 Jh.
1619 2099 1677 2160 Bd.
1702 2105 1732 2172 1,
1761 2089 1861 2172 fi33'
1891 2103 1933 2159 im
1957 2100 2159 2162 818818818ὴί8

613 2216 654 2256 aa
684 2199 770 2259 Wiea
791 2196 851 2277 (0)

617 2336 820 2415 (Kleimayrrr)
845 2339 971 2398 1888818
987 2338 1066 2398 Aah.
1083 2343 1125 2400 48
1139 2344 1174 2397 rs⁰
1188 2343 1209 2399 8
1223 2356 1280 2399 aas
1297 2337 1323 2398 O
1342 2363 1383 2394 =
1407 2340 1561 2414 Hormayr
1583 2341 1685 2415 Beytr.
1708 2359 1736 2401 r.
1756 2340 1858 2400 osea
1878 2341 1974 2400 Tirols
1988 2345 2019 2412 2,
2044 2345 2063 2401 9
2081 2347 2115 2400 rr⁰
2129 2346 2159 2402 1.

614 2475 655 2529 7-
679 2442 874 2501 Metldbocber
895 2441 967 2516 Req.
990 2446 1056 2503 298
1080 2443 1179 2521 (289).

615 2581 778 2640 Formalor
802 2604 839 2634 z:
863 2587 897 2640 a⁰
911 2585 962 2653 81,
987 2586 1060 2643 117.
1092 2616 1131 2625 -
1169 2582 1235 2641 Dos
1269 2582 1815 2656 88118888181189188898ρα1νή18
1836 2583 1900 2642 aad
1923 2584 1956 2642 r'rs
1978 2582 2036 2642 derv
2058 2585 2161 2642 beiden

620 2685 777 2760 folgenden
804 2686 968 2746 Urhundea
994 2691 1087 2746 8181
1117 2687 1251 2746 8818811
1276 2686 1476 2761 89181151.
1528 2686 1620 2746 Ueher
1642 2686 1862 2761 Doddoqreeaa
1897 2689 1982 2745 einen
2004 2687 2075 2745 Irerr
2097 2687 2162 2746 aad

400 2867 403 2873 Ι
620 2789 770 2849 Gonoessa
800 2790 849 2848 des
872 2789 1012 2862 Bisehofs
1040 2791 1135 2864 Vergit
1160 2808 1216 2849 oon
1237 2789 1396 2863 Sotaburq,
1430 2787 1586 2849 Conversio
1609 2791 1739 2864 Bopoor.
1764 2795 1790 2850 et
1815 2789 1936 2851 Carent.
1961 2809 1984 2852 c.
2007 2790 2095 2854 211.
2123 2792 2158 2853 G.

459 2909 491 2957 rs
618 2892 672 2954 SS.
697 2897 749 2964 11,
774 2896 803 2955 6.

616 3080 761 3145 Karolus
784 3082 898 3165 gracia
921 3081 997 3145 dei·
1017 3105 1077 3146 rex
1093 3081 1298 3147 Francorum
1321 3091 1354 3146 et
1373 3081 1670 3167 Longobardorum
1694 3104 1735 3148 ac
1758 3085 1915 3168 patricius
1938 3084 2161 3149 Romanorum

516 3184 667 3250 omnibus
690 3184 843 3250 fidelibus
867 3186 989 3249 nostris
1004 3185 1213 3270 presentibus
1236 3194 1269 3251 81
1283 3186 1414 3250 futuris.
1520 3186 1686 3272 Quicquid
1707 3187 1793 3252 enim
1817 3211 1859 3252 ex
1882 3187 1957 3264 hiis,
1980 3210 2043 3274 que
2066 3188 2162 3253 nobis

515 3288 628 3353 divina
651 3289 756 3373 pietas
779 3287 955 3353 affluenter
976 3287 1121 3353 tribuere
1145 3288 1308 3374 dignatur,
1343 3287 1426 3354 locis
1449 3289 1693 3356 venerabilibus
1721 3291 1754 3354 in
1778 3310 1889 3355 amore
1920 3290 1971 3355 dei
1995 3290 2161 3376 largimur,

513 3392 576 3457 hoe
600 3391 696 3457 nobis
720 3391 763 3456 ad
785 3392 945 3457 mercedis
969 3403 1181 3478 augmentum
1207 3416 1264 3459 seu
1288 3393 1503 3460 stabilitatem
1524 3397 1617 3480 regni
1639 3379 1744 3460 nostri
1768 3397 1929 3481 pertinere
1956 3394 2162 3461 confidimus.

459 3516 494 3563 ao
515 3497 620 3584 Igitur
642 3498 719 3583 quia
742 3495 881 3561 ducatus
905 3497 1059 3562 Baioarie
1082 3522 1124 3563 ex
1147 3519 1250 3584 regno
1273 3507 1387 3563 nostro
1403 3499 1607 3563 Francorum
1631 3497 1799 3584 aliquibus
1822 3497 2025 3584 temporibus
2048 3498 2161 3562 infide·

514 3601 590 3667 liter
617 3623 676 3687 por
702 3599 867 3686 malignos
896 3600 1045 3666 homines
1069 3601 1246 3668 Odilonem
1274 3610 1309 3668 et
1331 3601 1552 3681 Tassilonem,
1582 3603 1803 3688 propinquum
1832 3611 1991 3684 nostrum,
2025 3600 2163 3666 anobis

516 3704 706 3770 subtractus
730 3713 763 3768 et
785 3703 948 3769 alienatus
972 3705 1043 3778 fuit,
1068 3728 1166 3791 quem
1191 3728 1277 3770 nunc
1301 3706 1508 3771 moderatore
1532 3707 1735 3771 iusticiarum
1760 3705 1822 3771 deo
1845 3715 1960 3772 nostro
1983 3705 2163 3770 adiuvante

516 3810 558 3874 sd
580 3809 746 3896 propriam
770 3811 1000 3874 revocavimus
1025 3808 1196 3892 dicionem,
1219 3811 1344 3875 idcirco
1369 3812 1499 3876 noverit
1521 3812 1713 3896 magnitudo
1738 3832 1796 3877 seu
1820 3810 1946 3875 utilitas
1969 3819 2080 3875 vestra
2103 3831 2163 3874 nos

515 3935 574 4000 pro
599 3913 709 3978 divino
733 3914 852 3978 intuitu
876 3922 908 3977 et
923 3915 1032 3979 anime
1055 3923 1167 3979 nostre
1190 3937 1249 3980 seu
1264 3935 1368 3979 uxore
1391 3924 1424 3979 et
1448 3913 1596 4001 prolibus
1619 3938 1640 3979 a
1657 3914 1709 3980 die
1732 3915 1876 4000 presenti
1899 3913 2030 3980 dedisse
2054 3935 2163 3979 sacro·

460 4033 493 4083 ao
517 4027 631 4083 sancte
654 4017 955 4083 Mediomatricensi
984 4017 1135 4102 ecclesie,
1163 4041 1226 4105 que
1260 4017 1337 4083 almi
1370 4019 1634 4105 prothomartiris
1664 4017 1787 4083 Christi
1817 4027 1850 4084 et
1883 4017 1980 4083 levite
2003 4017 2163 4104 Stephani

516 4122 675 4207 sanguine
705 4120 892 4202 decoratur,
927 4120 984 4186 ubi
1020 4122 1070 4187 vir
1095 4122 1293 4189 venerahilis
1322 4123 1568 4208 Engilrammus
1603 4121 1873 4208 archiepiscopus
1907 4122 2056 4208 pontifex
2090 4143 2165 4187 esse

517 4225 709 4305 dinoscitur,
745 4226 800 4310 qui
824 4233 857 4289 et
885 4234 1034 4290 sanctam
1055 4225 1219 4312 capellam
1242 4226 1362 4312 palacii
1386 4229 1488 4292 nostri
1512 4225 1696 4311 gubernare
1718 4226 1856 4300 videtur,
1885 4225 2109 4311 donatumque
2132 4227 2163 4290 in

515 4339 675 4418 perpetuo
698 4328 743 4394 ad
765 4329 930 4415 prefatum
953 4331 1181 4415 episcopatum
1211 4351 1284 4396 esse
1307 4329 1461 4396 volumus
1484 4354 1527 4396 ex
1555 4329 1704 4416 predicto
1728 4330 1853 4394 ducatu
1875 4330 2028 4395 Baioarie
2051 4351 2164 4394 mona·

517 4434 653 4499 sterium
683 4434 828 4497 virorum
857 4432 989 4497 nomine
1011 4433 1213 4517 Kieminseo,
1245 4433 1333 4519 quod
1357 4433 1597 4519 Doddogreeus
1625 4435 1817 4519 peregrinus
1847 4431 1972 4505 habuit,
2005 4432 2093 4518 quod
2116 4442 2166 4498 est

461 4556 495 4605 so
518 4539 551 4604 in
573 4538 697 4604 honore
721 4537 842 4603 domini
866 4546 899 4602 et
922 4537 1098 4603 salvatoris
1121 4537 1224 4603 nostri
1247 4538 1324 4603 Iesu
1348 4537 1470 4604 Christi
1494 4547 1729 4618 constructum,
1756 4559 1831 4601 cum
1856 4538 1943 4602 omni
1967 4536 2165 4621 integritate,

517 4641 718 4708 adiacenciis
741 4640 868 4707 scilicet
891 4651 924 4706 et
946 4642 1151 4727 appendiciis
1174 4644 1242 4706 suis
1266 4641 1309 4707 ad
1332 4642 1496 4728 prefatam
1520 4651 1669 4706 sanctam
1692 4640 1877 4723 ecelesiam,
1913 4641 2000 4705 sieut
2021 4640 2165 4726 presenti

517 4755 662 4831 tempore
679 4753 712 4810 et
727 4767 814 4809 nunc
829 4744 999 4830 possidere
1016 4744 1154 4827 ridetur,
1178 4745 1258 4828 iure,
1282 4756 1319 4811 ut
1337 4745 1495 4828 diximus,
1519 4746 1706 4811 firmissimo
1724 4743 1961 4830 delegavimus.
1988 4743 2167 4831 Propterea

518 4849 603 4913 hanc
618 4850 867 4934 precepcionem
882 4847 1091 4912 auctoritatis
1107 4857 1219 4913 nostre
1235 4849 1443 4915 conscribere
1459 4846 1645 4932 iussimusl’,
1662 4871 1837 4935 perquam
1854 4848 1986 4912 omnino
2003 4847 2167 4938 volumus,

518 4961 555 5017 ut
577 4952 742 5037 prefatum
763 4954 1011 5036 monasterium,
1044 4955 1128 5017 siout
1150 4976 1209 5040 per
1228 4952 1439 5018 Ambrosium
1464 4974 1655 5038 possessum
1679 4953 1749 5034 fuit,
1779 4960 1979 5017 memoratus
2009 4953 2166 5036 archiepi-

462 5071 496 5120 88
520 5076 639 5141 scopus
662 5054 811 5142 partibus
828 5055 968 5121 ecclesie
984 5056 1142 5121 Metensis
1166 5058 1281 5143 suique
1297 5079 1511 5142 successores¹
1530 5080 1590 5143 pro
1614 5056 1779 5122 mercedis
1801 5065 1914 5120 nostre
1938 5063 2116 5140 augmento
2136 5063 2168 5118 et

518 5160 750 5244 redempcione
774 5161 883 5225 animo
906 5158 1061 5241 habeant,
1085 5169 1221 5226 teneant
1243 5169 1343 5246 atque
1365 5161 1559 5246 possideant
1582 5169 1614 5225 et
1630 5159 1674 5224 ad
1696 5161 1802 5244 ipsam
1818 5167 1968 5224 sanctam
1992 5157 2168 5222 ecclesiam

520 5266 607 5329 omni
631 5275 779 5352 tempore
803 5286 877 5330 cum
900 5265 1090 5350 integritate
1113 5266 1145 5329 in
1168 5267 1355 5350 augmentis
1380 5263 1546 5350 proficiat;
1571 5273 1603 5328 et
1625 5261 1735 5328 nullus
1759 5261 1897 5348 quilibet
1920 5261 1988 5326 dux
2013 5283 2070 5326 seu
2086 5259 2168 5324 iudi·

519 5368 623 5431 ciaria
645 5375 795 5453 potestas
819 5391 876 5433 seu
901 5367 1047 5454 quelibet
1069 5389 1213 5454 persona
1236 5369 1277 5433 de
1300 5366 1495 5453 supradicto
1518 5367 1717 5432 monasterio
1748 5364 1913 5450 rebusque
1937 5362 2058 5428 ibidem
2081 5363 2167 5449 aspi-

519 5470 684 5536 cientibus
719 5471 908 5556 sepedicto
935 5470 1026 5537 urhis
1060 5473 1254 5558 episcopos·
1282 5481 1316 5537 et
1344 5470 1520 5557 agentibus
1556 5493 1669 5535 eorum
1692 5469 1813 5535 exinde
1844 5468 2027 5554 inquietare
2062 5487 2168 5552 neque

463 5592 498 5640 40
520 5574 745 5660 calumpniam
769 5597 926 5660 generare
949 5583 1135 5661 presumat,
1171 5575 1228 5640 sed
1252 5575 1296 5640 ad
1326 5577 1432 5663 ipsam
1463 5585 1612 5639 sanctam
1642 5574 1818 5639 ecclesiam
1840 5573 1961 5636 nostris
1991 5580 2023 5634 et
2049 5570 2169 5635 futuris

519 5677 724 5763 temporibus
747 5678 876 5765 absque
898 5679 1075 5744 cuiuslibet
1098 5677 1332 5765 impedimento
1348 5680 1383 5743 in
1406 5679 1590 5763 augmentis
1607 5677 1768 5763 proficiat.
1793 5677 1837 5740 Et
1851 5684 1888 5739 ut
1910 5674 1970 5738 heo
1987 5675 2169 5738 auotoritas

518 5782 682 5847 firmitatis
706 5790 819 5848 nostre
847 5782 964 5848 melius
987 5782 1149 5848 habeatur
1176 5791 1235 5847 aut
1257 5805 1315 5868 per
1345 5791 1497 5867 tempora
1519 5788 1741 5860 conservetur,
1777 5801 1877 5844 manu
1899 5777 2033 5863 propria
2057 5776 2170 5840 subter

518 5886 723 5951 firmavimus
747 5895 781 5952 et
804 5887 844 5952 ds
867 5885 965 5950 anulo
989 5895 1103 5951 nostro
1128 5885 1273 5972 sigillare
1295 5887 1463 5950 iussimus.
1597 5888 1605 5900 '

599 6073 658 6130 lot.
676 6075 704 6142 a)
721 6076 764 6127 dai
782 6077 874 6142 gracia
893 6073 917 6128 0
1017 6073 1046 6141 b)
1063 6076 1257 6128 conseribimus
1277 6073 1300 6128 C
1402 6074 1428 6141 8)
1446 6077 1587 6142 spiscopus
1607 6072 1635 6126 0.
