5642 7159
1053 737 1173 798 ussa
1195 738 1285 799 DEB
1305 736 1476 799 GBOSSE
1500 733 1572 801 780.
2072 733 2132 799 181

487 927 632 1012 ipsorum
655 924 893 990 monachorum
916 926 1156 991 sustentatione
1178 924 1232 990 vel
1255 923 1414 990 alimenta
1428 934 1574 990 rectores
1598 926 1648 989 sui
1670 925 1705 989 in
1727 944 1840 990 eorum
1864 923 2022 990 haberent
2044 933 2134 1012 pote·

488 1037 606 1094 statem
629 1028 769 1116 pleniter
792 1026 1014 1094 dominandil.
1060 1029 1189 1111 Quibus
1211 1028 1391 1116 praedictis
1421 1030 1501 1095 viris
1531 1026 1777 1098 venerabilibus
1812 1017 1866 1092 ita
1888 1027 2139 1113 aptificantibus¹

488 1153 600 1198 eorum
623 1155 741 1198 manus
758 1131 933 1198 roboratas
957 1154 1022 1197 uno
1039 1142 1153 1201 tenore
1176 1136 1382 1221 conscriptas
1398 1133 1496 1199 nobis
1520 1133 1736 1200 ostenderunt
1754 1131 1958 1217 relegendas,
1983 1141 2136 1218 optantes

487 1261 605 1323 nempe
626 1247 680 1320 ut,
710 1239 795 1303 sicut
816 1259 874 1303 eos
902 1245 1034 1302 constat
1058 1240 1229 1305 sancxisse
1251 1262 1310 1325 pro
1335 1260 1447 1304 amore
1470 1227 1608 1318 Christi,
1637 1239 1685 1301 ita
1714 1245 1747 1301 et
1769 1247 1828 1300 nos
1857 1237 1890 1301 in
1913 1246 2026 1302 nostra
2049 1235 2136 1323 aely-

450 1343 616 1407 cmosina
639 1342 833 1409 confirmare
855 1341 1061 1409 deberemus.
1102 1342 1249 1424 Quorum
1272 1344 1435 1429 peticione
1458 1342 1667 1428 nequivimus
1692 1340 1865 1424 denegare,
1890 1340 1949 1406 sed
1971 1341 2082 1408 taliter
2103 1343 2136 1406 in

487 1445 640 1512 omnibus
669 1446 884 1512 confirmasse
912 1447 1112 1532 cognuscite.
1158 1448 1406 1534 Praecipiuntes
1440 1448 1541 1520 enim,
1578 1454 1631 1529 ut,
1667 1446 1752 1510 sicut
1784 1467 1897 1511 eorum
1929 1449 2137 1511 continentur

488 1549 659 1635 epistulas,
683 1571 765 1635 quas
780 1551 865 1615 inter
881 1573 916 1615 se
931 1549 1177 1634 confirmarunt,
1200 1553 1248 1616 ita
1262 1561 1297 1617 et
1316 1550 1471 1636 deinceps
1488 1573 1508 1614 a
1531 1550 1626 1615 nobis
1648 1550 1701 1616 vel
1725 1549 1978 1615 succedentibus
2001 1550 2136 1637 regibus

487 1662 588 1739 atque
603 1651 815 1739 pontificibus
837 1652 891 1718 vel
908 1653 1088 1719 abbatibus
1106 1656 1198 1719 sitin
1214 1655 1367 1720 omnibus
1391 1654 1627 1742 perpetualiter
1642 1643 1873 1719 conservatum
1897 1662 1930 1718 et
1943 1676 2004 1720 neu
2023 1645 2136 1719 nostra

488 1756 541 1823 vel
563 1757 704 1823 aliorum
724 1779 840 1844 regum
863 1757 927 1823 hoc
949 1760 1158 1846 inrumpatur
1180 1757 1366 1826 sublimitas
1389 1782 1451 1824 neu
1474 1760 1704 1845 episcoporum
1727 1767 1786 1823 aut
1815 1757 1973 1822 abbatum
1997 1758 2137 1825 violetur

436 1878 468 1928 ιο
490 1883 592 1927 saeva
614 1861 789 1948 cupiditas.
823 1861 869 1927 Et
890 1872 928 1928 ut
949 1863 1031 1928 baeu
1055 1864 1239 1929 auctoritas
1262 1864 1386 1929 firmior
1407 1862 1571 1930 habeatur
1593 1862 1647 1928 vel
1669 1885 1728 1949 per
1749 1871 1900 1949 tempora
1922 1860 2037 1927 melius
2060 1885 2135 1929 uon-

489 1974 647 2050 servetur,
671 1964 712 2031 de
731 1965 830 2032 anulo
854 1974 969 2032 nostro
993 1965 1107 2032 subter
1134 1967 1362 2054 sigillavimus.

587 2102 802 2186 (0321th
826 2105 928 2190 relegi
952 2115 986 2171 et
1006 2103 1022 2186 ξ
1044 2109 1111 2183 (SR.
1131 2110 1211 2171 Ru:
1235 2109 1323 2170 Rada
1344 2110 1532 2186 subscripsi).
1557 2110 1613 2185 (SI.
1640 2107 1682 2187 1.)

591 2242 683 2308 Data
699 2252 819 2309 octavo
845 2244 919 2310 idus
934 2245 1078 2312 marcias
1101 2266 1189 2310 anno
1207 2245 1402 2311 duodecimo
1426 2246 1519 2331 regui
1534 2248 1652 2330 nostri3
1676 2255 1788 2312 autum
1805 2245 1983 2314 Uurma‘sia
2005 2248 2140 2316 civitate

488 2346 634 2434 publico.

436 2668 468 2716 rs
1279 2643 1365 2719 131.

489 2801 586 2874 Karl
611 2803 675 2875 der
706 2801 834 2876 Grosse
861 2803 1020 2897 beatutipt
1046 2807 1124 2878 dem
1150 2805 1296 2878 Klostcr
1321 2803 1365 2875 N
1368 2804 1586 2876 ouuotulu
1612 2806 1679 2876 deu
1706 2803 1836 2878 Besita.

1639 2943 1843 3018 -Lippspunoe
1867 2946 1928 3004 780
1952 2943 2022 3038 Juls'
2045 2946 2096 3006 28.

598 3131 737 3208 Oriyinaz
758 3136 802 3193 im
824 3132 935 3195 Archiv
957 3135 1010 3195 der
1031 3135 1120 3196 Abtei
1140 3154 1181 3195 aa
1203 3135 1381 3197 Nonantula
1404 3134 1470 3215 (A).

596 3274 769 3335 fil'rabosubi
791 3273 894 3336 Stors’c
917 3275 950 3335 di
971 3276 1143 3346 Nuacutolu
1163 3280 1195 3347 2,
1218 3279 1262 3338 26
1284 3283 1318 3335 η’
1332 3279 1373 3335 11
1396 3293 1455 3336 aas
1477 3275 1515 3334 A.
1538 3308 1581 3324 -.
1603 3275 1798 3335 Matusarum
1819 3276 1893 3350 Res.
1909 3273 2097 3354 229¹(222).

438 3424 470 3472 ιο
598 3412 686 3473 cm
707 3430 764 3473 ocu
782 3413 909 3474 Gittbert
928 3416 1132 3489 qesuueoem
1154 3415 1419 3490 dissuasurus
1440 3417 1480 3476 ist
1502 3415 1610 3486 radirt,
1635 3432 1664 3473 es
1686 3413 1757 3474 sind
1778 3431 1839 3473 aur
1860 3415 1934 3473 noct
1956 3413 2004 3474 die
2020 3411 2143 3490 spirare

593 3534 650 3576 voa
671 3519 746 3578 auci
770 3517 955 3595 obortarum
976 3520 1117 3582 statutas.

600 3723 657 3803 (0.)
680 3724 694 3808 ξ
717 3721 857 3790 Carolus
881 3722 1041 3810 [gra]tia·
1062 3725 1114 3790 dei
1136 3747 1197 3789 rex
1219 3725 1425 3789 Francorum
1454 3732 1487 3796 et
1509 3722 1807 3810 Langobardorum
1836 3745 1875 3789 ac
1898 3725 2058 3810 patricius
2080 3725 2143 3791 Ro-

492 3847 665 3892 manorum
689 3827 842 3894 omnibus
864 3827 1018 3894 fidelibus
1043 3828 1166 3903 nostris
1188 3837 1257 3892 tam
1280 3826 1493 3915 presentibus
1517 3849 1682 3914 quamque
1705 3828 1837 3893 futuris.
1943 3826 1977 3893 Si
2002 3851 2051 3911 ea,
2080 3850 2143 3916 que

493 3926 620 4016 [erga]b
641 3929 724 3996 locis
758 3930 1005 3996 venerabilibus
1034 3954 1093 4018 per
1126 3941 1309 3998 strumenta
1338 3933 1541 3998 anteriorum
1573 3954 1688 4019 rugum
1716 3932 1801 3998 iuste
1830 3954 1872 4018 ae,
1903 3932 2144 3999 rationabiliter

439 4049 471 4098 ιι
491 4033 613 4121 largita
634 4034 688 4100 vel
702 4035 893 4101 condonata
908 4044 996 4119 sunt,
1019 4044 1134 4101 nostro
1149 4039 1330 4103 munimine
1346 4037 1591 4120 confirmamus,
1615 4037 1741 4121 regiam
1756 4034 1909 4123 ἰιιιιιιῌι]ο
1930 4033 1944 4120 ξ
1960 4037 2143 4102 exeruimus

493 4140 768 4206 consuetudinem
792 4149 892 4227 atque
915 4140 977 4206 hoc
992 4140 1091 4208 nobis
1114 4141 1159 4207 ad
1181 4151 1328 4207 eternam
1343 4140 1583 4207 beatitudinem
1606 4142 1640 4206 in
1664 4140 1716 4206 dei
1732 4140 1865 4205 nomine
1888 4141 2051 4227 pertinere
2067 4161 2144 4205 con-

492 4240 636 4309 fidimus.
664 4243 762 4310 Unde
785 4254 988 4332 compertum
1013 4246 1056 4311 sit
1079 4245 1223 4311 omnium
1246 4253 1430 4311 vestrorum
1453 4243 1682 4330 magnitudini,
1707 4243 1850 4331 qualiter
1873 4242 2072 4310 venerabilis
2096 4245 2145 4309 vir

493 4346 672 4413 Anselmus
695 4347 783 4414 abba
807 4349 847 4415 de
870 4352 1070 4416 monasterio
1093 4359 1304 4436 noncupante
1326 4349 1526 4428 Nonantola,
1551 4348 1641 4434 quod
1663 4358 1714 4413 est
1736 4357 1963 4414 constructum
1986 4350 2020 4413 in
2043 4370 2143 4414 onore

495 4451 639 4516 omnium
673 4451 902 4538 apostolorum
931 4464 965 4519 et
997 4453 1087 4520 beati
1117 4452 1269 4519 Siluestri
1302 4454 1519 4537 confessoris,
1556 4455 1653 4518 situm
1682 4455 1715 4518 in
1747 4454 1923 4518 terraturio
1946 4452 2142 4536 Mutinense,

440 4568 473 4617 uo
494 4552 689 4620 clementiae
712 4557 804 4642 regui
827 4559 931 4623 nostri
947 4559 1053 4644 petiit,
1076 4579 1115 4624 eo
1139 4555 1229 4644 quod
1243 4557 1439 4623 Haixtulfus
1463 4558 1514 4623 vel
1539 4559 1639 4623 ceteri
1658 4556 1826 4644 quondam
1849 4579 1945 4643 reges
1968 4578 2008 4621 au
2026 4556 2144 4644 reliqui

493 4655 556 4722 deu
579 4659 732 4725 timentes
756 4660 904 4727 homines
920 4683 1034 4728 eorum
1056 4684 1110 4727 res
1126 4660 1170 4726 ad
1192 4670 1409 4727 memoratum
1433 4670 1585 4727 sanctum
1607 4661 1717 4727 locum
1735 4660 1990 4726 condonassent.
2013 4660 2142 4727 Idcirco

493 4761 586 4847 petiit
608 4773 810 4829 memoratus
845 4763 934 4830 abba
956 4765 1144 4831 celsitudini
1174 4775 1302 4848 nostre,
1330 4775 1368 4832 ut
1391 4767 1548 4832 ecclesias
1572 4766 1655 4831 duas
1684 4767 1718 4830 in
1749 4787 1855 4832 onore.
1881 4767 1987 4831 sancti
2011 4765 2146 4832 Martini

495 4865 577 4931 sitas
600 4867 633 4930 in
655 4867 729 4953 ipsa
751 4867 817 4932 fine
832 4866 1020 4953 Mutinense
1043 4891 1110 4934 una
1133 4890 1208 4933 cum
1230 4891 1343 4934 earum
1366 4869 1552 4955 apendiciis
1576 4869 1676 4934 etiam
1699 4878 1732 4935 et
1748 4867 1921 4935 νιιιΙᾶοιιιιι
1944 4871 2040 4935 terris
2056 4869 2147 4935 silvis

493 4970 597 5056 pratis
621 4973 752 5056 pascois
769 4971 895 5037 saltora
917 4970 1101 5039 confinibus
1117 4973 1267 5059 piscariis
1293 4995 1350 5038 seu
1373 4983 1407 5038 et
1430 4974 1592 5060 portatico
1616 4973 1673 5038 illo
1698 4972 1738 5038 de
1762 4971 1928 5039 Ciuitate⁸
1950 4974 2057 5058 Noua,
2081 4996 2144 5061 que

440 5088 473 5138 aa
495 5071 621 5140 anuue‘
648 5073 838 5160 collegitur,
872 5078 971 5142 etiam
1000 5077 1078 5161 hou,
1113 5078 1203 5164 quod
1231 5100 1290 5164 per
1323 5076 1484 5143 bonorum
1518 5077 1686 5142 hominum
1720 5075 1873 5164 largitate
1906 5076 2028 5142 ibidem
2062 5076 2147 5142 iuste

495 5177 663 5244 conlatum
686 5180 748 5244 fuit
770 5188 829 5245 aut
850 5181 985 5247 inantea
1008 5181 1197 5267 delegatum
1220 5182 1335 5266 fuerit,
1370 5205 1430 5270 per
1452 5191 1600 5248 nostrum
1624 5192 1833 5267 preceptum,
1869 5182 1954 5246 sicut
1976 5182 2011 5246 in
2034 5202 2147 5246 eorum

494 5282 661 5347 anteriora
683 5281 875 5350 declaratur
896 5295 1069 5372 precepta,
1098 5308 1161 5371 que
1184 5287 1368 5351 anteriores
1399 5307 1493 5372 reges
1516 5285 1638 5351 ibidem
1669 5285 1921 5373 delegaverunt,
1951 5285 2148 5350 confirmare

495 5384 699 5451 deberemus.
739 5385 842 5454 Cuius
865 5389 1016 5476 petitioni
1040 5389 1204 5474 denegare
1227 5389 1410 5471 noluimus,
1447 5388 1506 5454 sed
1527 5391 1575 5455 ita
1598 5391 1791 5477 prestetisse
1815 5399 1915 5475 atque
1938 5389 1971 5453 in
1996 5388 2148 5454 omnibus

495 5490 709 5556 confirmasse
737 5494 939 5579 cognuscite.
984 5494 1210 5580 Precipientes
1240 5495 1327 5559 enim
1349 5493 1516 5578 iubemus,
1548 5504 1599 5578 ut,
1632 5495 1717 5559 sieut
1738 5494 1773 5559 in
1803 5495 2005 5559 anteriorum
2033 5514 2148 5579 regum

441 5679 474 5728 40
573 5634 635 5736 im.
652 5681 681 5749 b)
699 5680 788 5736 daem
805 5685 824 5736 3
841 5681 971 5748 eiufacbc
989 5681 1106 5750 Scbfiste
1123 5683 1229 5737 radirt.

572 5783 632 5840 1³1.
652 5785 737 5852 a)die
750 5786 1033 5858 &tristabpcriebea
1102 5789 1131 5857 b)
1148 5805 1207 5842 rtur
1222 5789 1300 5842 metr
1312 5787 1567 5843 Buubstabearcatc
1579 5786 1713 5848 sistitur,
1732 5786 1831 5841 welche
1843 5803 1908 5855 erga
1919 5785 2150 5840 wabrscbeials'eb
2254 5821 2255 5824 =

651 5856 774 5920 mutar,
793 5857 866 5923 olim,
879 5857 932 5911 dus
947 5857 1113 5912 Tirabusubi
1125 5857 1194 5928 pibt,
1207 5857 1247 5917 ist
1259 5857 1489 5927 auspescttorsm
1559 5857 1584 5922 u)
1596 5860 1712 5926 eruam
1724 5857 1797 5910 narb
1809 5867 1842 5910 u⁰
1855 5859 1991 5924 135,133,
2009 5871 2051 5910 wo
2064 5855 2150 5908 allelu

650 5924 722 5979 sort
741 5925 830 5980 dieses
849 5926 979 5981 stamus
996 5926 1199 5993 Eiuaubtcbset,
1227 5927 1280 5980 wie
1298 5942 1326 5981 es
1345 5927 1453 5980 subeiru
1475 5927 1536 5980 aaa
1555 5925 1723 5994 Speuialitott
1744 5925 1888 5994 thtberts,
1916 5924 1976 5978 sich
1993 5924 2081 5991 findet

650 5995 678 6059 d)
695 6012 709 6046 r
725 6010 781 6048 sora
797 5994 940 6050 dnsclbm
957 5995 1049 6050 Hasd
1068 6013 1107 6050 aa
1126 5995 1211 6050 Stulte
1228 5996 1328 6050 sweier
1345 5995 1502 6050 rudirtarl
1582 5997 1608 6062 e)
1626 5996 1693 6047 Oine
1712 5995 1857 6063 verblasst,
1875 5993 1929 6048 das
1949 5994 2149 6063 Abtrtrsuupa·
2254 6023 2255 6028 κ

441 6063 474 6110 ⁴6
650 6063 760 6117 sciram
777 6063 856 6118 uicit
873 6066 949 6118 metr
967 6065 1094 6120 aiuhtbcr
1199 6067 1257 6133 f)u
1275 6081 1347 6119 corr.
1367 6080 1422 6120 uus
1441 6083 1460 6118 n
