5642 7159
783 761 842 826 168
1383 761 1825 823 uslsuuuuuuunuu.

777 971 922 1021 emunitate
945 985 993 1034 per
1013 972 1104 1019 nostro
1127 965 1336 1017 confirmandum
1359 982 1471 1033 regnum
1500 972 1528 1019 et
1549 966 1671 1019 mercede
1693 968 1736 1019 vel
1759 982 1776 1015 ιι
1798 958 2017 1033 inepisceudam'
2044 968 2127 1018 vitam
2150 972 2269 1018 eternam
2295 981 2422 1017 renovare

777 1074 942 1137 deberemus,
965 1074 1036 1140 quod
1059 1075 1097 1123 ita
1119 1077 1146 1123 et
1167 1073 1288 1123 fecimus.
1317 1073 1390 1139 Ergo
1414 1079 1519 1138 oportet
1541 1073 1698 1124 clementiae
1720 1072 1869 1138 principale
1890 1074 1960 1122 inter
1982 1047 2084 1124 ceteras
2106 1074 2248 1137 peticionis
2271 1072 2348 1134 illud,
2371 1088 2422 1137 que

776 1196 824 1245 pro
848 1180 951 1231 salutas
974 1178 1135 1229 adscribitur
1157 1186 1184 1229 et
1206 1194 1253 1243 pro
1277 1178 1368 1229 divine
1390 1179 1497 1229 nomine
1512 1177 1673 1243 postulatur,
1696 1177 1829 1242 placabile
1845 1176 1967 1227 auditum
1989 1192 2130 1242 suscepere
2146 1182 2174 1226 et
2195 1176 2288 1241 procul
2312 1175 2422 1226 dubium

776 1284 810 1335 ad
825 1284 947 1336 effectum
965 1284 1118 1349 perducere,
1142 1289 1273 1349 quatenus
1289 1284 1322 1335 de
1339 1284 1448 1334 caducis
1463 1284 1544 1333 rebus
1566 1285 1696 1348 presentis
1714 1264 1837 1343 sleeluli‘¹
1859 1288 1968 1333 aeterna
1983 1284 2155 1348 conqueritur
2177 1283 2253 1332 iuxta
2269 1289 2421 1346 preceptum

776 1388 876 1439 domini
899 1388 1031 1440 dicentes:
1055 1388 1156 1452 ‚Facite
1178 1389 1257 1439 vobis
1279 1388 1381 1439 amicus
1404 1388 1438 1439 de
1453 1402 1577 1438 mamona
1599 1376 1766 1454 iniquitatis‘.
1788 1387 1861 1453 Ergo
1878 1387 1911 1437 de
1934 1402 2055 1437 mamone
2071 1388 2221 1452 iniquitatis
2242 1388 2319 1435 iuxta
2337 1386 2420 1450 ipsius
2441 1383 2457 1432 t

776 1494 876 1545 dictum
899 1510 948 1545 nos
971 1498 1076 1559 oportet
1098 1508 1214 1544 mercare
1237 1498 1328 1545 eterna
1351 1493 1460 1543 celestia
1484 1496 1518 1554 et,
1546 1490 1609 1541 dum
1632 1490 1798 1542 sacerdotum
1823 1507 1971 1556 congruum
1993 1491 2151 1555 inpertimus
2173 1489 2313 1551 beneficia,
2348 1491 2420 1540 retri-

773 1599 895 1648 butorem
919 1596 1025 1648 domino
1049 1613 1081 1647 ex
1104 1597 1155 1647 boc
1177 1597 1275 1647 babere
1298 1611 1447 1647 mereamur
1468 1597 1497 1646 in
1519 1602 1611 1647 eterna
1632 1595 1815 1647 tabernacula.
1837 1596 1924 1662 Igitur
1945 1596 2107 1647 venerabilis
2129 1597 2170 1645 vir
2184 1594 2327 1657 Folradus,
2352 1595 2422 1645 abba

774 1700 806 1754 de
829 1703 942 1754 basilica
970 1702 1114 1767 peculiaris
1136 1703 1241 1767 patroni
1264 1703 1348 1752 nostri
1371 1701 1460 1751 domui
1483 1701 1600 1752 Dionisii
1622 1702 1773 1765 marthyris,
1802 1701 1848 1750 ubi
1872 1702 1928 1765 ipse
1957 1701 2095 1765 preciosus
2119 1700 2232 1750 domnus
2259 1701 2289 1748 in
2310 1715 2421 1764 corpore

773 1808 924 1873 requiescit,
948 1806 1089 1857 clementia
1111 1807 1185 1872 regni
1208 1807 1293 1855 nostri
1309 1806 1479 1871 supplicavit,
1503 1822 1534 1856 eo
1558 1804 1630 1870 quod
1645 1806 1679 1855 ab
1700 1804 1914 1855 antecessoribus
1928 1804 2037 1871 regibus
2059 1820 2076 1853 a
2097 1804 2178 1869 longo
2200 1809 2319 1867 tempore
2336 1804 2421 1852 omnis

774 1913 905 1962 emunitas
928 1910 961 1962 de
982 1911 1062 1960 villas
1085 1911 1181 1975 prefati
1204 1912 1289 1961 sancti
1311 1902 1443 1961 basilice⁰
1464 1910 1516 1959 fuit
1537 1925 1706 1974 concessum
1734 1910 1805 1961 unde
1827 1913 1854 1959 et
1875 1910 1948 1973 ipsas
1963 1910 2142 1974 preceptionis
2164 1923 2259 1957 manus
2279 1908 2419 1957 roboratas
2442 1907 2470 1955 10

774 2022 799 2066 et
820 2016 891 2066 boue
914 2016 1039 2065 memorie
1061 2019 1187 2080 genetore
1209 2029 1268 2064 meo
1291 2030 1307 2061 ιι
1322 2013 1430 2078 Pippiui
1453 1997 1594 2063 condam
1618 2015 1688 2080 regis
1711 2029 1803 2078 seper
1825 2015 1949 2065 manibus
1964 2014 2063 2065 babere
2087 2011 2209 2063 adfirmat
2223 2019 2251 2063 et
2265 2012 2317 2062 hoc
2335 2028 2420 2077 usque

770 2136 842 2170 nunc
857 2099 1066 2169 iuviolabiliter¹
1087 2117 1186 2168 adserit
1200 2133 1258 2168 esse
1279 2123 1474 2169 conservatum.
1497 2117 1575 2169 Unde
1591 2120 1676 2183 petiit,
1699 2125 1730 2170 ut
1744 2120 1796 2170 hoc
1817 2134 1865 2183 per
1887 2111 2028 2168 ιιοιιιιιιιιιΙ
2049 2118 2235 2168 auctoritatem
2259 2116 2348 2168 denuo
2370 2132 2419 2181 pro

770 2241 797 2274 re
820 2222 945 2274 firmitate
968 2225 1039 2273 circa
1061 2224 1120 2287 ipso
1143 2227 1235 2272 sancto
1260 2222 1319 2273 loco
1343 2222 1385 2273 vel
1408 2222 1537 2285 homines,
1560 2224 1607 2288 qui
1630 2238 1658 2273 se
1681 2239 1741 2272 curn
1765 2225 1920 2274 substancia
1935 2239 2027 2274 eorum
2048 2222 2083 2273 ad
2106 2224 2165 2287 ipsa
2182 2221 2295 2271 basilica
2309 2220 2420 2270 tradunt

771 2328 815 2378 vel
838 2326 997 2391 condonant,
1026 2308 1124 2377 iuxta¹²
1147 2326 1218 2391 quod
1246 2326 1386 2377 anterioris
1409 2329 1480 2393 regis
1501 2342 1549 2391 per
1572 2342 1663 2377 eorum
1694 2329 1867 2379 auctoritates
1890 2327 1924 2377 ad
1946 2328 2007 2392 ipsa
2034 2326 2147 2377 basilica
2168 2326 2220 2376 hoc
2244 2326 2420 2390 prestiterunt

768 2437 794 2482 et
817 2431 1020 2494 confirmarunt,
1048 2431 1101 2481 hoc
1122 2432 1225 2482 iteratis
1253 2432 1325 2481 circa
1347 2432 1405 2495 ipso
1434 2431 1533 2481 abbate
1563 2430 1708 2483 concedere
1732 2436 1759 2483 et
1789 2430 1945 2483 confirmare
1973 2432 2139 2482 deberemus.
2182 2429 2247 2481 Ideo
2270 2433 2419 2497 cognuscat
2441 2426 2470 2475 le

768 2535 923 2602 magnitudo
947 2550 994 2586 seu
1022 2535 1125 2585 utilitas
1148 2538 1251 2597 vestra,
1283 2534 1354 2599 quod
1378 2550 1427 2585 nos
1455 2550 1504 2599 pro
1527 2537 1681 2586 reverencia
1709 2537 1795 2600 ipsius
1817 2537 1903 2586 sancti
1933 2536 1987 2587 loci
2009 2536 2051 2586 vel
2081 2551 2129 2601 pro
2152 2536 2262 2601 quietim
2284 2550 2301 2583 ιι
2324 2513 2420 2583 deum¹

767 2639 959 2690 famolancium
978 2639 1185 2703 prumtissimam
1208 2638 1372 2689 voluntatem
1396 2638 1484 2689 denuo
1507 2640 1671 2690 concessisse
1693 2645 1720 2690 et
1742 2641 1771 2688 in
1793 2640 1917 2689 omnibus
1940 2638 2109 2690 confirmasse
2137 2644 2227 2689 vestra
2248 2619 2419 2703 cognuscatk

767 2746 888 2796 solercia.
924 2744 1093 2809 Quapropter
1115 2759 1162 2807 per
1184 2743 1253 2793 hanc
1275 2747 1431 2807 preceptus,
1459 2743 1531 2808 quod
1553 2742 1697 2808 specialius
1726 2744 1893 2795 decernimus
1915 2725 1957 2794 et¹
1979 2744 2008 2793 in
2030 2747 2187 2808 perpetuum
2211 2742 2336 2792 volumus
2358 2756 2418 2791 esee

768 2864 930 2911 mansurum,
953 2848 1085 2911 iubemus,
1108 2853 1139 2897 ut
1160 2862 1246 2912 neque
1269 2863 1317 2897 vos
1339 2862 1426 2913 nsque
1448 2838 1614 2908 [iuniores]m
1637 2863 1684 2898 seu
1708 2850 1870 2899 successoris
1892 2849 1973 2899 vestri
1996 2864 2046 2898 uec
2068 2847 2196 2913 quislibet
2217 2845 2251 2897 de
2273 2845 2418 2895 iudiciaria

765 2956 900 3018 potestate
924 2952 1062 3003 comnotus
1083 2952 1112 3001 in
1135 2952 1217 3001 curtis
1241 2951 1343 3016 prefate
1365 2956 1458 3002 sancte
1488 2951 1598 3002 basilice
1621 2951 1712 3002 domui
1734 2952 1851 3003 Dionisii
1880 2953 1927 3003 ubi
1950 2953 2045 3003 stubi
2075 2953 2104 3001 in
2126 2966 2308 3017 quascumque
2331 2964 2417 3016 pagos
2439 2948 2470 2998 20

765 3057 793 3105 in
816 3071 898 3122 regno
921 3054 971 3106 deo
993 3056 1110 3120 propitio
1133 3060 1232 3118 nostro,
1255 3053 1327 3120 qnod
1349 3054 1383 3104 ad
1407 3054 1452 3104 die
1475 3046 1656 3120 [praesentel¹¹
1679 3071 1740 3120 pars
1763 3057 1847 3121 ipsius
1870 3058 2024 3107 monasterii
2046 3054 2187 3121 possedere
2210 3055 2253 3106 vel
2276 3053 2417 3104 dominare

764 3158 871 3210 videtur
901 3160 945 3209 vel
973 3157 1045 3225 quod
1074 3174 1091 3209 a
1119 3157 1169 3209 deo
1198 3158 1353 3209 timentibus
1381 3159 1536 3210 hominibus
1562 3176 1609 3225 per
1637 3160 1758 3227 legitima
1785 3163 1962 3212 instrumenta
1989 3160 2088 3212 ibidem
2111 3160 2163 3210 fuit
2188 3174 2345 3210 concessum
2368 3164 2417 3209 aut

764 3264 874 3313 inantea
895 3262 977 3313 fuerit
999 3262 1120 3312 additum
1143 3267 1223 3327 atque
1246 3262 1406 3329 delegatum,
1434 3279 1484 3314 nec
1506 3262 1541 3313 ad
1563 3279 1659 3315 causas
1687 3265 1849 3316 audiendum
1872 3282 1922 3316 nec
1944 3266 1979 3315 ad
2007 3263 2170 3316 fideiussoris
2193 3263 2342 3314 tollendum
2365 3278 2416 3313 nec

765 3366 799 3416 ad
823 3366 898 3419 freda
919 3360 1101 3433 exigendum⁰
1123 3383 1172 3417 uec
1195 3366 1229 3416 ad
1252 3368 1397 3417 mansionis
1421 3368 1574 3419 faciendum
1597 3384 1646 3420 nec
1667 3375 1775 3435 paratas
1797 3386 1847 3420 nec
1869 3370 1939 3420 ullas
1962 3368 2135 3421 redibitiones
2162 3367 2352 3434 requirendum
2375 3369 2415 3416 in-

763 3471 873 3538 gredere
895 3486 945 3522 uec
968 3473 1073 3538 exigere
1096 3486 1202 3537 quoque
1224 3476 1342 3536 tempore
1357 3473 1464 3536 penitus
1486 3489 1541 3523 non
1556 3480 1732 3538 presumatur,
1755 3475 1807 3523 nisi
1830 3474 1957 3540 quiequid
1972 3473 2053 3525 fiscus
2075 3479 2166 3524 noster
2181 3472 2278 3524 exinde
2293 3472 2414 3538 potuerit
2436 3470 2469 3519 25

764 3591 880 3641 sperare,
903 3577 993 3626 omnia
1010 3582 1036 3628 et
1059 3592 1091 3627 ex
1114 3577 1237 3627 omnibus
1259 3592 1307 3642 pro
1331 3576 1460 3627 mercedis
1483 3583 1589 3628 nostrae
1612 3578 1791 3643 conpendium
1807 3595 1868 3629 cum
1891 3580 1977 3628 omnis
1999 3578 2083 3629 fretus
2098 3577 2132 3627 ad
2154 3578 2287 3642 integrum
2304 3575 2415 3625 sibimet

764 3695 916 3742 concessus,
939 3684 969 3729 ut
991 3679 1091 3730 dictum
1113 3684 1162 3741 est,
1185 3680 1319 3744 inspectas
1340 3681 1414 3745 ipsas
1432 3683 1611 3746 preceptionis
1633 3683 1796 3733 anteriorum
1819 3698 1910 3749 regum
1933 3683 1977 3734 vel
1999 3684 2076 3732 iuxta
2095 3680 2166 3747 quod
2189 3696 2298 3746 presens
2321 3684 2415 3730 nostra

764 3789 906 3835 contenere
928 3783 1035 3834 videtur
1057 3785 1210 3847 auctoritas,
1241 3784 1368 3852 quicquid
1391 3786 1448 3850 ipse
1472 3791 1579 3836 sauctus
1603 3786 1680 3837 locus
1702 3786 1737 3836 ad
1759 3786 1801 3837 die
1824 3792 1954 3852 presente,
1980 3792 2012 3837 ut
2034 3786 2157 3849 diximus,
2185 3786 2285 3837 habere
2307 3784 2416 3837 videtur

764 3904 844 3955 quam
867 3889 939 3954 quod
961 3890 989 3938 in
1012 3889 1180 3954 postmodum
1204 3904 1220 3939 a
1242 3890 1292 3939 deo
1316 3890 1472 3940 timentibus
1487 3891 1640 3941 hominibus
1663 3891 1739 3941 vela
1760 3891 1838 3942 uobis
1854 3892 1954 3943 ibidem
1975 3891 2058 3942 fuerit
2074 3891 2195 3941 additum
2217 3890 2261 3941 vel
2278 3890 2416 3941 conlatum

762 4009 810 4044 seu
833 3994 1045 4059 quibuscumque
1073 3995 1142 4044 iuste
1165 3998 1192 4044 et
1219 3994 1420 4045 racionabiliter
1441 4010 1502 4044 cum
1534 4011 1611 4045 omne
1634 3997 1789 4046 substancia
1817 4011 1867 4046 sua
1896 3996 1930 4046 ad
1952 3996 2011 4061 ipso
2040 3996 2200 4047 monasterio
2224 4011 2253 4045 se
2276 3993 2417 4045 tradiderit
2438 3993 2470 4043 ³0

762 4102 790 4148 et
817 4112 860 4147 res
883 4112 945 4147 suae
974 4112 1021 4161 per
1044 4097 1164 4163 legitima
1191 4102 1339 4148 strumenta
1361 4098 1461 4149 ibidem
1490 4098 1654 4167 delegaverit
1676 4100 1719 4151 vel
1746 4099 1905 4164 firmaverit,
1935 4101 1985 4151 snb
2013 4103 2117 4166 integra
2144 4100 2291 4150 emunitate
2314 4098 2349 4148 sd
2372 4099 2415 4150 die

762 4205 884 4265 presente
908 4180 997 4251 valeat
1018 4201 1139 4251 resedere
1155 4202 1262 4266 quietus
1285 4207 1365 4268 atque
1381 4218 1506 4267 securus,
1529 4209 1563 4267 et,
1587 4210 1618 4255 ut
1640 4204 1803 4268 dictumest,
1827 4204 1955 4271 quicquid
1977 4205 2073 4256 exinde
2090 4204 2203 4255 forsitan
2224 4202 2306 4254 fiscus
2323 4208 2416 4254 noster

762 4318 868 4369 sperare
896 4309 1032 4368 potuerat,
1060 4306 1089 4354 iu
1119 4304 1295 4356 luminaribus
1323 4305 1366 4357 vel
1395 4308 1424 4357 in
1451 4308 1590 4373 stipendiis
1620 4325 1668 4359 seu
1697 4313 1725 4361 et
1753 4311 1782 4358 in
1810 4309 1943 4361 elimoniis
1971 4324 2119 4375 pauperum
2146 4308 2233 4373 ipsius
2259 4308 2414 4359 monasterii

761 4408 914 4472 perenniter
936 4423 984 4473 pro
1006 4410 1104 4459 nostris
1128 4410 1243 4460 oraculis
1266 4409 1300 4460 ad
1323 4412 1455 4477 integrum
1478 4414 1507 4461 in
1530 4415 1620 4463 omnia
1642 4418 1668 4463 et
1690 4429 1724 4464 ex
1740 4416 1863 4465 omnibus
1886 4416 1921 4464 sit
1942 4429 2097 4465 concessum
2114 4418 2195 4479 atque
2217 4411 2361 4475 indultum,
2384 4417 2414 4461 ut

763 4512 802 4561 eis
825 4512 920 4562 melius
944 4511 1052 4562 dilectet
1075 4528 1122 4577 pro
1146 4514 1292 4564 stabilitate
1315 4517 1390 4581 regni
1414 4518 1499 4566 nostri
1522 4517 1565 4567 vel
1581 4533 1629 4581 pro
1652 4518 1762 4583 quietim
1778 4516 1944 4583 quibuslibet
1967 4518 2070 4567 cunctis
2085 4515 2167 4565 liudis
2189 4516 2289 4567 nostris
2311 4514 2413 4565 domini
2433 4511 2465 4561 et

761 4615 970 4666 misericordiam
994 4616 1133 4667 adtencius
1150 4618 1303 4683 deprecare.
1325 4620 1361 4669 ut
1376 4624 1406 4670 ut
1428 4620 1495 4670 haec
1510 4622 1656 4671 auctoritas
1678 4623 1819 4671 nostriset
1840 4622 1938 4672 futuris
1961 4621 2126 4686 temporibus
2149 4620 2222 4671 circa
2243 4620 2303 4684 ipso
2318 4624 2412 4668 sancto

759 4718 819 4771 loco
842 4722 996 4785 perenuiter
1017 4719 1093 4770 firma
1116 4726 1143 4772 et
1165 4722 1294 4774 inviolata
1317 4731 1472 4789 permaneat
1494 4725 1537 4775 vel
1559 4741 1608 4791 per
1637 4731 1758 4792 tempora
1779 4726 1865 4777 inlesa
1892 4725 2059 4778 custodiatur
2081 4730 2161 4791 atque
2189 4729 2365 4775 conservetur
2386 4728 2413 4773 et

760 4824 793 4873 ab
818 4824 942 4875 omnibns
966 4824 1062 4875 iudicis
1085 4825 1180 4877 melius
1204 4826 1336 4891 credatur,
1358 4831 1468 4894 propria
1489 4845 1570 4880 manu
1593 4831 1771 4881 annotacione
1794 4829 1945 4880 studuimus
1967 4829 2134 4880 adumbrare.

862 4965 876 5049 Ε
899 4962 1038 5051 Signum
1060 4970 1151 5045 (llll.)
1175 4965 1284 5033 Caroli
1309 4967 1541 5054 gloriosissimi
1564 4972 1659 5057 regie.
1683 4972 1698 5057 ’ᾗ

863 5104 921 5181 (c.)
942 5104 957 5189 3
981 5101 1166 5169 Giltbertns
1183 5104 1333 5171 advicem
1350 5106 1479 5171 Radoui
1495 5108 1674 5193 recognovi
1691 5111 1752 5194 etl
1775 5114 1841 5187 (SR.
1854 5115 1934 5175 Nl:
1961 5112 2125 5174 Giltbertas
2141 5111 2273 5171 odacar
2288 5110 2409 5169 Redeat
2428 5120 2470 5169 to·

760 5209 913 5281 recoquunt
936 5213 963 5268 et
985 5211 1171 5285 subactast).
1196 5212 1252 5285 (Sl.
1277 5213 1327 5288 D.)

860 5343 952 5408 Data
980 5344 1015 5410 iu
1038 5368 1150 5411 mense
1179 5346 1289 5412 octub.
1313 5370 1401 5413 anno
1426 5366 1464 5411 ιιι
1494 5358 1527 5413 et
1550 5348 1663 5433 quinto
1691 5351 1783 5434 regui
1809 5351 1930 5431 nostri3
1967 5360 2078 5414 actum
2108 5347 2290 5434 Goddinga
2312 5347 2407 5428 vills3

758 5447 791 5510 in
817 5445 870 5510 dei
894 5447 1026 5512 nomine
1049 5447 1195 5514 feliciter.

835 5648 893 5706 120.
912 5652 938 5719 c)
950 5650 1017 5705 coer
1035 5651 1095 5734 dem
1107 5654 1221 5706 awriten
1235 5673 1252 5706 ιι
1271 5656 1317 5709 eia
1335 5655 1435 5710 turaer
1450 5656 1616 5724 Obcreclsoft
1627 5658 1724 5712 radirt
1793 5660 1821 5723 d)
1837 5658 1960 5713 Flectere
1976 5658 2015 5711 ιἰιι
2029 5659 2195 5727 Perqameut
2264 5659 2290 5724 e)
2307 5661 2405 5725 sputer

911 5721 1029 5801 werden
1047 5722 1094 5775 dac
1109 5723 1282 5793 Oberlciupea
1300 5725 1350 5778 der
1362 5727 1382 5777 ll
1402 5726 1464 5778 aad
1482 5726 1530 5780 dee
1549 5744 1561 5777 s
1579 5727 1611 5778 ιἰι
1623 5728 1713 5790 villas,
1732 5728 1779 5781 dic
1791 5727 2030 5782 Etrdbuclretebea
2048 5728 2080 5780 ia
2098 5728 2195 5794 prefati
2213 5726 2275 5781 aad
2292 5728 2405 5778 basilice
2425 5724 2470 5775 t!

910 5789 1008 5842 rodsrt
1027 5791 1088 5844 arrd
1107 5792 1160 5845 dae
1180 5791 1321 5847 Schinae-e
1339 5794 1371 5847 ιἰι
1389 5797 1502 5847 basilice
1520 5812 1574 5850 corr
1588 5795 1724 5866 jduqrrer
1739 5798 1828 5850 Hand
1846 5798 1879 5851 ιἰι
1896 5800 1906 5847 i
1924 5812 1995 5850 corr.
2083 5798 2104 5862 f)
2122 5798 2296 5848 inviolabiter
2310 5798 2336 5848 Α

911 5858 940 5925 g)
959 5867 1050 5911 nostra
1069 5862 1103 5923 A,
1123 5860 1223 5915 iader
1246 5863 1302 5918 VU.
1321 5880 1369 5930 per
1387 5872 1480 5917 nostm
1497 5869 1657 5917 auctoritate
1761 5869 1790 5931 h)
1807 5886 1824 5917 r
1842 5882 1914 5920 corr.
1935 5868 2021 5919 cusi
2121 5868 2142 5925 ἰ)
2158 5883 2177 5918 n
2196 5864 2287 5920 durcb
2305 5864 2404 5919 aare

912 5943 965 5982 aas
984 5946 1000 5980 o
1020 5944 1091 6009 corr.
1214 5933 1243 5997 k)
1261 5948 1279 5999 g
1297 5948 1367 5987 corr.
1387 5949 1442 5987 oue
1460 5952 1478 5986 n
1596 5936 1616 6000 l)
1634 5934 1724 5989 donor
1742 5934 1841 5989 Rasar
1859 5953 1912 5989 voa
1929 5940 2002 5989 staua
2020 5938 2040 5988 2
2058 5934 2248 6001 Bucbstobers,
2268 5933 2403 5988 Missas

912 6012 967 6120 aq
1002 5998 1115 6121 :Jqqrpbseqlr
1125 6000 1522 6134 {irwp‘hofffil'lffmp
1588 6005 1626 6072 m)
1643 6008 1762 6057 iuniores
1779 6005 1884 6068 rediri,
1903 6004 2000 6058 ὡοιιιο
2018 6005 2050 6057 ia
2068 6004 2119 6057 der
2143 6004 2199 6059 VU.
2287 6004 2317 6071 n)
2334 6002 2404 6069 fehlt
2425 6063 2470 6118 w

1177 6107 1182 6118 .
1350 6088 1376 6121 Xl
1394 6089 1411 6122 n
1431 6089 1476 6123 um
1524 6113 1529 6124 .
