5642 7159
1060 743 1180 803 xiiii,
1202 741 1289 802 niis
1311 742 1477 803 GBOSSE
1500 774 1550 802 —.
2066 737 2130 804 439

485 927 648 1015 nobisque
671 949 878 1013 summopere
900 927 1147 994 commendavit
1167 949 1229 993 nec
1252 929 1359 994 minus
1382 935 1478 1015 pater
1500 949 1592 993 meus
1615 926 1774 1013 Pippinus
1804 948 1863 1013 pro
1887 948 1999 994 amore
2022 937 2056 993 et
2077 951 2130 993 ve·

485 1033 655 1098 uenatione
683 1033 826 1119 preciosi
850 1031 973 1099 christi
1001 1032 1146 1098 martiris
1168 1031 1332 1097 Bonifacii
1361 1031 1489 1098 devotis
1518 1031 1602 1098 illud
1629 1031 1819 1098 muneribus
1846 1040 1879 1098 et
1908 1030 2129 1098 oblationibus

486 1134 677 1202 cumulavit.
723 1136 938 1219 sedatior,
968 1135 1148 1201 secundum
1172 1135 1261 1222 qnod
1284 1135 1436 1203 dominus
1460 1137 1670 1223 suggesserit,
1705 1135 1791 1204 idem
1814 1137 1924 1203 facere
1947 1136 2130 1223 devoteque

485 1262 546 1327 pro
570 1240 693 1308 Christi
722 1261 834 1308 amore
862 1250 895 1307 et
927 1241 1128 1307 sanctissimi
1157 1240 1301 1307 martiris
1334 1239 1458 1305 honore
1487 1240 1626 1306 donaria
1656 1248 1771 1305 nostra
1800 1239 1938 1306 offerre·
1970 1240 2013 1306 ad
2042 1240 2130 1307 idem

448 1359 465 1408 o
487 1344 676 1411 venerabile
697 1347 934 1412 monasterium
949 1346 1058 1431 parati
1082 1341 1226 1410 sumnsb.
1250 1344 1432 1410 Hortamur
1448 1345 1569 1430 igitur⁸
1590 1342 1758 1409 felicitatis
1781 1352 1888 1430 vestrq
1912 1343 2129 1426 sedulitatem,

489 1457 524 1513 ut
550 1448 638 1514 idem
660 1448 768 1515 facere
796 1457 947 1536 prompto
970 1449 1078 1514 animo
1110 1447 1272 1514 studeatis
1295 1455 1328 1513 et
1355 1447 1513 1534 quicquid
1535 1447 1615 1514 deus
1647 1448 1859 1533 suggesserit,
1893 1455 1962 1514 tam
1992 1470 2034 1514 ex
2057 1467 2130 1514 meo

486 1551 646 1619 beneficio
677 1564 840 1640 quam‘ex
869 1563 981 1619 vestro
1003 1553 1137 1639 proprio
1168 1551 1323 1617 offerendi
1354 1561 1386 1616 et
1410 1550 1555 1617 donandi
1582 1551 1711 1637 prefato
1738 1551 1937 1617 monasterio
1966 1550 2131 1617 licentiam

486 1655 650 1723 habeatis.
694 1658 816 1723 Notum
840 1666 949 1723 autem
972 1657 1113 1723 facimus
1137 1656 1303 1723 devotioni
1333 1666 1442 1741 vestre
1464 1664 1533 1721 tam
1564 1655 1608 1721 ad
1630 1655 1827 1720 excitandas
1853 1662 1980 1721 mentes
2002 1665 2131 1721 vestras

488 1760 532 1825 ad
555 1760 661 1827 simile
683 1761 871 1828 faciendum
887 1782 986 1847 quam
1009 1761 1054 1827 ad
1075 1760 1110 1825 id
1128 1759 1216 1846 quod
1240 1759 1373 1825 offertur
1388 1781 1447 1845 per
1469 1766 1550 1825 nos⁰
1574 1758 1786 1824 obtinendum
1806 1766 1839 1823 et
1860 1758 2130 1840 confirmandum,

436 1880 468 1929 10
490 1864 579 1949 quod
600 1864 708 1930 fidelis
731 1874 843 1932 noster
864 1882 991 1933 Warinus
1014 1897 1102 1932 comes
1129 1862 1177 1931 et‘¹
1204 1896 1272 1931 uxor
1294 1882 1352 1932 eius
1373 1880 1505 1931 Friderun
1528 1863 1717 1930 obtulerunt
1739 1863 1800 1930 deo
1823 1872 1856 1930 et
1878 1885 1970 1931 sancto
1992 1882 2131 1932 Bonitacio

488 1969 613 2035 martiri
629 1970 663 2034 in
684 1969 812 2055 prefato
832 1969 990 2036 Fuldensi
1013 1969 1222 2043 monasterio,
1246 1970 1298 2034 cui
1322 1968 1520 2036 venerabilis
1542 1966 1727 2054 Baugulsus
1750 1966 1856 2034 abbas
1877 1977 1996 2054 preest,
2020 1986 2047 2035 in
2062 2001 2131 2053 pago

489 2066 615 2138 scilice't
636 2089 796 2156 Moyngows
818 2088 907 2140 locum
929 2083 1156 2160 nuncupatum
1177 2081 1340 2152 Bibsrbah0,
1363 2074 1458 2138 cuius
1482 2094 1594 2138 marca
1617 2081 1693 2137 sunt
1716 2090 1789 2136 xxx
1812 2089 1892 2155 hubq,
1914 2095 1941 2140 st
1954 2089 2083 2156 quicquid
2098 2090 2133 2141 sd

489 2206 534 2241 eas
556 2193 671 2258 pertinet
692 2185 760 2242 tam
784 2177 825 2243 de
848 2185 1043 2265 comparato
1068 2198 1166 2263 quam
1190 2177 1231 2243 de
1253 2175 1489 2262 comparando,
1513 2185 1581 2242 tam
1605 2175 1703 2242 cultis
1727 2198 1826 2263 quam
1849 2177 1981 2244 incultis
2004 2178 2131 2265 campis

489 2281 593 2366 pratis
615 2283 747 2368 pascuis
772 2281 923 2349 domibus
945 2282 1083 2368 edificiis
1107 2282 1200 2348 silvis
1223 2282 1358 2348 familiis
1381 2280 1515 2364 accolis,
1532 2297 1671 2361 mancipiis
1687 2297 1750 2345 ccc
1767 2290 1800 2347 et
1814 2299 1898 2366 xxii,
1922 2283 2015 2369 aquis
2032 2306 2132 2370 aqua·

435 2399 627 2472 torumque
655 2385 848 2452 decursibus
870 2385 1114 2474 piscationibus
1145 2385 1378 2453 venationibus
1405 2383 1612 2466 molendinis,
1647 2406 1721 2449 cum
1753 2385 1951 2452 animalibus
1981 2387 2132 2472 omnique

491 2487 685 2574 supellectili
709 2498 741 2555 et
763 2511 839 2555 cum
856 2490 1018 2575 omnibus,
1041 2513 1105 2576 que
1128 2491 1172 2557 sd
1195 2513 1289 2557 usum
1306 2489 1358 2556 vel
1381 2489 1506 2555 cultum
1523 2490 1698 2574 pertinent.
1733 2489 1894 2555 Fridernn
1908 2512 1987 2555 vero
2010 2491 2132 2556 coniux

490 2592 637 2659 eiusdem
658 2593 789 2660 Warini
817 2596 946 2660 comitis
977 2616 1125 2660 seorsum
1155 2594 1274 2660 obtulit
1296 2593 1357 2659 deo
1387 2600 1420 2658 et
1444 2599 1558 2657 sancto
1582 2592 1755 2657 Bonifacio
1780 2591 1820 2658 de
1849 2602 1942 2679 parte
1967 2593 2052 2659 dotis
2075 2617 2132 2679 sue

489 2713 518 2761 in
539 2718 626 2783 pago
649 2713 765 2764 Foicfelt
786 2699 820 2763 in
842 2697 926 2764 locis
949 2700 1148 2784 nuncupatis
1170 2697 1350 2764 Isensbeim
1375 2705 1408 2762 et
1430 2695 1586 2781 Isilingen
1610 2703 1642 2760 et
1664 2693 1875 2781 Oisoluestat‚
1906 2697 2064 2784 quicquid
2085 2697 2130 2763 ibi

490 2800 625 2886 exlege
649 2800 736 2866 dotis
760 2823 817 2886 sue
840 2803 926 2867 iam⁰
948 2801 1069 2868 babere
1091 2804 1164 2867 visa
1186 2811 1246 2885 est,
1278 2811 1383 2867 totum
1406 2809 1440 2866 et
1461 2801 1505 2866 ad
1526 2801 1690 2886 integrum
1712 2809 1862 2887 prompte
1886 2822 1925 2866 ac
1947 2802 2132 2868 voluntarie

436 2919 470 2969 20
491 2904 650 2970 fratribus
674 2907 782 2972 sancti
797 2906 960 2972 Bonifatii
984 2906 1075 2972 dedit
1090 2907 1134 2972 ad
1156 2905 1393 2993 possidendum
1409 2914 1442 2971 et
1463 2905 1621 2971 utendum
1637 2905 1689 2970 vel
1713 2904 1869 2991 quicquid
1885 2905 2004 2972 exinde
2024 2907 2133 2972 facere

490 3006 663 3090 voluerint,
692 3030 731 3073 ea
754 3009 942 3075 conditione
964 3017 997 3076 et
1018 3019 1132 3076 tencre
1155 3019 1191 3076 ut
1214 3031 1327 3077 eorum
1352 3033 1481 3096 semper
1504 3012 1570 3075 sint
1591 3031 1752 3075 memores
1780 3010 1813 3074 in
1836 3009 2040 3075 orationibus
2064 3012 2133 3075 suis

492 3111 581 3198 apud
603 3111 709 3178 deum.
755 3113 790 3181 Si
815 3114 1000 3199 quievero,
1035 3114 1124 3200 quod
1146 3113 1237 3180 absit
1258 3123 1292 3181 et
1314 3115 1404 3202 quod
1426 3138 1492 3181 non
1515 3114 1690 3198 credimus,
1725 3113 1766 3179 de
1788 3112 1964 3179 heredibus
1986 3113 2134 3179 illorum⁸

491 3214 542 3280 vel
560 3215 600 3280 de
616 3216 732 3282 alienia
748 3216 893 3302 quelibet
916 3219 1068 3304 opposita
1083 3240 1225 3304 persona
1240 3228 1356 3284 contra
1370 3218 1457 3285 hanc
1473 3219 1685 3285 donationem
1702 3217 1744 3283 ab
1767 3216 1833 3282 illis
1848 3217 1993 3303 legitime
2010 3217 2133 3283 factam

492 3329 524 3385 et
546 3341 566 3384 a
588 3319 684 3386 nobis
709 3320 891 3386 stabilitam
919 3330 952 3386 et
974 3323 1203 3388 confirmatam
1229 3324 1341 3388 venire
1363 3324 1584 3409 temptaverit,
1618 3329 1747 3403 caveat,
1781 3343 1822 3386 ne
1845 3321 1927 3386 iram
1957 3320 2009 3386 dei
2032 3322 2133 3386 omni-

436 3438 470 3489 to
492 3427 637 3512 potentis
660 3428 805 3492 incurrat
834 3416 1022 3514 et'insuper
1049 3436 1187 3514 cogente
1209 3427 1292 3492 fisco
1317 3427 1388 3492 auri
1420 3427 1537 3492 uncias
1560 3443 1608 3506 vi,
1643 3425 1770 3511 argenti
1792 3422 1895 3490 libras
1919 3441 1983 3490 viii
2005 3444 2133 3510 camere

491 3537 602 3616 nostrq
629 3530 759 3596 inferat.
804 3530 849 3595 Et
878 3541 915 3597 ut
936 3531 997 3598 hec
1027 3531 1162 3597 donatio
1191 3539 1224 3597 et
1254 3531 1460 3597 confirmatio
1489 3529 1617 3595 stabilis
1647 3538 1680 3594 et
1707 3527 1901 3594 inconvulsa
1930 3536 2132 3613 permaneat,

491 3635 614 3719 signari
636 3632 722 3700 hanc
745 3643 872 3700 cartam
895 3635 986 3701 anuli
1009 3636 1113 3700 nostri
1136 3636 1341 3722 inpressione
1364 3634 1571 3721 nominisque
1594 3634 1697 3699 nostri
1720 3641 1889 3700 caractere
1910 3632 2074 3697 iussimus.

596 3772 731 3859 Signum
755 3774 866 3840 domni
890 3770 974 3855 (lt.)¹
994 3772 1109 3839 Karoli
1132 3774 1350 3860 imperatoris.

594 3912 715 3978 Actum
738 3915 773 3978 in
794 3914 992 3980 monasterio
1015 3911 1221 3991 Lauresham
1245 3912 1305 3978 sub
1330 3913 1383 3978 die
1405 3930 1460 3976 1111
1482 3933 1559 3977 non.
1584 3919 1667 3998 sept.
1690 3911 1869 3977 indictione
1893 3929 1979 3976 vini.

439 4233 473 4282 so
1275 4207 1363 4281 295.

1222 4331 1413 4431 (Uoccltt.)¹

494 4485 588 4557 Korl
614 4489 678 4560 der
704 4485 831 4559 Grosse
857 4487 1014 4581 testotiqt
1040 4490 1118 4560 dem
1146 4512 1211 4560 ooo
1229 4488 1310 4559 ‘ilem
1337 4487 1503 4560 orbantes
1530 4488 1605 4558 uod
1630 4509 1696 4558 ooo
1723 4485 1835 4579 Popst
1855 4484 1927 4558 Leo
1951 4487 2136 4578 perceilteo

493 4606 767 4680 Marieotloster
792 4633 837 4680 za
863 4608 1038 4682 Aoclieo
1063 4610 1128 4680 dus
1155 4608 1331 4695 Vorrecltt,
1359 4610 1442 4680 does
1468 4609 1548 4679 dort
1568 4608 1622 4680 als
1647 4609 1712 4679 der
1732 4607 1953 4700 Hauptstudt
1979 4607 2137 4680 Gallicos

494 4730 649 4801 dicessits
675 4732 739 4801 der
763 4729 881 4822 Alpeo
906 4732 963 4802 die
989 4730 1124 4822 Ktoipe
1150 4754 1227 4803 com
1254 4730 1383 4802 Recole
1402 4730 1524 4801 Besits
1550 4727 1734 4822 erpreifem
1762 4729 1854 4800 stellt
1881 4751 1915 4800 es
1942 4734 2045 4800 oster
2071 4731 2138 4800 deo

440 4869 474 4919 ss
497 4849 703 4923 besoadereo
723 4849 849 4923 Sclutz
875 4851 965 4922 aller
984 4851 1150 4935 Forsan,
1179 4851 1361 4937 bestimmt,
1389 4852 1472 4922 (loss
1499 4872 1565 4922 voit
1591 4852 1670 4922 clort
1695 4872 1761 4921 oue
1786 4850 1872 4921 alles
1904 4849 2053 4922 Uoreclit
2075 4855 2138 4941 pot

492 4972 647 5062 pemoclrt
673 4974 811 5044 werden
837 4972 931 5058 sollo,
965 4975 1040 5043 aad
1065 4973 1191 5045 siclert
1217 4971 1461 5064 Eiopcborneo
1488 4972 1563 5044 aad
1590 4971 1871 5043 lb'owooderero
1897 4970 1973 5041 iltre
1994 4980 2139 5063 persco-

496 5091 582 5163 liobe
608 5091 765 5164 Freiteit
791 5116 846 5164 aa.

599 5385 727 5445 luserint
750 5387 792 5443 im
810 5384 987 5445 Transsumt
1009 5385 1048 5445 K.
1063 5375 1236 5445 Friedriclrs
1251 5386 1274 5444 l
1290 5403 1346 5444 oon
1368 5388 1454 5446 1166
1477 5384 1552 5448 Just.
1568 5388 1598 5456 8,
1623 5382 1753 5460 Stumps
1763 5388 1858 5456 4061,
1881 5386 1947 5445 aad
1961 5388 2015 5446 mit
2031 5386 2139 5447 diesem

440 5503 475 5552 40
599 5487 772 5561 abortisset
799 5491 833 5548 in
860 5489 914 5548 der
941 5489 1140 5562 Restatiqimq
1166 5488 1340 5548 Friedriclrs
1362 5489 1404 5548 II
1426 5506 1482 5548 ooo
1499 5492 1595 5550 1244
1617 5488 1707 5564 Aug„
1742 5489 1994 5550 Bothictcr
2014 5492 2089 5565 Rq.
2117 5491 2145 5552 V

598 5596 693 5664 3438,
720 5592 857 5668 Ossam
878 5595 921 5652 aa
937 5592 1126 5653 Stadtarcbiu
1146 5610 1187 5651 su
1206 5592 1326 5652 Aocltca
1343 5588 1422 5670 (13¹),
1445 5593 1601 5666 Absctrs'ft
1623 5594 1673 5653 des
1699 5593 1906 5653 Transsumtes
1929 5593 2101 5653 Friedriclts
2123 5592 2142 5651 1

599 5713 656 5756 aaa
686 5696 751 5755 dem
781 5701 832 5758 13.
856 5696 911 5757 Jlt.
933 5695 1013 5757 Aoo.
1037 5696 1098 5756 Me.
1124 5697 1208 5756 6335
1238 5693 1262 5767 f.
1285 5698 1328 5755 24
1357 5697 1399 5755 tm
1422 5697 1594 5758 Britiscbm
1615 5697 1757 5757 Muscam
1783 5715 1825 5757 aa
1846 5697 1974 5758 London
1997 5691 2074 5776 (3¹).
2098 5731 2139 5742 -

904 5819 920 5852 ἱ

574 5881 635 5937 iai.
653 5882 680 5948 a)
697 5881 813 5936 offerat*
882 5883 909 5948 b)
926 5883 1117 5934 monasterinm
1131 5910 1163 5921 -·
1177 5898 1270 5933 snmus
1287 5895 1341 5934 von
1360 5881 1501 5936 deraelbm
1513 5883 1604 5936 Hand
1623 5882 1680 5949 aas
1693 5883 1793 5937 Rasar
1810 5882 1950 5952 pedrctoqt
1967 5881 2141 5952 qesctrs'ebeo

651 5954 676 6015 c)
694 5950 751 6017 cus
765 5951 863 6006 Rasur
933 5952 961 6019 d)
977 5966 1067 6003 comes
1086 5958 1113 6002 et
1131 5950 1188 6016 auf
1201 5949 1300 6004 Rom
1370 5952 1396 6020 e)
1415 5950 1468 6006 dae
1486 5951 1565 6006 letale
1583 5954 1599 6005 b
1619 5951 1709 6006 daret
1725 5952 1825 6006 Raaur
1842 5967 1914 6007 corr.
1928 5967 1980 6006 aus
1999 5969 2015 6003 a
2031 5951 2073 6020 (ta
2091 5952 2142 6005 der

442 6023 475 6070 to
654 6021 772 6090 Vorlape
789 6021 946 6088 Bibarata);
973 6019 1185 6075 Baodoermcrt
1203 6021 1252 6074 des
1271 6022 1314 6076 15.
1331 6020 1378 6076 Νι.
1396 6022 1495 6073 Bibere
1581 6022 1666 6090 stein
1684 6021 1854 6088 erfuadcaea
1874 6019 2141 6091 Titclmoisopramm.
