5642 7159
697 745 760 810 366
1302 747 1736 809 Kllsnnunnunnnu

697 935 919 1004 Concedimus
943 936 1083 1023 denique
1098 937 1131 1001 in
1154 938 1228 1022 ipsa
1251 935 1442 1022 supradicta
1458 935 1603 1002 ecclesis
1626 937 1732 1001 sancti
1749 935 1937 1003 Salvatoris
1958 958 2078 1003 novem
2093 938 2168 1004 filas
2185 939 2233 1005 ad
2253 937 2371 1004 salem

696 1041 895 1123 faciendum,
919 1063 1002 1127 quas
1026 1042 1089 1106 emi
1111 1042 1199 1105 iusto
1223 1063 1295 1106 meo
1319 1041 1425 1128 pretio
1450 1039 1653 1105 anbsnnes
1669 1040 1860 1106 Portuensis
1884 1036 2118 1128 episcopusin
2140 1042 2207 1125 via,
2236 1042 2299 1129 qui
2318 1040 2371 1107 da

697 1145 826 1211 Bucina
848 1147 955 1230 pergit
977 1145 1021 1211 ad
1045 1153 1185 1231 portum,
1209 1153 1337 1209 tantum
1361 1146 1466 1231 pretio
1489 1167 1590 1210 unam
1613 1144 1731 1209 libram
1755 1146 1845 1227 auri3
1869 1145 1967 1210 simili
1991 1146 2089 1212 modo
2114 1146 2274 1213 dedimus
2294 1144 2369 1211 alie

698 1258 763 1315 tres
778 1248 852 1313 filas
869 1248 913 1314 ad
936 1248 1037 1313 selem
1056 1248 1243 1315 faciendum
1265 1250 1300 1314 in
1315 1249 1510 1324 cancellata,
1534 1271 1633 1336 quam
1649 1248 1912 1315 benedictionem
1935 1249 2051 1315 tribuit
2066 1250 2166 1315 micbi
2184 1250 2368 1337 dompnus

697 1353 842 1418 Leonem
867 1374 1013 1418 summus
1037 1353 1187 1439 pontifex
1210 1361 1243 1418 et
1265 1353 1462 1418 universalis
1487 1353 1594 1438 quarti
1617 1374 1704 1439 pape
1728 1376 1749 1418 a
1771 1362 1865 1439 parte
1889 1354 1940 1419 sui
1963 1364 1996 1419 et
2018 1362 2132 1420 sancte
2156 1355 2251 1421 sedis
2275 1376 2365 1441 apo·
2393 1370 2411 1419 c

697 1456 813 1521 stolice
837 1478 896 1542 per
923 1466 1114 1543 preceptum
1138 1457 1356 1522 confirmavit.
1401 1457 1457 1524 Sic
1481 1456 1622 1542 denique
1645 1455 1846 1541 possidendo
1876 1456 2037 1522 tradimus
2060 1456 2225 1524 donamus
2252 1482 2365 1524 unam

697 1571 822 1626 curtem
846 1560 902 1646 qui
926 1560 1045 1626 dicitur
1067 1560 1291 1644 blaceranum,
1326 1563 1382 1648 qui
1405 1582 1472 1627 non
1500 1560 1574 1646 plus
1598 1561 1706 1625 minus
1730 1559 1827 1645 longe
1851 1559 1981 1626 videtur
2008 1582 2080 1627 esse
2103 1584 2124 1626 a
2155 1562 2365 1649 supradicto

696 1664 769 1729 loco
799 1686 898 1750 quam
921 1663 1096 1731 duodecim
1125 1666 1277 1748 miliario,
1311 1666 1407 1731 iuxta
1437 1665 1560 1730 salaria
1583 1672 1705 1747 vetere,
1740 1666 1796 1749 qui
1819 1663 1976 1730 dividitur
2003 1663 2047 1729 ad
2074 1675 2210 1751 pontem
2235 1666 2363 1749 Molui,

697 1789 794 1854 quem
823 1770 931 1833 emis
960 1769 1103 1856 dompno
1126 1770 1311 1857 apostolico
1341 1770 1496 1835 videlicet
1521 1770 1632 1835 Leone
1661 1778 1778 1855 quarto
1803 1790 1891 1854 papa
1919 1768 1997 1835 licet
2026 1779 2156 1836 centum
2187 1770 2298 1837 libras
2326 1772 2362 1837 in

696 1874 870 1959 integrum,
904 1872 1022 1938 damus
1045 1894 1121 1939 cum
1153 1872 1306 1938 omnibus
1329 1873 1373 1939 ad
1395 1874 1463 1938 iam
1486 1873 1577 1939 dicta
1604 1883 1696 1939 curte
1718 1872 1975 1959 pertinentibus·
1997 1894 2072 1938 cum
2094 1874 2219 1961 prediis
2243 1877 2359 1941 vineis
2386 1893 2420 1941 ιο

696 1979 801 2063 pratis
836 1978 971 2063 pascuis
1000 1976 1175 2042 arboribus
1209 1977 1388 2043 fructiferis
1411 1977 1465 2043 vel
1494 1978 1706 2044 infructiferis
1739 1978 1831 2043 silvis
1865 1979 2021 2063 pantanis
2049 1980 2144 2064 aquis
2172 1978 2361 2066 aquimolis

697 2102 924 2165 aquarumque
948 2080 1142 2147 decursibus
1172 2083 1277 2147 servis
1301 2091 1334 2146 et
1361 2081 1492 2147 ancillis
1515 2081 1594 2147 aldii
1618 2081 1789 2148 aldiabust
1817 2082 1944 2146 colonis
1967 2103 2042 2146 cum
2068 2082 2254 2149 colonabus
2281 2085 2360 2149 suis

698 2184 821 2249 cultum
837 2185 890 2249 vel
912 2185 1083 2266 incultum,
1109 2187 1218 2251 omnia
1236 2184 1436 2271 generaliter
1458 2186 1491 2250 in
1514 2188 1679 2271 integrum
1702 2185 1746 2251 sd
1768 2185 1907 2252 eandem
1930 2195 2023 2251 curte
2045 2186 2292 2272 pertinentibus
2310 2189 2359 2253 in-

697 2288 930 2354 revocabiliter
957 2290 1180 2356 concedimus.
1226 2292 1342 2378 ltaque
1373 2290 1483 2357 stabili
1513 2293 1605 2357 iussu
1634 2290 1779 2356 decrevit
1804 2300 1920 2356 nostra
1948 2292 2129 2356 auctoritas
2157 2292 2190 2356 in
2219 2292 2359 2378 prefata

698 2392 840 2459 ecclesis
873 2401 942 2459 tres
970 2392 1173 2479 presbiteros
1202 2403 1235 2461 et
1263 2396 1436 2462 duodecim
1470 2395 1610 2461 clericos
1640 2394 1834 2460 scolasticos
1864 2394 1992 2460 litteras
2021 2394 2209 2461 scientibus,
2241 2398 2356 2462 tonsis
2383 2410 2416 2462 lc

699 2502 803 2565 comis
819 2500 1006 2565 ministrent
1022 2499 1090 2565 illic
1113 2521 1189 2568 cum
1204 2500 1396 2587 presbiteris
1412 2500 1536 2566 ibidem
1553 2500 1614 2565 deo
1631 2498 1877 2564 famulantibus.
1906 2499 2027 2584 Sisque
2043 2497 2083 2563 de
2100 2500 2211 2585 regnis
2227 2500 2358 2566 nostris

699 2602 884 2687 colligimus
913 2611 1069 2688 quattuor
1091 2626 1149 2689 per
1178 2605 1276 2669 trium
1299 2604 1444 2689 partium
1471 2604 1634 2688 infigura
1664 2612 1777 2668 sancte
1800 2603 1955 2667 trinitatis
1987 2611 2020 2667 st
2042 2612 2183 2690 quatuor
2210 2625 2357 2689 evange·

697 2704 861 2790 lictorum,
889 2708 994 2771 sicin
1022 2706 1146 2772 bonore
1170 2707 1342 2773 duodecim
1367 2706 1595 2793 apostolorum
1623 2706 1773 2792 eligimus
1797 2714 1939 2792 quatuor
1962 2706 2060 2793 plane
2088 2706 2129 2773 de
2152 2708 2300 2773 Francia
2324 2719 2358 2775 et

698 2818 855 2895 quattuor
876 2809 917 2875 de
940 2809 1167 2897 Auguittania,
1197 2821 1354 2897 quattuor
1377 2811 1418 2876 de
1442 2808 1562 2893 Gallia,
1586 2819 1624 2875 ut
1645 2809 1690 2875 ibi
1716 2812 1863 2876 serviant
1885 2810 1946 2876 deo
1972 2810 2124 2878 omnibus
2147 2812 2357 2898 temporibus

699 2924 733 2979 et
760 2921 873 2979 nostre
901 2915 1104 3000 preceptioni
1134 2914 1293 2981 obediant
1323 2914 1451 3000 absque
1474 2937 1566 2981 mora
1594 2923 1723 2981 remota
1747 2916 1833 2981 omni
1863 2917 2009 3001 pigritia,
2043 2916 2201 3001 colligant
2229 2918 2355 2984 fratres
2380 2934 2415 2985 20

698 3018 899 3105 peregrinos,
934 3019 990 3104 qui
1012 3020 1185 3103 migraturi
1216 3021 1348 3084 suntin
1377 3020 1451 3085 istis
1479 3018 1631 3105 partibus
1653 3019 1768 3102 Rome,
1803 3018 2034 3105 qualicumque
2057 3020 2252 3086 accidentiis
2277 3043 2356 3087 con·

697 3123 831 3206 tingerit
852 3123 1052 3189 venientium
1082 3122 1297 3209 sepelliantur
1318 3122 1442 3189 ibidem
1466 3123 1499 3187 in
1521 3124 1586 3187 ism
1611 3122 1758 3208 predicto
1775 3122 1847 3187 loco
1873 3122 2016 3188 sollicita
2031 3126 2180 3190 caritate.
2204 3126 2358 3192 Vocatur

698 3228 840 3314 denique
861 3228 952 3313 prior
974 3227 1071 3293 buius
1094 3228 1184 3293 scole
1207 3228 1324 3310 Retico,
1354 3227 1596 3313 Ingelbertus¹¹‚
1626 3227 1810 3295 Gotbertus
1834 3238 1867 3294 et
1890 3229 2024 3311 lngelrii
2049 3230 2089 3296 de
2112 3231 2268 3313 Francia,
2298 3232 2357 3297 alii

699 3331 739 3398 de
756 3332 974 3416 Anguittania
989 3332 1114 3416 Dosde‚
1139 3333 1242 3416 Amis‚
1261 3332 1359 3397 Amat
1375 3342 1408 3397 et
1423 3333 1628 3416 Benuardus,
1653 3333 1695 3398 de
1712 3332 1824 3397 Gallia
1839 3333 2008 3418 Frederig‚
2028 3334 2167 3412 Octone,
2191 3335 2354 3417 Mellitus,

698 3435 866 3502 Stefanus.
890 3437 943 3502 Ita
966 3446 1078 3503 tamen
1094 3439 1334 3521 constituimus,
1358 3447 1395 3503 ut
1409 3438 1474 3524 ipsi
1497 3448 1530 3503 et
1552 3458 1899 3507 successoreseorum
1915 3439 2073 3504 exibeant
2096 3440 2266 3505 servitium
2289 3439 2354 3507 deo
2379 3456 2414 3505 sc

697 3549 730 3605 et
751 3540 844 3625 regni
866 3542 971 3606 nostri
995 3551 1158 3607 terrarum
1183 3550 1306 3607 statum
1330 3541 1496 3615 obediant,
1526 3550 1564 3607 ut
1586 3539 1784 3627 ubicumque
1808 3544 1840 3607 in
1864 3543 1939 3607 istis
1969 3542 2119 3629 partibus
2142 3543 2355 3611 venientibus

698 3645 738 3712 de
761 3645 1017 3711 ultramontanis
1033 3648 1195 3733 partibus,
1220 3648 1246 3712 si
1263 3669 1343 3712 casu
1367 3645 1489 3712 accidit
1504 3646 1675 3719 moriendi,
1700 3646 1870 3732 inquirant
1886 3656 1918 3711 et
1942 3646 2106 3733 sepeliant
2121 3647 2355 3715 deducendum

696 3752 740 3818 ad
764 3752 830 3816 ism
853 3752 976 3818 dictam
993 3752 1178 3818 ecclesiam.
1203 3753 1350 3838 Proque
1373 3773 1478 3819 causa
1501 3752 1672 3816 annuatim
1694 3751 1847 3816 volumus
1871 3751 1911 3816 de
1926 3753 2036 3837 regnis
2059 3753 2182 3817 nostris
2196 3753 2356 3837 Francia,

695 3855 914 3940 Anguittsnia
942 3865 975 3921 et
997 3854 1109 3922 Gallia
1137 3857 1338 3921 remunerari
1361 3858 1394 3921 in
1425 3854 1541 3921 eodem
1567 3855 1641 3920 loco
1673 3878 1715 3921 ex
1739 3876 1938 3942 unoquoque
1966 3877 2068 3941 reguo
2096 3860 2354 3942 quatuorcenti

697 3959 818 4037 librss3
844 3961 878 4025 in
891 3961 1036 4025 Francia
1059 3960 1219 4046 colligant
1233 3962 1266 4025 in
1284 3959 1465 4045 Rempers'
1487 3959 1731 4045 quatuorcenti
1754 3958 1867 4041 libras,
1891 3959 1932 4025 de
1948 3960 2167 4045 Anguittania
2188 3960 2355 4048 colligant
2379 3978 2414 4028 so

699 4064 742 4129 ad
767 4074 918 4129 sanctam
940 4064 1048 4130 Maria
1072 4067 1126 4151 qui
1151 4064 1271 4131 dicitur
1293 4066 1325 4129 in
1348 4065 1498 4150 Pogium,
1523 4063 1564 4129 de
1589 4062 1700 4129 Gallia
1724 4063 1882 4148 colligant
1904 4065 1938 4129 in
1955 4064 2033 4129 Asie
2056 4064 2194 4150 palatio,
2219 4075 2256 4130 ut
2280 4089 2356 4153 pre·

698 4168 883 4235 bordinstis
913 4172 967 4255 qui
991 4169 1112 4236 fuerint
1139 4171 1172 4234 in
1195 4170 1277 4255 ipsis
1302 4168 1459 4255 predictis
1489 4168 1601 4233 locis'
1629 4190 1688 4253 per
1710 4169 1857 4253 ipsorum
1886 4170 2075 4233 nuntiorum
2105 4190 2224 4235 manus
2251 4170 2358 4235 desti-

699 4281 817 4338 nentur
840 4272 1000 4339 ducendis
1017 4274 1049 4338 in
1071 4275 1137 4339 iam
1159 4281 1333 4360 prenotato
1349 4272 1433 4354 loco,
1458 4270 1544 4336 sicut
1558 4281 1674 4337 nostra
1690 4273 1870 4359 preceptali
1887 4275 2057 4339 sanctione
2074 4273 2222 4339 decrevit
2237 4274 2358 4357 iussio,

697 4389 797 4464 atque
819 4377 865 4444 ibi
881 4376 1100 4443 servientibus
1123 4377 1215 4443 nulla
1231 4378 1420 4464 inpediatur
1442 4397 1545 4442 causa
1561 4379 1782 4443 necessitatis.
1806 4378 2030 4464 Precipientes
2046 4380 2246 4465 precipimus
2263 4400 2356 4444 com·

698 4482 904 4549 morantibus
927 4482 1060 4557 ibidem,
1085 4483 1208 4547 aliumx
1231 4484 1402 4548 servitium
1426 4481 1584 4548 exibeant
1607 4481 1668 4548 deo
1692 4491 1725 4546 et
1747 4491 1860 4547 nostre
1884 4484 2064 4547 serenitati.
2099 4483 2228 4548 Idcirco
2251 4505 2355 4570 quos·
2381 4502 2417 4551 aa

697 4607 837 4672 cumque
860 4608 966 4652 causa
989 4588 1150 4652 orationis
1172 4587 1214 4652 de
1237 4586 1492 4652 ultramontanis
1515 4585 1665 4673 partibus
1689 4586 1850 4669 venerint,
1882 4588 1946 4673 ipsi
1971 4588 2037 4651 sint
2060 4587 2213 4652 ductores
2237 4609 2357 4654 eornm

697 4690 741 4756 ad
764 4690 924 4756 orandum
950 4713 1007 4776 per
1030 4690 1145 4755 limina
1169 4698 1370 4756 sanctorum.
1416 4689 1467 4754 De
1490 4689 1594 4755 allata
1617 4712 1763 4773 munera,
1800 4690 1888 4776 quod
1912 4691 2009 4757 datur
2036 4714 2094 4777 per
2117 4713 2357 4778 unaquamque

696 4794 867 4878 ecclesias,
891 4817 975 4881 quos
997 4817 1184 4881 percorum
1209 4795 1381 4860 ductiones
1398 4796 1584 4877 mittuntur,
1608 4802 1645 4859 ut
1661 4794 1743 4859 duas
1768 4805 1880 4881 partes
1897 4794 2054 4881 predictis
2077 4794 2226 4860 ecclesiis
2243 4794 2356 4880 detur,

696 4901 794 4965 tertia
817 4922 893 4965 vero
917 4899 981 4985 ipsi
1006 4900 1160 4965 ductores
1188 4901 1366 4985 accipiant,
1401 4898 1630 4964 tantummodo
1658 4898 1721 4964 bac
1750 4901 1978 4985 prenotatione
2007 4908 2127 4964 utetur.
2173 4897 2357 4966 Scolastici

696 5028 762 5069 una
799 5025 874 5070 cum
909 5002 1099 5090 presbiteris
1134 5005 1361 5091 suprascripte
1394 5003 1534 5069 ecclesie
1571 5006 1677 5069 sancti
1713 5002 1896 5070 Salvatoris
1932 5004 1972 5069 de
2005 5004 2115 5089 regnis
2145 5005 2291 5090 Franciq
2323 5015 2358 5071 et
2384 5026 2421 5075 to

696 5110 897 5194 Auguitanie
921 5131 979 5173 seu
998 5108 1255 5193 Burgundionis,
1279 5108 1499 5174 Alamannica
1523 5116 1556 5171 et
1579 5107 1653 5173 aliis
1677 5109 1863 5174 numerosis
1887 5108 2056 5194 regnibus‚
2081 5117 2118 5173 ut
2140 5106 2180 5172 de
2197 5106 2306 5174 Saxis
2323 5120 2359 5175 et

694 5214 816 5297 Frisia,
840 5212 992 5279 omnibus
1015 5212 1090 5277 aliis
1112 5214 1222 5299 regnis
1246 5214 1311 5298 ipsi
1335 5213 1459 5277 ducant
1476 5220 1623 5276 oratores
1647 5220 1679 5276 et
1696 5212 1873 5296 hospitent,
1898 5213 2060 5298 sepeliant
2076 5233 2200 5276 omnes.
2231 5211 2360 5293 Quod,

695 5317 829 5403 quidem
853 5326 965 5382 nostre
989 5319 1167 5381 assertioni
1193 5318 1302 5381 verius
1325 5316 1484 5382 credatur
1507 5325 1539 5381 et
1560 5326 1673 5380 nostre
1698 5318 1860 5382 sanctioni
1884 5316 1996 5382 utilius
2021 5316 2223 5399 observetur,
2254 5338 2357 5403 suge-

693 5430 785 5487 rente
814 5444 866 5486 me
888 5420 1003 5487 humili
1032 5424 1244 5508 suggestione
1272 5422 1416 5508 dompno
1439 5422 1544 5487 Leoni
1576 5444 1701 5486 summe
1730 5430 1844 5485 sancte
1875 5421 1964 5486 sedis
1994 5420 2175 5507 apostolice
2199 5422 2358 5506 pontifici

696 5548 762 5592 una
777 5548 852 5591 cum
868 5526 1032 5613 episcopis
1049 5525 1334 5611 archipresbiteris
1351 5524 1529 5592 abbatibus
1546 5534 1578 5589 et
1593 5526 1735 5610 stipatus
1753 5526 1898 5590 maxima
1915 5524 2124 5590 multitudine
2139 5523 2358 5610 prudentium
2385 5544 2422 5592 st

695 5632 840 5697 virorum
863 5632 896 5696 in
919 5630 1060 5697 basilica
1082 5631 1172 5696 beati
1189 5630 1276 5695 Petri
1300 5630 1443 5716 apostoli
1466 5630 1500 5695 in
1523 5629 1596 5694 loco
1622 5632 1676 5715 qui
1698 5638 1837 5695 vocatur
1861 5630 1915 5696 Ad
1938 5636 2238 5714 quattu01·¹rotaa,
2263 5631 2356 5696 simi·

770 5785 830 5841 254
850 5786 873 5853 s)
891 5801 962 5839 corr.
982 5801 1036 5869 aaa
1055 5788 1331 5865 pertinentinentibus
1349 5785 1377 5839 B
1482 5786 1503 5850 t)
1521 5784 1649 5839 daraaslr
1668 5803 1737 5850 cum,
1765 5784 1885 5869 dasncor
1904 5785 2027 5837 aldiabus
2045 5800 2091 5837 om
2110 5782 2250 5852 ricbtipsrs
2272 5784 2363 5841 Pluts

848 5855 1324 5994 iiiiifitwiiitfillldamll
1337 5854 1562 5992 tibitibi
1581 5855 1883 5993 pallrltttttltt
1897 5858 1968 5977 Ψ
1986 5852 2199 5990 ”ltrft'ttlt‘
2212 5853 2363 5980 itti

847 5994 990 6049 Aeschrio
1006 5995 1080 6048 siocli
1107 6012 1162 6047 uon
1186 5994 1254 6048 oder
1272 6002 1375 6047 utnon
1394 5994 1571 6061 ouspsfallsrs
1674 5996 1703 6061 y)
1721 5993 1809 6047 dacor
1827 5992 1873 6047 sin
1899 5992 2009 6047 sweites
2028 5993 2105 6057 Quod
2124 5990 2215 6047 durch
2236 5991 2363 6051 Daorsis·
2389 5996 2425 6048 50

847 6064 986 6118 strsicben
1003 6063 1101 6133 petilpt
1114 6063 1141 6116 B
1212 6065 1238 6130 s)
1256 6064 1310 6117 das
1329 6064 1389 6117 sice
1406 6071 1419 6116 t
1435 6064 1503 6117 siber
1523 6063 1573 6117 der
1592 6063 1667 6117 Zeile
1685 6063 1895 6132 riccbpetropeu
1914 6062 1941 6116 B
