5642 7159
673 717 715 780 38
1279 720 1713 781 Kntsnauttxuuumt.

675 929 786 972 corum
818 907 941 972 saciant
970 906 1143 993 pacificam
1167 906 1286 971 ducere
1310 917 1343 971 ct
1366 907 1485 972 suturis
1508 906 1577 970 iure
1600 906 1788 973 firmissimo
1811 928 1862 988 ea,
1892 928 1976 991 quae
1998 927 2019 969 a
2041 905 2137 972 nobis
2160 928 2320 971 concessa

673 1020 760 1085 sunt,
795 1010 921 1096 absque
952 1009 1175 1096 inquietudine
1205 1011 1317 1076 liberis
1346 1009 1567 1097 potestatibus
1597 1010 1727 1076 Christo
1757 1010 1910 1096 praesule
1942 1009 2075 1074 valeant
2103 1012 2138 1074 in
2167 1009 2319 1075 omnibus

673 1118 852 1183 dominare.
877 1117 1087 1202 Quapropter
1111 1115 1188 1180 dum
1211 1115 1358 1202 pluribus
1381 1117 1529 1180 noscitur
1552 1137 1625 1181 esse
1648 1124 1851 1201 conpertum,
1875 1124 2038 1199 quatenus
2061 1114 2149 1180 fideli
2167 1115 2228 1180 deo
2245 1138 2319 1200 pro·

673 1221 754 1307 pitio
777 1230 891 1286 nostro
914 1230 1013 1306 atque
1035 1221 1105 1285 viro
1128 1219 1307 1286 venerabili
1330 1219 1477 1286 Fulrado
1501 1219 1673 1305 capellano
1696 1229 1808 1284 nostro
1826 1220 1896 1284 sive
1911 1217 2219 1305 archypresbitero⁸
2242 1229 2320 1283 ante

674 1324 734 1389 hos
757 1324 827 1389 dies
857 1323 1045 1389 advenienti
1069 1345 1190 1388 causae
1213 1323 1336 1388 laboris
1366 1323 1571 1409 paericulum
1598 1345 1702 1408 poene
1725 1324 1838 1389 mortis
1868 1331 2000 1387 constat
2022 1343 2096 1386 cum
2119 1322 2221 1386 fuisse
2243 1337 2358 1386 con-⁶
2426 1353 2431 1360 ·

674 1450 796 1493 nexum
819 1438 851 1492 et
874 1427 948 1492 ideo
973 1426 1106 1492 tradens
1129 1427 1225 1491 nobis
1246 1450 1300 1493 res
1324 1429 1534 1514 proprietatis
1558 1449 1648 1511 suae,
1673 1450 1757 1514 quas
1780 1427 1877 1492 homo
1901 1427 2031 1513 aliquus
2054 1428 2186 1492 nomine
2208 1425 2319 1491 Uuido

674 1531 780 1596 eidem
804 1531 1024 1616 delegaverat,
1057 1541 1093 1596 ut
1116 1554 1174 1616 pro
1198 1533 1269 1596 eius
1293 1533 1404 1598 anima
1426 1533 1518 1619 ipsas
1540 1556 1593 1598 res
1616 1532 1661 1598 ad
1682 1533 1757 1598 loca
1784 1542 1974 1598 sanctorum
2004 1533 2200 1599 confirmare
2224 1531 2319 1597 debe-

673 1657 792 1701 remus.
828 1634 894 1701 Sed
925 1636 1002 1721 quia
1032 1633 1243 1700 subveniente
1273 1636 1385 1700 divina
1413 1636 1639 1702 misericordia
1668 1637 1700 1701 in
1730 1637 1903 1722 pristinam
1932 1636 2039 1701 denuo
2068 1636 2242 1701 restitutus
2270 1644 2321 1701 est

676 1742 860 1822 sanitatem,
885 1739 1071 1827 praedictas
1095 1741 1212 1806 iterum
1233 1763 1285 1806 res
1301 1741 1404 1826 ipsius
1427 1740 1573 1806 Fulrado
1596 1742 1658 1806 visi
1674 1741 1795 1805 fuimus
1817 1739 2011 1805 tradedisse.
2035 1738 2100 1806 Sed
2116 1761 2232 1805 verens
2247 1740 2320 1824 ipse

673 1847 768 1931 quasi
792 1867 851 1930 per
873 1845 1016 1930 quodam
1041 1846 1196 1931 temporis
1222 1846 1365 1931 spatium
1388 1866 1447 1929 pro
1471 1845 1664 1930 cupiditatis
1693 1865 1804 1910 amore
1827 1843 1974 1909 homines
1998 1841 2099 1928 aliqui
2121 1844 2201 1928 ipsis
2225 1864 2318 1928 prac-
2345 1857 2377 1906 ιο

673 1949 771 2013 dictis
802 1947 899 2012 rebus
927 1971 1099 2034 requerere
1129 1946 1181 2013 vel
1211 1970 1269 2033 pro
1298 1950 1372 2034 ipsa
1400 1970 1504 2013 causa
1526 1951 1556 2014 ei
1586 1947 1783 2014 calomniam
1811 1969 1968 2033 generare
1997 1946 2163 2030 deberent,
2195 1946 2319 2012 idcirco

674 2055 770 2139 petiit
792 2051 1018 2117 celsitudinem
1041 2061 1199 2135 nostram,
1222 2061 1259 2116 ut
1283 2074 1341 2138 pro
1357 2055 1432 2138 ipsa
1455 2052 1630 2118 traditione
1646 2054 1680 2117 in
1704 2052 1739 2116 id
1753 2054 1861 2138 ipsum
1884 2061 2031 2119 nostram
2055 2053 2319 2138 praeceptionem

673 2155 866 2221 deberemus
889 2154 1086 2240 generaliter
1108 2155 1307 2230 confirmari,
1332 2155 1422 2241 quod
1444 2166 1475 2221 et
1498 2178 1558 2222 uos
1580 2166 1732 2242 gratante
1762 2159 1873 2223 animo
1897 2161 1945 2223 ita
1975 2157 2185 2242 praestetisse
2209 2155 2262 2220 vel
2287 2157 2319 2220 in

674 2260 825 2327 omnibus
860 2260 1073 2325 confirmasse
1107 2261 1304 2346 cognoscite.
1339 2261 1582 2346 Praecipientes
1616 2263 1711 2341 enim,
1745 2271 1782 2326 ut
1814 2260 2004 2347 praedictus
2039 2261 2088 2324 vir
2121 2259 2319 2325 venerabilis

672 2364 837 2429 Fulradus
855 2365 1047 2451 capellanus
1059 2375 1171 2430 noster
1183 2367 1274 2451 ipsas
1287 2388 1350 2447 res,
1368 2387 1451 2451 quas
1467 2375 1666 2430 memoratus
1682 2364 1791 2430 Uuido
1808 2366 1838 2430 ei
1853 2364 2007 2447 tradedit,
2024 2364 2057 2430 id
2070 2373 2121 2428 est
2134 2362 2318 2446 Ghermari,
2344 2380 2375 2427 ro

673 2469 952 2550 Audaldovillare,
987 2468 1234 2551 Ansulfishaim,
1270 2468 1398 2550 Suntof,
1435 2467 1662 2551 Grucinhaim,
1697 2468 1975 2534 Ratbertovillare
2004 2467 2056 2533 vel
2084 2466 2241 2553 quicquid
2262 2489 2321 2552 per

672 2575 775 2660 ipsius
798 2573 943 2638 Fulrado
972 2575 1144 2658 praecaria
1173 2572 1363 2659 praedictus
1386 2571 1496 2637 Uuido
1526 2569 1724 2657 possedereb
1753 2572 1891 2653 videtur,
1923 2572 2011 2658 quod
2033 2570 2131 2637 nobis
2153 2570 2319 2636 Fulradus

673 2676 816 2742 tradedit
831 2699 907 2741 cum
924 2678 1010 2742 omni
1033 2679 1235 2761 integritate,
1259 2686 1325 2742 tam
1343 2677 1440 2741 terris
1457 2675 1608 2741 domibus
1632 2675 1792 2741 aedificiis
1815 2674 1995 2741 accolabus
2018 2675 2194 2760 mancipiis
2215 2675 2319 2738 vineis

673 2780 765 2844 silvis
797 2768 921 2866 campis
950 2781 1054 2864 pratis
1085 2781 1215 2866 pascois
1249 2781 1347 2866 aquis
1377 2802 1580 2866 aquarumve
1615 2780 1808 2846 decursibus
1843 2780 2019 2846 mobilibus
2042 2789 2075 2844 et
2096 2777 2319 2844 immobilibus

672 2887 839 2970 pecuniis⁶
861 2885 998 2970 peculiis
1023 2887 1192 2972 utriusque
1216 2907 1315 2951 sexus
1340 2887 1448 2970 gregis
1465 2907 1539 2949 cum
1564 2884 1751 2971 pastoribus
1774 2883 1827 2949 vel
1846 2885 1934 2949 omni
1957 2883 2193 2970 suppellectile,
2219 2904 2318 2968 quan·
2342 2900 2376 2947 20

672 2999 881 3076 tumcumque
905 2988 945 3053 de
961 2999 1098 3074 paterno
1115 2988 1167 3054 vel
1183 2989 1223 3055 de
1239 2999 1386 3054 materno
1405 3011 1463 3054 seu
1479 2988 1706 3075 undecumque
1722 2988 1852 3074 adipso
1871 2987 2022 3055 Uuidone
2038 2987 2184 3072 legitimo
2206 2984 2319 3051 ordine

672 3094 818 3158 noscitur
833 3094 1033 3178 pervenisse,
1057 3092 1212 3179 quicquid
1228 3095 1260 3158 in
1277 3093 1458 3158 Alsacense
1481 3095 1562 3158 etin
1577 3093 1816 3178 Mordenaugia
1832 3092 1953 3157 habere
1977 3094 2066 3157 visus
2083 3101 2143 3165 est,
2167 3101 2272 3156 totum
2287 3100 2320 3155 et

672 3195 715 3261 ad
738 3197 910 3282 integrum,
936 3197 1024 3282 quod
1046 3197 1078 3260 in
1094 3198 1184 3282 ipsos
1201 3217 1305 3282 pagos
1322 3219 1382 3261 sua
1398 3197 1459 3262 fuit
1474 3198 1641 3284 possessio
1666 3207 1699 3262 et
1714 3194 1860 3262 Fulrado
1884 3196 2027 3262 tradedit
2049 3206 2082 3261 ct
2099 3193 2191 3282 ipse‘¹
2213 3194 2318 3278 nobis,

584 3337 589 3382 2
672 3308 709 3364 ut
732 3322 831 3385 supra
854 3299 1007 3382 diximus,
1039 3303 1071 3366 in
1098 3322 1159 3367 sua
1182 3301 1371 3366 infirmitate
1398 3300 1543 3367 tradedit
1571 3310 1670 3388 atque
1693 3322 1754 3366 nos
1779 3300 1886 3366 denuo
1910 3301 2013 3386 ipsius
2036 3299 2182 3365 Fulrado
2211 3299 2319 3365 trade·

671 3404 790 3485 dimus,
815 3405 857 3470 ab
871 3405 934 3469 hac
958 3404 1010 3469 die
1026 3428 1068 3470 cx
1091 3415 1205 3469 nostra
1227 3405 1452 3470 munificentia
1475 3405 1643 3471 licentiam
1665 3404 1788 3470 habeat
1810 3405 1965 3489 deinceps
1988 3405 2078 3490 ipsas
2101 3423 2154 3467 res
2176 3401 2318 3467 habendi
2342 3418 2375 3465 ao

672 3507 803 3573 tenendi
831 3509 931 3573 dandi
960 3507 1115 3574 vindendi
1143 3508 1367 3592 conmutandi,
1401 3509 1501 3574 etiam
1529 3509 1582 3574 vel
1606 3508 1634 3573 si
1658 3529 1717 3594 pro
1741 3507 1863 3573 Christi
1894 3530 2006 3574 amore
2034 3517 2066 3573 et
2090 3529 2169 3572 suae
2192 3507 2320 3571 animae

673 3612 850 3677 remedium
876 3613 967 3697 ipsas
990 3635 1042 3677 res
1067 3612 1109 3677 ad
1133 3611 1206 3677 loca
1230 3622 1418 3679 sanctorum
1442 3612 1595 3698 delegare
1616 3614 1766 3687 voluerit,
1790 3613 1987 3700 ubicumque
2011 3615 2040 3678 ei
2055 3612 2140 3677 bene
2163 3611 2320 3697 placitum

671 3718 779 3798 fuerit,
803 3739 845 3781 ex
857 3719 1018 3802 permisso
1041 3725 1156 3782 nostro
1181 3715 1307 3803 absque
1331 3717 1430 3783 ullius
1453 3718 1570 3782 iudicis
1594 3717 1645 3783 vel
1661 3718 1733 3782 fisci
1757 3717 1982 3803 inquietudine
2006 3718 2074 3782 sive
2097 3726 2192 3781 extra
2215 3716 2319 3799 ipsius

671 3819 825 3886 Uuidone
848 3820 1006 3887 haeredes
1022 3821 1246 3907 refragatione
1269 3821 1407 3888 liberam
1424 3844 1464 3887 ac
1481 3822 1704 3887 firmissimam
1727 3822 1915 3908 praedictus
1939 3820 2103 3886 Fulradus
2126 3819 2320 3906 capellanus

671 3933 783 3989 noster
806 3925 874 3990 sive
897 3924 1165 4010 archypresbiter
1195 3925 1332 3991 liberam
1356 3948 1396 3991 ac
1425 3927 1653 3992 firmissemam
1676 3928 1709 3992 in
1733 3927 1884 3992 omnibus
1908 3926 1948 3991 de
1970 3926 2052 4010 ipsis
2075 3922 2174 3990 rebus
2197 3921 2319 3989 habeat
2341 3937 2376 3986 30

672 4036 867 4113 potestatem
896 4029 1038 4094 faciendi
1072 4029 1229 4115 quicquid
1258 4029 1408 4096 voluerit.
1448 4031 1556 4114 Quam
1580 4052 1657 4097 vero
1682 4032 1923 4113 auctoritatem,
1955 4040 1991 4096 ut
2012 4030 2136 4095 firmior
2158 4027 2320 4093 habeatur

672 4131 722 4196 vel
747 4155 804 4218 per
823 4141 973 4218 tempora
992 4133 1108 4198 melius
1125 4145 1345 4214 conservetur,
1371 4133 1484 4200 subter
1507 4158 1582 4200 eam
1605 4136 1807 4202 firmavimus
1829 4136 1883 4202 vel
1906 4133 1947 4200 de
1970 4135 2069 4200 anulo
2093 4144 2206 4199 nostro
2230 4131 2317 4217 sigil-

670 4235 820 4301 lavimus.

772 4375 786 4456 Ξ
809 4376 945 4458 Signum
970 4375 1064 4458 (ΜΚ)
1087 4375 1226 4462 Pippino
1251 4376 1489 4462 gloriosissimo
1511 4399 1600 4462 rege.
1623 4381 1637 4462 ᾗ

775 4501 834 4574 (C.)
850 4493 864 4576 i}
881 4496 1051 4563 Hitherius
1067 4500 1244 4584 recognovi
1260 4509 1292 4564 et
1307 4499 1321 4580 ll
1336 4505 1407 4578 (SR.
1424 4505 1510 4566 Nm:
1527 4504 1684 4564 Hitlrerias
1699 4505 1885 4577 saosmpsi).
1902 4505 1958 4579 (SI.
1975 4505 2023 4579 D.)
2040 4499 2156 4585 [Blene
2172 4500 2317 4586 [vlalcat.
2340 4515 2375 4563 ³5

773 4634 863 4699 Data
887 4655 974 4700 nono
991 4634 1056 4700 kal.
1075 4635 1220 4702 octobris
1240 4659 1326 4704 anno
1342 4648 1439 4703 xv11⁰
1461 4641 1552 4725 regni
1568 4643 1691 4722 nostri3
1714 4648 1825 4706 actum
1848 4641 1881 4705 in
1896 4643 1968 4725 ipso
1991 4643 2191 4707 monasterio
2214 4641 2319 4706 sancti

677 4737 847 4804 Dionisii‘.

1463 5035 1524 5110 28.

672 5192 806 5284 Pippin
834 5194 972 5264 schenlet
999 5197 1077 5265 dom
1103 5196 1254 5267 Kloslcr
1279 5195 1495 5268 Sillanis
1521 5196 1585 5284 fotr
1610 5167 1703 5267 seiae
1735 5195 1936 5267 Grolrsto'ttte
1962 5199 2028 5269 den
2055 5196 2162 5269 Forat
2187 5152 2322 5269 iveline

671 5314 725 5383 ols
751 5314 931 5384 ammoneo
958 5313 1088 5386 Bestia.
2342 5337 2378 5384 ⁴⁰

1822 5438 1868 5499 St.
1893 5438 1987 5499 Derris
2010 5442 2075 5499 768
2097 5439 2274 5514 September.

755 5620 794 5673 27.
826 5621 851 5688 a)
869 5623 1058 5688 archyepsbtro
1077 5623 1138 5686 (orit
1151 5623 1406 5692 Kitrrstupsstriclr)
1420 5625 1454 5690 A,
1476 5622 1521 5676 eia
1537 5624 1673 5678 Vereelrers
1691 5624 1739 5677 des
1752 5622 1918 5688 Schrabers,
1937 5623 1987 5676 der·
2005 5624 2207 5694 araprrtapliclr
2224 5626 2319 5692 archy-

822 5693 964 5757 episcopus
983 5691 1096 5751 sclrrieb,
1116 5692 1195 5744 dorm
1214 5693 1279 5746 aber
1297 5693 1340 5746 bei
1357 5693 1517 5762 Arrfripurap
1536 5693 1583 5746 des
1602 5693 1739 5762 riclstipea
1759 5693 1846 5747 Titels
1864 5693 1910 5746 die
1927 5710 1988 5746 saun
2007 5693 2209 5761 Wmflttssiqea
2227 5692 2319 5748 Bacla-

822 5759 920 5812 stebea
937 5776 961 5823 e,
980 5778 992 5812 s
1010 5776 1045 5812 aa
1066 5761 1151 5829 tilqea
1169 5777 1281 5831 corpora
1407 5764 1435 5827 b)
1453 5780 1468 5812 o
1488 5779 1541 5815 aas
1560 5781 1577 5829 p
1595 5779 1647 5815 von
1666 5763 1808 5816 derselbea
1825 5762 1917 5815 Horrd
1935 5778 2006 5816 corr.
2121 5769 2146 5830 c)
2163 5767 2274 5830 pecnnia
2293 5765 2319 5816 A

821 5831 848 5893 d)
866 5835 893 5880 et
905 5833 964 5896 ipse
977 5829 1099 5898 doppelt,
1119 5847 1164 5882 arn
1177 5831 1260 5884 Eudo
1272 5831 1349 5884 eirrer
1361 5831 1423 5884 arrd
1435 5847 1470 5884 eu
1485 5832 1595 5901 Bepirm
1608 5833 1658 5884 der
1670 5833 1805 5885 tractatas
1818 5832 1892 5884 Zeita
1909 5832 2084 5901 pesctriebea
2153 5836 2180 5899 e)
2191 5832 2320 5886 namara
2343 5834 2378 5881 to

822 5899 867 5950 eiu
892 5899 968 5951 Wort
989 5916 1040 5951 cors
1059 5903 1147 5952 8-10
1167 5901 1346 5953 Brrclestabca
1364 5900 1462 5953 radiet
1593 5902 1698 5966 flrtber
1717 5901 1766 5953 der
1786 5901 1936 5969 Dutiranp
1954 5902 2015 5954 arrd
2033 5901 2169 5955 aroisclrea
2188 5900 2320 5966 Siquam·

751 5975 754 5980 ‘
822 5967 890 6090 eeilq
906 5967 966 6021 used
980 5968 1165 6038 Recoprrition
1183 5971 1305 6024 metuere
1323 5971 1416 6024 Worte
1435 5986 1488 6024 con
1506 5971 1646 6038 crrderem,
1664 5971 1767 6036 [cirtem
1792 5970 1955 6039 Sebristaap
1972 5972 2128 6038 oerwisclst,
2146 5970 2199 6025 noel
2216 5958 2320 6024 Foder-

818 6053 873 6105 pro
893 6053 932 6089 en.
