5642 7159
1034 684 1149 743 KARL
1172 684 1261 743 ΗΕΒ
1283 684 1450 744 GROSSE
1474 679 1545 745 775.
2052 682 2114 748 145

468 904 512 939 seu
535 873 606 937 elue
631 887 746 937 ducibus
761 904 778 935 a
800 902 848 952 per
870 886 960 951 plures
983 886 1088 937 vicibus
1111 886 1278 937 advenerunt
1292 904 1309 935 a
1331 888 1360 935 in
1382 889 1500 937 rationes
1522 903 1652 938 unacum
1674 888 1766 953 plures
1780 888 1942 952 bominibus,
1965 880 2019 954 [qui
2041 889 2115 954 ipsas

467 984 536 1051 resl⁸
557 992 628 1041 malo
652 991 745 1043 ordine
768 992 896 1042 tenebant
917 1008 942 1055 a,
976 996 1003 1041 et
1024 976 1155 1060 genitor
1182 984 1294 1041 noster
1316 1007 1365 1055 pro
1387 994 1538 1041 reverentia
1565 994 1650 1057 ipsius
1673 994 1759 1042 sancti
1782 993 1901 1043 Dinnisii
1925 994 2049 1057 martyris
2071 992 2115 1043 vel

468 1112 514 1161 pro
536 1111 626 1146 amors
650 1095 694 1146 dei
719 1100 831 1145 eorum
855 1100 942 1146 cartas
966 1096 1108 1162 diligenter
1130 1095 1247 1161 relegere
1270 1097 1376 1161 rogavit
1397 1112 1414 1144 a
1444 1101 1470 1146 et
1492 1097 1586 1145 missos
1609 1102 1687 1144 suos
1710 1096 1863 1162 Uuichingo
1887 1102 1914 1147 et
1935 1095 2058 1147 Ludione
2080 1096 2114 1146 ad

470 1216 559 1250 corum
589 1202 719 1265 petitione
741 1217 788 1266 per
817 1201 937 1251 diversos
959 1216 1042 1267 pagos
1071 1215 1126 1251 una
1148 1216 1209 1251 cnm
1231 1202 1290 1265 ipsa
1319 1205 1467 1250 strumenta
1489 1200 1523 1250 ad
1546 1201 1596 1251 hoc
1619 1202 1807 1267 inquirendum
1829 1203 1872 1252 vel
1900 1202 2115 1269 investigandum

433 1302 449 1352 d
470 1303 573 1367 direxit,
595 1309 634 1367 nt,
657 1305 820 1369 ubicumque
844 1320 936 1355 eorum
959 1306 1062 1355 iustitia
1084 1306 1250 1354 invenissent
1272 1304 1315 1354 vel
1338 1305 1390 1368 ipsi
1413 1305 1537 1354 monachi
1561 1298 1594 1354 et
1616 1307 1668 1370 ipsi
1695 1311 1804 1372 agerem
1826 1306 1947 1372 legitima
1968 1312 2116 1357 strumenta

467 1409 657 1473 presentabant
679 1409 722 1459 vel
753 1424 816 1460 casa
845 1411 931 1460 sancti
953 1410 1071 1460 Dionisii
1101 1408 1197 1460 exinde
1219 1410 1317 1458 vestita
1343 1408 1432 1458 lucrat
1454 1415 1513 1458 8611
1536 1423 1552 1458 a
1574 1410 1652 1459 bonis
1673 1426 1690 1458 s
1712 1409 1762 1461 deo
1785 1411 1940 1461 timentibus
1963 1410 2115 1461 hominibus

466 1511 563 1561 ibidem
587 1511 664 1561 dates
688 1512 731 1562 vel
755 1514 876 1563 conlatas
895 1513 1006 1563 luerunt
1028 1518 1055 1564 et
1076 1516 1136 1579 ipsa
1158 1528 1220 1563 casa
1243 1514 1360 1579 legitime
1376 1519 1403 1565 et
1418 1517 1613 1567 rationabiliter
1635 1532 1683 1580 per
1704 1516 1763 1582 lege
1779 1508 1884 1576 ex[inde
1906 1508 2014 1577 vestlitn
2028 1517 2116 1567 fuerat

466 1621 491 1667 et
514 1621 610 1680 postea
639 1633 687 1682 per
710 1608 811 1683 [iniquo
840 1618 949 1683 ingenio
973 1618 1005 1668 de
1028 1618 1087 1683 ipsa
1110 1633 1173 1668 casa
1202 1609 1359 1678 abstractas]
1382 1618 1497 1681 fucrant,
1531 1612 1579 1679 [sis
1601 1610 1719 1680 reddere]
1747 1619 1882 1681 deberent,
1910 1620 1982 1685 qnod
2005 1612 2061 1682 [ita]
2089 1625 2116 1670 et

466 1722 594 1773 lecerunt.
640 1722 673 1771 Id
695 1728 758 1772 suut
780 1738 829 1787 per
852 1722 965 1773 diversis
987 1724 1064 1789 pagis
1086 1722 1147 1773 loca
1169 1723 1353 1773 denominata:
1383 1724 1411 1772 in
1433 1738 1503 1790 pago
1526 1725 1718 1774 Fanrnartense
1741 1723 1809 1773 cella
1831 1725 1877 1789 qni
1900 1722 1999 1774 dicitur
2020 1724 2115 1788 Oruce,

415 1826 447 1875 10
467 1827 511 1891 qui
535 1827 632 1890 aspicit
656 1825 690 1875 ad
713 1824 777 1876 fisco
801 1824 945 1889 Solemnis,
967 1842 1045 1891 quem
1069 1826 1181 1876 domnus
1197 1825 1355 1877 Hildbertus
1378 1827 1513 1892 quondam
1535 1844 1581 1877 rex
1604 1828 1638 1877 ad
1662 1842 1725 1877 casa
1748 1828 1833 1877 sancti
1855 1828 1973 1877 Dinnisii
1996 1844 2044 1893 per
2067 1842 2117 1878 sua

466 1931 654 1995 praeceptione
678 1931 818 1992 concessit,
855 1924 888 1979 et
910 1914 1075 1998 QulslnaS,
1111 1936 1208 2000 quem
1230 1936 1349 1979 vassus
1378 1916 1535 2001 genitoris
1558 1918 1663 1981 nostrl
1692 1916 1813 1998 tenult3
1851 1932 1974 1982 similiter
1995 1933 2024 1981 in
2045 1947 2115 1999 pago

408 2058 413 2063 ·
467 2036 620 2101 bragbanto
649 2036 678 2084 in
702 2035 763 2086 loca
792 2042 980 2101 nuncupantes
1003 2034 1124 2085 Seamcia
1152 2040 1179 2084 et
1201 2033 1375 2099 (lumbricum
1414 2035 1535 2085 similiter
1563 2038 1591 2085 in
1614 2051 1683 2102 pago
1705 2036 1829 2102 Brieegio
1860 2036 1920 2086 loca
1942 2043 2115 2101 nuncupante

468 2120 643 2189 Linariolas‘¹
667 2132 699 2189 et
729 2140 756 2189 iu
780 2156 796 2188 a
818 2139 952 2191 Melciano
981 2140 1042 2190 loca
1064 2139 1283 2205 cognominantes
1305 2138 1455 2204 Nartiliago
1479 2145 1505 2189 et
1527 2139 1680 2206 coconiago
1703 2123 1756 2189 Vel
1785 2141 1814 2189 in
1835 2157 1852 2188 a
1874 2140 2034 2190 Belnacinse
2056 2141 2117 2191 loca

468 2245 604 2293 nominate
619 2243 809 2305 Pititouillare,
832 2244 978 2310 Masciago,
996 2242 1118 2310 Saciago,
1134 2242 1341 2305 Ansinouillare,
1356 2243 1649 2310 Theudegariouillare,
1664 2243 1875 2306 Ambricocurte,
1898 2243 2118 2308 Ebroaldocurte,

383 2347 447 2401 15
468 2347 565 2412 Gellis3
588 2348 712 2398 similiter
729 2350 759 2397 in
782 2363 851 2414 pago
868 2348 1034 2399 Camlncinse
1049 2348 1108 2399 loco
1125 2349 1171 2414 qui
1187 2347 1285 2398 dicitur
1299 2340 1483 2399 Boderoullo⁸
1506 2341 1540 2397 el
1554 2332 1680 2414 Nialla3
1704 2349 1827 2399 similiter
1841 2351 1869 2398 in
1892 2365 1961 2415 pago
1977 2349 2118 2415 Uilgasino

467 2452 568 2502 Bectuo
591 2454 730 2517 superiore
755 2458 782 2503 er
804 2454 953 2503 subteriore
976 2436 1161 2521 etMadriu‚
1186 2458 1283 2523 quem
1307 2434 1420 2502 Gabbi
1435 2435 1569 2520 Frinio]
1595 2460 1654 2523 per
1674 2436 1871 2503 beneficium
1894 2438 2024 2522 habuit3
2047 2455 2118 2503 eimi-

468 2556 526 2607 liter
548 2557 576 2605 in
598 2572 669 2623 pago
695 2557 876 2607 bladriaciuse
899 2557 1003 2619 Uinias,
1036 2556 1164 2622 Camapio
1187 2562 1214 2606 et
1236 2556 1368 2619 Ninentia,
1397 2555 1552 2618 Uillancun,
1582 2556 1724 2617 Resbacio,
1754 2555 1901 2622 sigrancio,
1924 2556 2119 2621 Bersnecnrte;

470 2661 588 2712 similiter
611 2663 639 2710 in
662 2677 732 2729 pugo
747 2662 842 2712 Tollen
864 2662 925 2713 loca
947 2664 1165 2729 cognominantes
1180 2661 1281 2724 Pictos,
1303 2660 1444 2723 Macerino,
1467 2660 1567 2723 Uerno,
1588 2660 1706 2723 Fiscera,
1729 2661 1816 2724 Potio,
1838 2660 1966 2724 Bodalca,
1987 2661 2119 2712 Brittone-

472 2765 549 2829 ualle,
574 2765 713 2827 Artiliaco,
735 2766 847 2831 Agusta,
870 2766 997 2829 Rauseto,
1021 2765 1197 2828 crisonarias,
1219 2764 1371 2829 Uuariaco;
1399 2765 1521 2814 similiter
1542 2766 1571 2814 iu
1593 2780 1663 2831 pago
1678 2766 1797 2817 Uimnau
1819 2766 1880 2816 loca
1901 2766 2119 2832 cognominantes

342 2873 440 2922 20
473 2870 568 2932 Merca,
592 2860 734 2931 [Nilalcha
758 2869 879 2920 Nialcbis
902 2863 935 2919 et
957 2862 1113 2933 Aluisinlas,
1135 2870 1254 2931 Rodeno,
1277 2868 1404 2931 Rodalca,
1421 2859 1572 2930 [Soldicolu
1596 2869 1733 2933 Uidriaco,
1756 2870 1888 2931 Chorene,
1911 2870 2008 2933 Arcas3
2032 2854 2117 2919 slmi-

471 2958 542 3024 llter
563 2960 598 3023 ln
623 2979 710 3044 pago
735 2959 907 3045 Parlslago
931 2958 1144 3034 Tabernaco;
1169 2972 1290 3022 similiter
1311 2974 1340 3020 in
1363 2987 1432 3038 pago
1448 2973 1622 3023 Ambianinse
1645 2974 1705 3024 loca
1728 2975 1774 3039 qui
1797 2972 1923 3023 dicuntur
1945 2973 2069 3039 Pisciago
2092 2978 2119 3024 et

473 3077 581 3127 Adsulto
605 3093 652 3127 seu
678 3076 784 3127 diversa
807 3077 868 3128 loca
890 3094 938 3143 per
960 3077 1079 3128 diversos
1101 3092 1186 3143 pagos
1208 3082 1262 3126 tarn
1285 3079 1388 3127 maiora
1408 3092 1489 3142 qnam
1513 3083 1540 3127 et
1561 3079 1672 3141 minora,
1695 3077 1766 3143 quod
1788 3094 1835 3142 per
1855 3077 1960 3144 singola
1982 3080 2119 3128 nominare

473 3198 521 3233 non
544 3182 597 3231 init
620 3183 810 3244 necessarium,
834 3182 905 3232 unde
928 3184 987 3247 ipsa
1009 3197 1073 3233 casa
1096 3182 1129 3232 nd
1151 3198 1261 3248 presens
1276 3184 1374 3233 vestita
1396 3197 1455 3232 esse
1477 3181 1591 3244 videtur,
1613 3183 1653 3232 ita
1675 3187 1712 3244 ut,
1735 3184 1805 3231 siout
1827 3183 1860 3232 ab
1879 3184 1945 3247 ipsis
1968 3184 2117 3232 inventum-

475 3294 532 3357 que
556 3287 599 3336 vel
623 3287 814 3352 investigatum
847 3286 899 3335 fuit
921 3292 947 3336 et
976 3288 1048 3351 ipsas
1071 3302 1113 3337 res
1141 3288 1193 3351 ipsi
1215 3287 1339 3337 monachi
1368 3287 1411 3336 vel
1434 3286 1486 3351 ipsi
1515 3292 1624 3353 agenta
1646 3286 1769 3350 partibus
1798 3288 1884 3335 sancti
1907 3287 2026 3336 Dinnisii
2049 3301 2120 3336 rece·

476 3396 574 3454 parunt,
610 3390 735 3455 deinceps
758 3407 774 3438 a
796 3391 824 3439 in
847 3390 1016 3455 postmodum
1045 3391 1079 3440 ab
1101 3390 1259 3442 hodiernum
1289 3390 1331 3441 die
1355 3392 1414 3456 ipsa
1435 3408 1451 3439 s
1479 3405 1543 3440 casa
1565 3375 1616 3441 del
1646 3390 1690 3440 vel
1712 3391 1763 3454 ipsi
1785 3390 1909 3439 monachi
1938 3405 1987 3439 seu
2009 3396 2121 3455 agentes

479 3510 562 3544 eorum
586 3496 643 3545 evis
665 3499 693 3545 et
715 3494 812 3545 tuturis
836 3495 1001 3559 temporibus
1024 3495 1142 3545 habeant
1164 3496 1329 3546 evindicatas
1353 3502 1433 3561 atque
1456 3495 1603 3546 elidicatas.
1641 3494 1720 3545 Unde
1743 3500 1769 3545 et
1791 3496 1848 3558 ipse
1870 3495 1923 3543 iarn
1946 3494 2034 3545 dictus
2056 3495 2120 3544 Ful·

479 3600 552 3649 radus
575 3600 646 3650 abba
668 3616 715 3650 seu
739 3604 765 3650 et
787 3602 838 3665 ipsi
862 3600 986 3650 monachi
1009 3600 1041 3651 de
1065 3602 1123 3666 ipso
1147 3606 1239 3651 sancto
1255 3601 1395 3663 coenubio,
1419 3601 1510 3665 quiin
1533 3601 1592 3664 ipsa
1606 3616 1623 3648 s
1645 3614 1709 3649 casa
1730 3583 1782 3648 (lei
1806 3615 1964 3649 conversare
1978 3599 2022 3649 rel
2037 3601 2120 3648 vitam

480 3702 567 3769 degere
590 3704 723 3767 videntur,
759 3705 836 3754 nobis
859 3706 1002 3769 petierunt,
1031 3711 1061 3754 nt
1084 3688 1191 3755 denuo
1214 3691 1303 3754 (tlrctt
1325 3690 1406 3775 lptls
1429 3719 1477 3769 pro
1501 3705 1599 3754 futuris
1628 3705 1792 3769 temporibus
1819 3706 2006 3768 praeceptione
2029 3708 2121 3753 nostra

480 3823 553 3859 manu
575 3814 669 3859 nostra
691 3809 795 3859 firmata
818 3808 914 3859 exinde
943 3810 982 3859 sis
1004 3808 1142 3859 adfirmare
1172 3810 1336 3860 deberemus.
1382 3809 1461 3871 Quod
1484 3811 1523 3859 ita
1545 3816 1572 3860 et
1592 3810 1713 3871 fecimus,
1742 3815 1780 3870 ut,
1809 3809 1879 3858 sicut
1907 3813 2019 3870 constat,
2048 3806 2120 3873 quod

480 3912 545 3975 ipsas
567 3930 610 3963 res
632 3929 680 3979 per
703 3914 788 3980 legem
812 3920 839 3963 et
861 3915 992 3964 iustitiam
1015 3915 1043 3964 in
1067 3914 1167 3979 palatio
1191 3908 1267 3963 ante
1290 3900 1441 3983 genitore
1464 3919 1554 3965 nostro
1585 3913 1805 3963 evindicaverunt
1826 3913 1870 3963 vel
1891 3918 2056 3977 receperunt,
2090 3916 2121 3961 ut

480 4020 525 4066 tarn
547 4020 606 4083 ipse
629 4018 700 4067 abba
723 4032 803 4083 quam
826 4024 853 4069 et
875 4019 916 4067 sui
940 4033 1092 4068 sucessores
1115 4019 1186 4067 omni
1210 4024 1328 4083 ternpore
1350 4034 1399 4082 pro
1423 4017 1581 4082 conpendio,
1615 4019 1686 4068 sicut
1707 4019 1831 4083 superius
1853 4018 1981 4066 insertum
2004 4022 2051 4077 est,
2086 4014 2121 4065 ad

479 4120 530 4183 ipsa
552 4126 647 4171 sancta
671 4136 734 4171 casa
756 4120 790 4170 ad
813 4121 956 4171 luminaria
978 4120 1147 4186 procuranda
1170 4138 1217 4171 seu
1240 4124 1400 4173 vestimenta
1423 4123 1613 4173 monachornm
1635 4122 1679 4171 vel
1701 4122 1805 4187 reliqua
1828 4121 1979 4186 conpendia
1992 4136 2040 4171 seu
2062 4136 2118 4170 sus-

475 4227 621 4289 ceptionem
650 4241 798 4291 pauperum
821 4231 848 4276 et
877 4228 1078 4291 peregrinorum
1100 4225 1218 4275 habeant
1245 4227 1411 4277 evindicatas
1433 4233 1514 4293 atque
1543 4227 1691 4289 elidicatas,
1725 4244 1741 4276 a
1769 4232 1800 4276 ut
1828 4228 1866 4276 eis
1894 4242 1997 4289 semper
2025 4224 2121 4274 melius

478 4327 586 4380 delectet
608 4346 657 4395 pro
681 4331 759 4380 nobis
782 4328 824 4380 vel
847 4329 917 4381 filios
939 4336 1045 4380 nostros
1074 4346 1121 4379 seu
1144 4347 1192 4395 pro
1221 4331 1369 4381 stabilitate
1392 4332 1468 4397 regni
1490 4332 1655 4381 Francorum
1684 4331 1726 4381 die
1748 4313 1901 4396 noctuque‘
1926 4328 2122 4380 incessabiliter

476 4448 548 4485 orare
571 4433 614 4485 vel
637 4435 737 4484 domini
761 4434 944 4484 misericordia
967 4434 1128 4499 depraecare
1150 4440 1184 4496 et,
1207 4436 1278 4484 sicut
1299 4436 1376 4485 nobis
1395 4436 1582 4500 promiserunt,
1605 4450 1652 4499 per
1666 4434 1787 4500 singulos
1810 4434 1867 4484 dies
1882 4449 1979 4484 nomen
2001 4438 2121 4483 nostrum

468 4540 526 4587 tarn
547 4540 574 4588 in
597 4539 692 4589 missas
715 4554 795 4603 quam
819 4545 846 4588 et
868 4540 897 4588 in
924 4539 1074 4604 peculiares
1097 4555 1188 4589 eorum
1219 4539 1385 4589 erationibus
1407 4539 1442 4589 ad
1465 4539 1617 4603 sepulcrum
1639 4540 1725 4604 ipsius
1755 4540 1840 4588 sancti
1863 4538 1981 4587 Dinnisii
2007 4536 2123 4587 debeant

468 4644 593 4693 recitare.
627 4641 656 4692 si
680 4641 768 4693 adbuc
790 4644 901 4693 inantea
924 4659 1015 4693 eorum
1039 4644 1143 4693 iustitia
1166 4644 1285 4693 invenire
1307 4644 1482 4708 potuerimus,
1506 4644 1544 4693 eis
1567 4643 1661 4693 libenti
1684 4642 1772 4692 animo
1796 4640 1906 4692 reddere
1928 4640 2058 4691 volemus.
2085 4638 2122 4688 Et

468 4751 507 4794 uit
526 4748 591 4797 baec
614 4748 762 4797 auctoritas
785 4747 827 4797 vel
851 4749 1004 4813 praeceptio
1027 4753 1127 4810 nostra,
1150 4746 1222 4813 quod
1245 4748 1323 4797 nobis
1346 4747 1559 4812 postulaverunt,
1583 4748 1655 4796 circa
1676 4748 1735 4811 ipsa
1751 4762 1768 4793 a
1790 4760 1853 4795 casa
1876 4729 1927 4794 del
1951 4743 2074 4809 proficiat
2096 4748 2122 4792 et

470 4853 530 4900 evis
552 4858 579 4902 et
600 4852 699 4901 laturis
722 4852 888 4916 temporibus
910 4852 1069 4902 inconvulsa
1092 4852 1134 4902 vel
1158 4851 1234 4902 firma
1257 4850 1354 4902 debeat
1376 4866 1540 4915 permanere,
1563 4866 1644 4900 manu
1666 4851 1776 4916 propria
1797 4848 1889 4898 subter
1911 4846 2074 4897 firmavimus
2096 4850 2123 4895 et

318 4919 403 4975 40
471 4956 549 5005 anuli
572 4958 657 5006 nostri
678 4956 847 5020 inpressione
869 4958 1042 5022 signavimus.

576 5114 590 5197 Ξ
614 5113 752 5200 Signum
776 5118 865 5192 (ΜΡ.)
889 5112 999 5179 Caroli
1022 5114 1252 5199 gloriosissimi
1275 5115 1372 5199 regis.
1396 5111 1409 5194 3

577 5270 640 5349 (C.)
662 5270 676 5297 '³
700 5269 909 5356 Uuigbaldus
937 5270 1088 5335 adviccm
1112 5269 1251 5333 Hitherii
1274 5271 1452 5353 recognovi
1477 5273 1545 5353 et3
1579 5271 1646 5351 (SR.
1670 5272 1749 5331 NTa
1782 5270 1968 5330 Unilrboldns
1991 5269 2121 5327 oduirem

476 5376 607 5437 struent
628 5380 782 5451 recognovi
805 5382 832 5436 et
854 5376 1043 5455 snbem'psi).
1068 5378 1125 5451 (Sl.
1151 5379 1198 5452 D.)

572 5531 663 5596 Data
689 5540 785 5596 sexto
807 5529 874 5595 kal.
899 5502 996 5595 iulias
1024 5552 1110 5594 anno
1136 5531 1276 5615 septimo
1300 5538 1333 5593 ct
1362 5528 1509 5594 secundo
1537 5530 1630 5612 regni
1653 5529 1777 5609 nostri3
1816 5536 1928 5591 actum
1951 5524 2122 5609 Carislago

395 5618 444 5673 ⁴⁵
481 5634 600 5715 palatio
624 5634 778 5721 publico;
802 5635 855 5700 dei
878 5635 1010 5699 nomine
1033 5633 1181 5699 feliciter.

557 5841 609 5897 llll.
628 5844 653 5905 c)
672 5841 717 5895 dic
735 5839 995 5909 eirapeldurnnrerten
1019 5840 1111 5893 Werte
1128 5839 1189 5892 nrrd
1208 5838 1388 5891 Bnebataben
1406 5837 1467 5890 bier
1485 5838 1546 5890 nnd
1564 5835 1603 5890 im
1621 5836 1769 5905 folgenden
1786 5836 1923 5889 eerbloest
1992 5837 2019 5899 d)
2038 5835 2121 5886 Lina-

627 5912 709 5964 riolas
727 5910 759 5963 in
777 5909 947 5979 pedestrique
965 5908 1074 5973 Sebrift
1093 5924 1146 5961 nors
1167 5907 1309 5961 darselben
1328 5906 1420 5960 Horrd
1438 5908 1499 5960 nord
1517 5906 1569 5960 mit
1588 5906 1728 5959 desselben
1749 5906 1830 5959 Tinte
1851 5904 2047 5972 eraettrdplicb
2064 5906 2123 5957 eir·-

626 5980 725 6050 pefrtpt
828 5979 854 6044 e)
871 5979 904 6031 a'n
922 5978 971 6033 der
995 5978 1049 6032 VU.
1069 5979 1226 6030 Bcdornello
1330 5978 1513 6044 Quocumque
1533 5979 1566 6029 A.

523 6084 757 6136 Kaiserurlrnnden
778 6084 800 6134 L
1921 6079 1952 6127 19
