5642 7159
1060 737 1180 801 unul,
1203 741 1292 802 DER
1314 739 1486 801 GROSSE
1509 735 1582 802 797.
2083 733 2146 800 247

600 932 737 1007 Oricinol
758 933 801 991 im
823 932 935 991 Arabio
955 950 997 991 su
1018 930 1196 992 Nououtalo
1217 931 1286 1010 (A).

600 1054 773 1114 liroboscbr'
795 1051 896 1114 Storio
923 1051 956 1111 dt
978 1051 1152 1113 Nouautoto
1172 1055 1203 1123 2,
1232 1055 1272 1112 31
1297 1057 1331 1110 πθ
1345 1053 1386 1111 15
1415 1068 1472 1111 cus
1495 1051 1532 1111 Α.
1569 1083 1608 1094 -
1645 1050 1842 1111 Μᾶἄὶὸεεὴεε
1862 1050 1935 1123 Rea.
1960 1051 2024 1109 338
2047 1046 2145 1128 (329).

597 1174 668 1235 Nar
690 1175 738 1234 die
753 1175 947 1248 Rseoqm'tr'on
968 1191 1025 1233 uon
1040 1174 1214 1233 Erecubold
1233 1175 1430 1248 ρεεεᾶνίεᾶεεε,
1456 1172 1588 1247 Oouteat,
1614 1173 1813 1249 Signumcer'le
1836 1173 1900 1232 aad
1914 1172 2069 1246 Datiruaq
2091 1189 2147 1231 oon

602 1278 757 1358 Gouraios,
793 1279 840 1337 die
861 1279 1056 1357 Recounitioa
1077 1281 1132 1337 mit
1155 1278 1315 1337 dsmktsrer
1339 1279 1435 1351 Tiate,
1462 1281 1518 1337 mit
1540 1279 1594 1337 ἄεν
1615 1279 1691 1338 aueb
1714 1278 1761 1337 die
1782 1279 1884 1338 Reate
1910 1278 1944 1335 irs
1965 1276 2020 1335 ἄαε
2042 1275 2147 1336 Mono-

596 1399 714 1458 gromm
737 1383 948 1456 &ausseiclmet
974 1383 1029 1454 ist,·
1067 1382 1115 1441 die
1137 1380 1253 1454 Sebrist
1274 1382 1427 1454 sublucet,
1457 1383 1510 1442 dus
1533 1380 1597 1455 aus
1614 1383 1728 1455 Pupier
1750 1379 1949 1454 susurrorem
1971 1380 2147 1454 Pergameni

596 1486 709 1560 flattu,
732 1486 785 1544 uer
807 1490 911 1545 uatus
932 1485 1026 1546 Rand
1046 1502 1118 1544 ram
1136 1486 1220 1544 tuat
1240 1489 1374 1545 serstort.
1400 1519 1440 1528 —
1461 1486 1539 1545 Zum
1562 1487 1726 1546 Formutcr
1747 1486 1803 1559 out.
1821 1487 1942 1557 n⁰150‚
1967 1487 2039 1545 169.
2062 1483 2148 1544 Norb-

599 1591 665 1649 ‹tem
679 1607 736 1650 roa
750 1588 923 1648 Εεεεηὺαῑᾶ
937 1591 971 1648 in
988 1588 1084 1649 dieser
1102 1590 1168 1648 Zeit
1184 1587 1414 1663 seatyebalteaea
1428 1589 1537 1649 Febter
1551 1593 1584 1650 ia
1599 1590 1652 1649 der
1666 1590 1861 1664 Bererlmuau
1876 1588 1929 1647 der
1943 1587 2147 1647 itotieaisclssa

598 1694 867 1769 Regiorauusjalrrc
883 1691 952 1769 (opt.
966 1699 1002 1751 n⁰
1016 1690 1092 1771 180)
1117 1692 1187 1766 follt
1202 1693 1251 1753 rtis
1278 1694 1420 1754 Urlruads
1441 1712 1493 1754 uer
1508 1696 1565 1754 dea
1585 1695 1789 1755 italieniscberr
1812 1694 1979 1767 Frpoolraau
1996 1690 2061 1770 (30.
2077 1692 2148 1750 Mai

598 1832 640 1841 -
661 1800 693 1860 2.
718 1796 821 1876 Just),
846 1796 942 1857 Sirkrt
963 1799 1037 1871 Rea.
1052 1801 1119 1858 277
1140 1798 1176 1857 K
1185 1800 1267 1871 153,-
1293 1799 1342 1857 dis
1363 1800 1429 1858 bier
1449 1801 1523 1858 acels
1544 1801 1684 1878 urgeberis
1699 1797 1873 1871 Austtsuau
1896 1797 1947 1856 der
1968 1796 2147 1856 ttrouisoheu

441 1919 472 1967 ιο
596 1904 696 1964 Notou
717 1903 823 1962 berubt
844 1920 906 1962 aur
926 1900 991 1975 uus
1008 1905 1091 1962 einer
1117 1903 1337 1978 Verweclrslaay
1359 1906 1415 1964 mit
1437 1909 1471 1962 κθ
1486 1907 1546 1964 181
1573 1904 1620 1982 (K
1638 1900 1724 1982 151).

597 2061 654 2138 (Ο.)
676 2056 691 2141 ξ
713 2056 852 2123 Carolus
875 2057 984 2143 gratia
1007 2057 1059 2123 dei
1087 2081 1147 2123 rex
1170 2057 1376 2124 Francorum
1398 2067 1432 2123 et
1454 2057 1750 2142 Langobardorum
1781 2077 1822 2123 ao
1848 2056 2005 2143 patricius
2028 2053 2147 2118 Roma-

493 2184 620 2228 norum.
726 2160 761 2227 Si
785 2160 1000 2249 petitionibus
1025 2160 1234 2227 sacerdotum
1257 2161 1310 2227 vel
1334 2183 1505 2228 servorum
1529 2162 1592 2245 dei,
1615 2163 1732 2248 inquo
1758 2161 1880 2226 nostris
1904 2158 2039 2224 auribus
2056 2166 2148 2243 pate·

496 2266 642 2349 fecerint,
677 2264 817 2331 libenter
840 2263 1033 2330 oboedimus
1057 2274 1090 2330 et
1113 2287 1171 2330 eas
1195 2265 1229 2330 in
1259 2265 1311 2331 dei
1335 2268 1469 2332 nomine
1491 2266 1505 2351 ξ
1528 2265 1570 2330 ad
1594 2266 1745 2331 effectum
1768 2264 1989 2351 perducimus,
2023 2260 2148 2347 regiam

495 2369 680 2435 exemimus
697 2367 968 2435 consuetudinem
992 2377 1025 2449 et
1040 2368 1103 2434 boc
1126 2368 1222 2435 nobis
1238 2369 1282 2434 ad
1304 2370 1488 2436 mereaedis
1504 2379 1719 2456 angmentum
1743 2392 1800 2435 seu
1817 2366 2033 2433 stabilitatem
2054 2365 2146 2449 regui

442 2488 473 2538 rt
496 2474 600 2540 nostri
615 2475 649 2538 in
673 2474 726 2539 dei
741 2474 874 2539 nomine
898 2473 1061 2560 pertinere
1078 2473 1283 2539 confidimus.
1308 2474 1416 2560 Igitur
1430 2484 1545 2541 notum
1570 2475 1613 2538 sit
1630 2474 1774 2539 omnium
1798 2471 1943 2538 fidelium
1959 2479 2148 2535 nostrornm

498 2576 716 2662 magnitudini
740 2578 964 2663 praesentium
989 2577 1116 2642 scilicet
1138 2587 1171 2643 et
1194 2578 1387 2653 futurorum,
1412 2579 1555 2666 qualiter
1571 2580 1621 2644 vir
1643 2577 1841 2644 venerabilis
1858 2575 2035 2641 Anselmns
2060 2571 2149 2639 abba

497 2706 539 2748 ex
554 2682 765 2757 monasterio,
791 2681 880 2768 quod
895 2690 948 2747 est
970 2690 1197 2747 constructum
1212 2684 1247 2747 in
1268 2682 1392 2749 bonore
1410 2683 1463 2748 dei
1486 2691 1518 2748 et
1541 2692 1730 2749 sanctorum
1755 2681 1899 2747 omnium
1923 2677 2148 2766 apostolorum

497 2785 548 2851 vel
573 2787 679 2851 sancti
695 2785 847 2852 Silvestri
863 2786 1062 2851 confessoris
1078 2783 1200 2850 Christi
1217 2795 1251 2850 et
1264 2787 1373 2852 sancti
1388 2786 1560 2853 Benedicti
1578 2786 1711 2853 abbatis
1728 2789 1761 2852 in
1781 2784 1944 2850 territorio
1961 2783 2149 2849 Motoninse

496 2890 570 2956 loco
598 2898 808 2977 nuncupante
837 2889 1055 2974 Nonantulas‚
1089 2891 1193 2955 missa
1221 2891 1383 2976 petitione
1414 2891 1582 2956 serenitati
1612 2899 1745 2957 nostrae
1780 2889 1955 2976 suggessit,
1990 2907 2029 2952 eo
2060 2884 2149 2973 quod

441 3011 475 3060 2⁰
498 2993 631 3081 quidam
662 2992 906 3077 Langobardos
933 2995 1066 3060 nomine
1097 2993 1207 3059 Adoin
1235 2994 1322 3059 filius
1350 2994 1485 3060 Uectari
1516 2995 1682 3082 quondam
1714 3017 1826 3060 omnes
1856 3015 1908 3059 res
1937 2990 2148 3080 proprietatis

498 3119 566 3182 sue,
601 3107 905 3185 quantumcumque
933 3100 967 3164 in
996 3099 1162 3164 territoria
1190 3097 1367 3163 Uiuentina
1396 3108 1429 3163 et
1463 3099 1646 3166 Ueroninse
1677 3098 1733 3164 ubi
1763 3107 1795 3164 et
1827 3096 1884 3164 ubi
1913 3119 1972 3182 per
1999 3093 2148 3180 singulas

496 3203 649 3268 civitates
672 3210 705 3266 et
720 3203 885 3268 territoria
908 3203 997 3268 visus
1020 3203 1083 3268 init
1105 3201 1238 3282 habere,
1261 3224 1336 3267 cum
1360 3203 1449 3268 omni
1473 3204 1663 3288 integritate
1686 3202 1729 3269 ad
1754 3203 2014 3290 superscriptum
2038 3221 2147 3264 mona·

496 3309 632 3373 sterium
655 3329 714 3394 per
736 3306 899 3373 cartolam
927 3307 1114 3373 donationis
1138 3329 1196 3391 sue
1220 3307 1312 3371 visus
1342 3315 1392 3372 est
1416 3306 1590 3393 delegasse
1615 3317 1648 3373 et
1678 3306 1803 3374 adserit
1826 3329 1861 3371 se
1884 3306 1974 3393 ipsas
1997 3325 2050 3370 res
2073 3324 2148 3368 cum

496 3411 674 3497 aequitatis
698 3411 809 3477 ordine
832 3411 875 3477 ad
898 3420 1026 3498 partem
1050 3410 1238 3476 monasterii
1264 3412 1314 3475 sui
1339 3412 1449 3498 quieto
1473 3412 1605 3476 tramite
1628 3411 1808 3498 possidere.
1847 3410 1914 3479 Sed
1936 3428 1996 3494 pro
2020 3409 2149 3492 integra

442 3531 476 3581 ts
497 3515 652 3581 firmitate
674 3516 770 3601 petiit
791 3513 977 3580 celsitudini
999 3523 1144 3597 nostrae,
1180 3523 1216 3579 nt
1239 3513 1302 3578 boc
1324 3537 1385 3579 nos
1414 3513 1522 3580 denuo
1546 3517 1636 3581 circa
1660 3517 1771 3602 ipsum
1799 3522 1950 3579 sanctum
1973 3513 2081 3578 locum
2106 3534 2148 3576 ex

496 3628 611 3685 nostra
626 3617 840 3705 indulgentia,
864 3618 1022 3706 quicquid
1036 3619 1227 3705 praedictus
1244 3619 1396 3685 Adoinus
1420 3620 1588 3707 adipeam
1612 3642 1726 3687 casam
1743 3619 1795 3686 dei
1813 3620 1921 3685 iuste·
1944 3628 1977 3683 et
1998 3617 2148 3683 raciona-

496 3723 606 3791 biliter
628 3725 719 3790 visus
746 3733 799 3789 est
821 3723 1004 3811 delegasse,
1039 3723 1230 3810 plenissima
1254 3723 1492 3790 deliberatione
1522 3724 1640 3790 cedere
1664 3733 1696 3790 et
1725 3724 1921 3790 confirmare
1944 3720 2147 3793 deberemus,

498 3826 620 3894 sicutil
642 3850 702 3916 pro
718 3828 886 3895 mercedes
902 3836 1038 3894 nostrae
1053 3837 1266 3915 angmentum
1281 3829 1343 3893 visi
1360 3851 1473 3895 sumus
1489 3829 1616 3896 fecisse.
1642 3828 1853 3917 Quapropter
1867 3849 1927 3913 per
1941 3834 2147 3913 praesentem

498 3935 731 3998 anctoritatem
761 3941 908 3998 nostram
938 3932 1145 3998 decernimus
1174 3955 1214 3997 ac
1242 3931 1403 4015 iubemus,
1439 3942 1476 3998 ut
1503 3935 1655 4020 inspecta
1684 3934 1758 4020 ipsa
1781 3933 1960 3999 donatione
1987 3928 2147 4017 praedicti

441 4054 476 4105 so
498 4036 621 4103 Adoini
637 4037 813 4124 quondam,
839 4037 924 4102 sicut
939 4058 998 4124 per
1014 4059 1086 4103 eam
1103 4037 1302 4121 declaratur,
1326 4037 1483 4124 quioquid
1499 4039 1543 4105 ad
1559 4039 1779 4126 praephatum
1800 4038 2036 4105 monasterinm
2059 4036 2146 4099 iusto

498 4143 629 4207 tramite
646 4141 820 4227 delegavit,
844 4141 998 4229 deinceps
1015 4163 1073 4228 per
1088 4140 1152 4207 hoo
1167 4151 1317 4208 nostrum
1332 4142 1521 4208 serenitatis
1545 4151 1645 4230 atque
1660 4143 1918 4209 confirmationis
1936 4148 2148 4228 praeceptum

499 4247 673 4334 adipsum
697 4256 849 4311 sanctum
871 4245 982 4312 locum
1005 4246 1242 4333 perpetualiter
1263 4245 1417 4332 proficiat
1440 4247 1474 4312 in
1497 4247 1693 4332 augmentis.
1723 4247 1767 4312 Et
1790 4244 1979 4333 specialiter
2001 4243 2148 4310 cedimus

499 4351 543 4416 ad
566 4351 823 4436 superscriptum
847 4352 1083 4416 monasterium
1107 4371 1166 4436 pro
1190 4352 1298 4434 anime
1321 4359 1454 4415 nostrae
1478 4351 1618 4416 salntem
1633 4373 1685 4416 res
1709 4350 1784 4417 illas
1802 4351 1836 4416 in
1859 4349 2024 4415 territurio
2040 4347 2147 4412 Bono-

498 4456 621 4537 niense,
646 4475 728 4541 quas
752 4454 979 4521 Liutbraudns
1004 4453 1171 4541 quondam
1195 4477 1254 4520 rex
1279 4451 1442 4539 Gregorio
1467 4454 1634 4541 quondam
1651 4452 1759 4521 Greco
1783 4452 1922 4520 locatori
1948 4475 2007 4519 suo
2031 4462 2063 4518 et
2079 4452 2148 4516 eius

443 4574 478 4624 ao
499 4559 575 4624 filiis
598 4580 766 4645 persuum
790 4559 997 4624 confirmavit
1013 4566 1236 4644 praeceptum,
1260 4556 1362 4622 fundo
1381 4557 1538 4625 caldario
1564 4568 1596 4624 et
1612 4556 1803 4624 Cesaretioo
1828 4566 1861 4622 et
1883 4555 1984 4623 fundo
2001 4554 2149 4622 Ossano·

498 4662 585 4745 nola,
609 4663 696 4729 sicut
718 4663 789 4748 ipse
806 4661 986 4748 Gregorius
1010 4684 1069 4748 per
1091 4671 1303 4749 praeceptum
1327 4663 1484 4728 antedicti
1499 4663 1698 4730 Liutbrandi
1722 4664 1808 4748 regis
1831 4661 1882 4727 vel
1906 4684 1965 4748 per
1987 4661 2150 4726 infitsusi⁰

498 4766 603 4832 tenuit
626 4775 658 4831 et
680 4775 798 4852 postea
820 4767 890 4831 iure
915 4765 1062 4851 legitimo
1085 4775 1199 4831 nostro
1223 4765 1425 4832 devenerunt
1454 4767 1600 4833 dominio
1623 4769 1656 4834 in
1683 4769 1859 4854 integrum,
1894 4768 1941 4831 ita
1963 4775 2000 4830 ut
2027 4764 2068 4830 ab
2092 4764 2147 4828 ho·

499 4871 648 4937 diernum
672 4870 760 4935 diem
784 4867 993 4937 antedictus‘1
1015 4869 1193 4935 Anselmus
1217 4869 1306 4936 abba
1329 4871 1446 4956 suique
1470 4893 1689 4955 successores,
1725 4873 1781 4959 qui
1804 4872 1926 4936 suerint
1949 4878 2093 4935 rectores
2115 4868 2148 4932 in

498 4977 572 5061 ipso
596 4976 809 5059 monasterio,
846 4975 899 5040 vel
922 4973 1076 5040 monachi
1100 4973 1179 5039 inibi
1204 4974 1265 5039 sub
1290 4983 1406 5040 sancta
1428 4974 1543 5061 regula
1569 4975 1787 5041 consistentes
1810 4973 1977 5062 perhanc
2000 4982 2148 5038 nostram

442 5095 477 5146 to
499 5079 730 5143 auctoritatem
756 5078 903 5144 habeant
925 5100 1129 5163 concessum,
1166 5087 1327 5166 quatenus
1350 5079 1468 5146 melius
1492 5081 1539 5145 eis
1563 5080 1704 5147 delectet
1726 5103 1785 5166 pro
1809 5078 1905 5145 nobis
1928 5077 1980 5143 vel
2002 5098 2061 5164 pro
2086 5087 2148 5142 sta-

498 5182 628 5248 bilitate
651 5184 743 5270 regni
769 5183 871 5248 nostri
896 5183 1062 5249 adtentius
1086 5184 1209 5249 domini
1239 5183 1501 5249 misericordiam
1525 5205 1674 5250 exorare.
1719 5185 1763 5249 Et
1785 5194 1821 5249 ut
1848 5183 1931 5248 baec
1958 5181 2147 5268 praeceptio

498 5295 598 5371 atque
621 5285 828 5352 confirmatio
853 5287 979 5352 firmior
1001 5286 1165 5353 habeatur
1186 5296 1220 5354 et
1243 5288 1404 5354 diuturnis
1427 5288 1631 5375 temporibus
1655 5288 1773 5354 melius
1796 5295 2018 5364 conservetur,
2049 5307 2147 5351 manu

499 5393 634 5478 propria
658 5391 771 5456 subter
793 5392 998 5456 firmavimus
1021 5401 1055 5457 et
1077 5392 1118 5458 de
1140 5392 1240 5458 anulo
1262 5402 1377 5459 nostro
1400 5394 1538 5479 sigillari
1562 5393 1728 5458 iussimus,

603 5517 659 5596 (0.)
682 5512 697 5597 ξ
720 5512 858 5599 Signum
881 5514 971 5598 (llll.)
995 5515 1106 5582 Caroli
1129 5516 1355 5603 gloriosissimi
1378 5517 1475 5600 regis.
1499 5516 1513 5597 l

400 5627 406 5636 ’
443 5652 477 5701 tn
603 5640 660 5715 (0.)
682 5635 944 5719 {Ercanbaldus
965 5636 1067 5723 relegi
1084 5646 1117 5703 et
1139 5640 1208 5716 (su
1223 5641 1302 5702 NT.:
1335 5639 1482 5700 uenerias
1504 5641 1650 5713 sorpsit&
1674 5639 1801 5699 domnus
1816 5640 1947 5712 Pipr'nus
1963 5655 2017 5697 res
2031 5638 2146 5696 ambos·

499 5742 613 5822 staur.)
638 5744 696 5819 (st.
720 5744 770 5819 o.)

577 5911 637 5968 183.
656 5911 683 5978 a)
701 5910 830 5965 dorsuali
848 5911 895 5965 eia
912 5911 1074 5966 Burbstobe
1092 5911 1189 5966 rodirt
1268 5913 1297 5981 b)
1314 5911 1444 5965 doruaols
1462 5911 1507 5965 εἰει
1526 5929 1538 5963 s
1557 5911 1653 5966 radirt
1728 5913 1753 5976 c)
1770 5909 1972 5981 ursprstaulirlr
1995 5911 2071 5963 inlita
2088 5925 2148 5972 usn,

654 5981 705 6034 der
722 5980 802 6034 letata
821 5979 920 6047 Srloft
938 5981 987 6035 ἄεε
1006 5980 1152 6035 &blesa-n
1169 5981 1266 6036 radirt
1354 5982 1381 6049 d)
1399 5980 1528 6036 samara
1545 5985 1565 6035 2
1582 5980 1763 6036 Bactrianus
1779 5979 1878 6034 radirt
1965 5983 1991 6050 ε)
2009 5980 2056 6034 dte
2074 5977 2149 6031 Note

654 6050 706 6115 sits
724 6053 832 6118 scripsit
848 6051 927 6105 nicht
943 6066 1018 6121 gorra
1036 6050 1159 6104 deutlich
