5642 7159
737 750 779 814 74
1338 759 1784 819 Kslsuuussuurtuuu.

841 943 978 1028 Signum
1001 938 1222 1009 Carlomanuo
1245 941 1474 1029 gloriosissimi
1494 945 1593 1030 regis.

838 1063 1042 1149 Magdnarius
1064 1067 1253 1152 recognovi.

837 1202 961 1269 Datum
995 1202 1056 1270 sub
1080 1204 1133 1269 die
1168 1204 1257 1291 quod
1284 1206 1383 1271 fecit?
1405 1208 1528 1272 mensis
1562 1207 1670 1271 iunius
1693 1205 1764 1270 dies
1797 1204 1913 1290 viginti
1941 1213 1973 1271 et
2003 1214 2086 1271 seu*¹
2118 1228 2205 1272 anno
2236 1206 2383 1273 secundo

733 1316 892 1394 regnante
908 1306 1047 1372 domno¹
1062 1306 1282 1375 carlomanno
1298 1330 1392 1395 rege3
1417 1308 1551 1393 [actum]
1563 1308 1756 1394 Heumago'
1771 1308 1805 1372 in
1821 1306 1946 1395 palatio
1962 1307 2109 1395 public03
2132 1309 2166 1373 in
2182 1307 2235 1375 dei
2251 1312 2383 1377 nomine

734 1410 883 1477 feliciter.
2406 1431 2423 1479 ὅ

1534 1602 1595 1677 53.

732 1764 936 1835 Kcrlmouu
963 1762 1101 1835 sedauit
1127 1764 1205 1833 dem
1231 1759 1375 1833 Kloster
1401 1760 1458 1832 St.
1486 1760 1627 1833 Derris
1653 1762 1709 1833 die
1742 1760 1857 1832 Villae
1884 1760 2084 1833 Faverollcs
2110 1764 2186 1835 aad
2211 1764 2381 1837 Noronte.

1900 1883 2062 1957 Somorusy
2085 1889 2145 1943 771
2169 1884 2339 1948 December.

766 2087 769 2093 .
835 2042 984 2102 Matilica
998 2040 1045 2100 Da
1059 2058 1092 2100 re
1107 2039 1180 2113 dipl.
1198 2040 1259 2101 645
1275 2043 1345 2099 rr⁰7
1367 2055 1403 2099 ea
1425 2039 1610 2113 outoprapto
1627 2054 1719 2113 penas
1740 2038 1783 2099 su.
1807 2038 1923 2098 Ducam
1946 2036 2109 2113 Carreum
2130 2063 2168 2094 =
2192 2040 2333 2116 Boaquet
2350 2044 2381 2114 5,

836 2148 896 2207 721
913 2151 947 2203 n⁰
961 2149 1003 2206 14
1017 2170 1055 2199 =
1072 2144 1174 2217 Miyna
1189 2143 1300 2204 Patrol.
1315 2147 1367 2216 96,
1383 2146 1465 2204 1581
1481 2150 1516 2201 πθ
1531 2147 1589 2216 47,-
1604 2147 1656 2215 97,
1672 2147 1735 2205 920
1751 2148 1785 2201 π’
1800 2146 1830 2203 8.
1848 2177 1889 2185 -
1904 2142 2098 2202 Mttblboolrcr
2111 2144 2184 2218 Ray.
2198 2147 2261 2205 129
2278 2144 2378 2223 (125).
2405 2160 2439 2209 10

835 2286 932 2345 Kaine
946 2282 1208 2356 harrdsotristticte
1229 2280 1480 2356 Urberliesarmsp.
1502 2281 1667 2341 Formaior
1682 2304 1724 2337 =
1738 2288 1773 2339 a⁰
1785 2286 1838 2354 21,
1853 2286 1908 2344 22.
1931 2283 2011 2342 Dosa
2023 2282 2071 2341 die
2086 2282 2212 2354 lanae,
2236 2283 2382 2356 etanfalls

836 2388 891 2461 sur
903 2390 946 2449 St.
954 2388 1051 2448 Dente
1062 2388 1248 2462 emercetur
1264 2387 1405 2448 Urtaade
1417 2386 1465 2446 dic
1475 2386 1684 2446 aamittelbare
1694 2386 1818 2461 Vorluye
1826 2403 1958 2460 prumea
1968 2387 2020 2457 sei,
2033 2388 2072 2447 ist
2085 2388 2379 2468 aamrsctciatict,

833 2512 864 2555 es
876 2496 915 2554 ist
930 2496 979 2553 eia
990 2492 1143 2565 metrfoclr
1158 2495 1308 2553 bmsttrtes
1319 2490 1491 2552 Famulus.
1514 2490 1578 2550 Der
1587 2491 1692 2551 Basits
1706 2491 1782 2550 wird
1796 2509 1852 2550 oon
1867 2491 1946 2550 Kart
1956 2490 1985 2553 d.
2002 2490 2055 2552 Gr.
2070 2495 2132 2552 774
2145 2492 2218 2552 Dra.
2232 2493 2379 2567 beaotiqt.

835 2664 1096 2730 Oarolomaunus
1112 2664 1219 2749 gratia
1234 2662 1287 2727 dei
1301 2686 1362 2728 rex
1377 2662 1580 2727 Francorum
1595 2662 1646 2728 vir
1660 2660 1807 2728 inluster.
1894 2663 1940 2727 Et
1955 2663 2032 2749 quia
2046 2672 2199 2730 monente
2214 2664 2379 2751 scriptura

729 2772 777 2835 ita
810 2778 961 2856 oporteat
994 2788 1259 2854 unumquemque
1292 2774 1483 2832 constanter
1510 2767 1713 2853 praeparari,
1748 2775 1908 2853 quatenns
1942 2768 2094 2833 veniente
2128 2769 2162 2833 in
2196 2778 2435 2854 conspectura

733 2876 865 2961 superni
887 2872 1005 2939 iudicis
1028 2872 1118 2937 illam
1140 2861 1306 2937 mereatur
1327 2870 1451 2936 domini
1472 2871 1561 2956 piam
1583 2892 1699 2937 vocem
1722 2870 1846 2954 audire,
1869 2870 1957 2937 unde
1979 2893 2092 2937 omnes
2115 2871 2193 2938 iusti
2216 2895 2259 2938 ex
2281 2872 2378 2939 bonis

729 2978 861 3044 actibus
884 2987 979 3044 erunt
1001 2977 1117 3061 gavisi,
1146 2983 1348 3061 quapropter
1369 2996 1430 3041 nos
1458 2973 1642 3050 salubriter,
1677 2984 1714 3040 ut
1735 2974 1913 3058 credimus,
1942 2974 2200 3057 considerantes,
2235 2976 2379 3063 qualiter

730 3107 773 3149 ex
795 3082 931 3149 terrenis
954 3081 1065 3164 rebus,
1094 3079 1214 3167 quibus
1238 3102 1380 3166 superna
1402 3079 1510 3165 gratia
1531 3078 1628 3144 nobis
1651 3078 1824 3146 affluenter
1846 3080 1881 3145 iu
1902 3077 1966 3143 boo
1989 3078 2122 3144 saeculo
2155 3078 2277 3165 largire
2306 3080 2378 3166 dig·

729 3197 809 3253 nata
832 3196 893 3270 est,
927 3185 1036 3252 saltim
1065 3183 1118 3249 vel
1147 3185 1181 3249 in
1203 3182 1403 3270 pauperibus
1432 3207 1476 3249 ex
1496 3182 1559 3248 hoc
1588 3184 1732 3249 tribuere
1759 3183 1965 3266 deberemus,
1998 3182 2085 3249 unde
2113 3182 2375 3249 misericordiam

729 3292 881 3357 altissimi
893 3290 1033 3375 adipisci
1046 3288 1224 3353 valeamus.
1248 3285 1375 3353 Idcirco
1388 3286 1536 3352 cedimus
1548 3297 1648 3374 atque
1660 3288 1822 3352 donamus
1838 3309 1897 3373 pro
1910 3288 2040 3353 animae
2050 3296 2184 3354 nostrae
2195 3287 2376 3354 remedium
2399 3306 2433 3355 20

728 3394 781 3461 vel
805 3417 863 3481 pro
886 3396 1035 3480 genitore
1068 3402 1181 3458 nostro
1205 3390 1371 3477 quondam
1409 3390 1549 3477 Pippino
1573 3390 1617 3455 ad
1640 3392 1875 3457 monasterium
1902 3391 2008 3457 sancti
2032 3391 2184 3477 Dionysii
2207 3394 2375 3477 martyris,

727 3499 783 3565 ubi
807 3498 969 3585 pretiosus
1003 3495 1143 3562 domnus
1175 3516 1250 3560 cum
1280 3497 1379 3560 sociis
1414 3498 1483 3561 suis
1512 3517 1651 3585 corpore
1679 3497 1867 3583 requiescit,
1902 3495 2125 3584 donatumque
2154 3497 2198 3564 ad
2223 3498 2375 3583 praefato

728 3612 842 3669 sancto
866 3602 940 3667 loco
964 3598 1224 3695 essevolumus,
1247 3597 1311 3663 boc
1334 3607 1385 3663 est
1406 3597 1514 3681 villas,
1538 3599 1626 3686 qnod
1649 3601 1722 3686 ipse
1744 3602 1872 3687 genitor
1893 3611 2007 3667 noster
2022 3624 2081 3689 per
2102 3622 2220 3668 manus
2241 3611 2375 3668 nostras

727 3709 770 3774 ad
799 3710 874 3795 ipsa
902 3729 982 3772 casa
1017 3704 1069 3771 dei
1099 3703 1223 3770 dudum
1254 3703 1475 3790 delegaverat,
1509 3714 1739 3790 nuncupantes
1762 3704 1956 3789 Faberolas,
1991 3707 2047 3792 qui
2068 3708 2202 3791 ponitur
2229 3706 2263 3771 in
2286 3726 2375 3791 pago

725 3813 966 3894 Madriaoeuse,
990 3820 1024 3876 et
1038 3810 1184 3875 Noronte
1200 3809 1233 3872 in
1256 3828 1341 3894 pago
1359 3807 1539 3874 Carnotino
1563 3811 1741 3874 cumomni
1758 3809 1947 3895 integritate
1969 3808 2021 3875 vel
2037 3810 2243 3896 appendiciis
2258 3832 2373 3876 earnm
2396 3824 2430 3875 at

726 3915 864 4001 adipso
887 3914 1086 3979 monasterio
1109 3909 1162 3975 vel
1183 3909 1354 3976 monachis
1376 3910 1500 3977 ibidem
1523 3910 1718 3997 degentibus
1741 3935 1799 3978 seu
1821 3912 1866 3979 ad
1887 3913 2062 3979 luminaria
2083 3914 2188 4000 ipsius
2211 3912 2374 3980 ecclesiae

725 4020 969 4106 procurandum
998 4018 1051 4084 vel
1075 4014 1238 4102 stipendia
1264 4036 1457 4101 pauperum,
1491 4024 1529 4080 ut
1550 4016 1740 4102 praedictas
1767 4017 1865 4083 villas
1887 4018 2049 4104 proficere
2072 4017 2215 4084 debeant
2237 4020 2270 4084 in
2293 4041 2372 4105 aug·

725 4134 881 4207 mentum,
905 4124 990 4188 siout
1011 4144 1032 4185 a
1047 4142 1145 4185 vasso
1169 4128 1282 4184 nostro
1299 4118 1488 4204 Audegario
1512 4141 1683 4205 possessas
1706 4121 1847 4205 fuerunt,
1871 4130 1903 4186 et
1918 4129 1955 4186 ut
1976 4120 2093 4187 melius
2116 4121 2259 4188 delectet
2278 4123 2370 4208 ipsos

724 4227 905 4292 monachos
926 4247 986 4312 pro
1009 4223 1105 4289 nobis
1128 4232 1161 4288 et
1182 4222 1329 4308 genitore
1351 4229 1465 4287 nostro
1489 4221 1543 4285 die
1564 4231 1731 4309 noctuque
1764 4223 1888 4290 domini
1910 4224 2168 4290 misericordiam
2196 4223 2369 4291 adtencius

724 4330 913 4417 deprecare.
957 4330 1064 4414 Igitur
1086 4326 1275 4414 praedictas
1298 4323 1395 4389 villas
1419 4323 1601 4390 Faberolas
1624 4335 1658 4391 et
1679 4327 1825 4393 Noronte
1848 4329 1996 4394 cedimus
2019 4338 2118 4415 atque
2140 4328 2302 4395 donamus
2326 4330 2371 4396 ad
2394 4348 2429 4400 to

722 4436 795 4520 ipso
819 4443 936 4499 eanoto
959 4432 1033 4499 loco
1062 4452 1225 4497 unacum
1255 4429 1351 4495 terris
1374 4427 1528 4494 domibus
1556 4430 1717 4496 aedificiis
1739 4431 1920 4499 accolabus
1950 4435 2122 4520 mancipiis
2145 4434 2248 4500 vineis
2279 4434 2372 4500 silvis

721 4538 847 4625 campie
870 4537 975 4624 pratis
999 4536 1133 4623 pascuis
1157 4535 1251 4621 aquis
1275 4553 1478 4618 aquarumve
1495 4533 1689 4600 decursibus
1711 4533 1889 4601 mobilibus
1905 4545 1938 4602 et
1959 4535 2183 4602 immobilibus
2201 4538 2370 4603 farinariis

719 4643 828 4728 gregis
852 4663 926 4707 cum
956 4639 1157 4728 pastoribus,
1193 4638 1303 4702 omnia
1325 4645 1359 4700 et
1381 4659 1425 4702 ex
1448 4637 1610 4721 omnibus,
1645 4641 1730 4704 sicut
1759 4638 1914 4722 diximus,
1949 4662 2023 4706 cum
2054 4642 2143 4706 omni
2167 4642 2368 4728 integritate,

719 4745 878 4832 quidquid
902 4745 1067 4831 praesenti
1090 4752 1237 4827 tempore
1258 4749 1374 4805 nostra
1395 4742 1520 4810 ibidem
1549 4744 1678 4810 videtur
1700 4768 1773 4811 esse
1795 4745 1974 4832 possessio,
2009 4768 2088 4832 pars
2111 4746 2271 4833 praedicti
2299 4770 2369 4813 mo·

717 4851 853 4915 nasterii
876 4852 1012 4935 eiusque
1028 4856 1173 4913 rectores
1188 4844 1374 4931 perenuiter
1396 4848 1518 4912 nostris
1535 4857 1568 4913 et
1582 4850 1702 4914 futuris
1718 4849 1923 4935 temporibus
1938 4847 2093 4934 habeant,
2116 4860 2251 4916 teneant
2266 4861 2369 4939 atque
2392 4869 2427 4917 ae

717 4953 917 5038 possedeant
939 4962 972 5017 et
994 4950 1038 5017 ad
1059 4951 1132 5037 ipsa
1155 4970 1236 5013 casa
1260 4948 1313 5012 dei
1334 4950 1367 5013 iu
1390 4960 1505 5017 nostra
1528 4953 1708 5017 elemosina
1730 4954 1885 5040 usquein
1907 4962 2102 5038 perpetuum
2118 4953 2245 5040 absque
2267 4954 2368 5021 ullius

717 5056 912 5142 repetitione
935 5054 1055 5119 debeat
1077 5076 1151 5119 esse
1173 5054 1243 5117 iure
1271 5052 1398 5137 integro
1423 5055 1648 5120 coufirmata⁸.
1692 5056 1738 5121 Et
1760 5065 1797 5120 ut
1827 5053 1911 5121 haec
1933 5059 2116 5122 auctoritas
2144 5058 2241 5122 firma
2264 5067 2298 5122 et
2320 5059 2369 5123 in·

715 5158 876 5223 convulsa
898 5167 1100 5244 permaneat,
1133 5177 1195 5221 nos
1217 5176 1292 5220 eam
1324 5177 1426 5222 manu
1448 5161 1583 5245 propria
1617 5158 1731 5226 subter
1758 5160 1961 5226 firmavimus
1995 5172 2029 5226 et
2053 5161 2094 5226 de
2122 5161 2221 5226 anulo
2252 5172 2367 5227 nostro

715 5250 860 5347 sigillare
883 5263 1048 5327 iussimus.

815 5400 952 5486 Signum
975 5404 1040 5478 (Μ.)
1063 5398 1305 5465 Oarolomauno
1329 5401 1569 5488 gloriosissimo
1591 5426 1679 5488 rege.
2388 5420 2423 5469 to

817 5522 1023 5607 Magiuarius
1045 5524 1224 5607 recognovi
1248 5533 1281 5587 et
1304 5522 1485 5608 subscripsi
1508 5527 1564 5601 (S.)

815 5662 906 5726 Data
927 5661 960 5725 in
983 5681 1095 5724 mense
1118 5660 1283 5726 decembri
1313 5684 1398 5728 anno
1423 5671 1541 5747 quarto
1564 5663 1657 5746 regni
1684 5661 1805 5741 nostri3
1842 5671 1952 5726 actum
1977 5659 2212 5746 Salmunciago
2237 5662 2364 5747 palatio

711 5764 859 5853 publico,
883 5766 917 5829 in
940 5763 992 5829 dei
1015 5764 1146 5829 nomine
1169 5764 1319 5831 feliciter.

805 5917 882 5987 ηρ
911 5918 997 5970 leliois
1016 5916 1043 5969 B
1147 5920 1175 5986 q)
1191 5921 1288 5986 viginti
1308 5924 1335 5971 et
1352 5926 1394 5971 ast
1412 5918 1440 5972 B
1456 5919 1507 5989 ool.
1528 5917 1619 5973 Staret
1636 5918 1702 5988 Res.
1721 5919 1780 5973 225
1800 5917 1828 5973 0.
1848 5924 1879 5973 11
1984 5922 2008 5987 r)
2026 5921 2134 5973 domino
2152 5916 2180 5972 Β
2278 5920 2302 5987 s)
2320 5919 2364 5973 ta·

899 5987 1015 6039 matari
1033 5988 1162 6055 Neumgo.
2383 5988 2418 6039 45

805 6074 847 6128 tt.
864 6077 891 6142 ι)
908 6076 1064 6127 confirmato
1082 6074 1125 6127 bai
1142 6074 1284 6127 Matilica
1303 6074 1357 6127 wol
1374 6090 1433 6128 aar
1451 6074 1650 6141 Dracksatler.
