5642 7159
1044 763 1165 825 111111
1188 764 1275 826 nnn
1298 763 1466 825 GBOSSB
1490 758 1562 826 779.
2064 760 2126 826 179

481 962 611 1014 tollendos
637 978 689 1015 nec
710 963 863 1016 mansiones
890 969 938 1016 aut
958 970 1067 1031 paratas
1095 967 1232 1019 iaciendas
1254 966 1345 1018 nullus
1367 967 1510 1032 episcopus
1532 981 1581 1017 nec
1609 965 1682 1017 ullus
1705 981 1794 1017 comes
1816 981 1867 1017 uec
1888 967 2007 1018 iuniores
2035 983 2126 1018 eorum

480 1066 565 1118 nullas
586 1066 761 1120 redibitiones
789 1068 824 1118 ad
850 1064 1062 1135 requirendum*
1090 1072 1190 1123 ibidem
1217 1071 1356 1139 ingredere
1383 1087 1438 1123 nou
1456 1077 1645 1138 praesumant,
1676 1071 1723 1124 sed
1751 1073 1821 1123 sicut
1848 1074 1936 1138 ipsum
1966 1070 2126 1124 beneficium

480 1177 674 1222 antecessorum
697 1188 789 1239 regum
811 1153 868 1223 adb
890 1175 944 1224 iam
966 1173 1038 1225 dicto
1061 1178 1222 1228 monasterio
1244 1193 1330 1243 usque
1352 1193 1425 1228 nuuc
1446 1177 1498 1228 fuit
1520 1183 1715 1240 conservatum,
1738 1177 1776 1226 ita
1791 1176 1917 1244 deinceps
1939 1193 1987 1242 per
2009 1182 2127 1228 nostram

480 1279 664 1329 auctoritatem
686 1277 847 1345 generaliter
869 1284 976 1330 maneat
997 1278 1194 1345 inconvulsum,
1217 1282 1269 1331 nisi
1292 1286 1323 1331 ut
1344 1280 1426 1332 liceat
1447 1282 1485 1332 eis
1504 1283 1555 1332 sub
1578 1296 1698 1332 sermone
1721 1281 1843 1331 tuitionis
1865 1281 1909 1332 vel
1931 1271 2127 1331 immunitatis⁰

443 1381 585 1433 bnostrae
607 1386 635 1433 et
663 1382 848 1435 mundeburdo
871 1382 1001 1450 praedicti
1031 1383 1079 1435 filii
1101 1387 1185 1460 nostri
1214 1385 1303 1436 valeat
1331 1387 1438 1451 quietus
1467 1386 1557 1437 vivere
1587 1401 1619 1436 ac
1647 1384 1762 1436 residere
1790 1390 1817 1435 et
1845 1384 1888 1435 die
1915 1390 2049 1452 noctuque
2077 1400 2126 1450 pro
2213 1379 2219 1392 ⁸

479 1487 556 1538 nobis
578 1488 622 1539 vel
644 1486 792 1540 stabilitate
818 1490 894 1556 regni
915 1490 999 1540 nostri
1031 1482 1064 1539 61
1086 1495 1232 1541 memorato
1253 1489 1310 1541 filio
1340 1494 1432 1541 nostro
1455 1490 1564 1554 Karolo,
1592 1491 1639 1556 qui
1661 1505 1753 1541 eorum
1776 1503 1871 1540 causas
1893 1489 1975 1541 habet
1996 1494 2126 1556 receptas,

478 1593 576 1658 iugiter
598 1575 720 1643 domini⁶
742 1594 951 1646 misericordiam
974 1600 1001 1646 et
1023 1595 1141 1645 omnium
1158 1599 1311 1647 sanctorum
1326 1594 1472 1661 deprecari.
1499 1595 1573 1645 Etsi
1589 1593 1657 1646 tales
1673 1609 1768 1645 causes
1791 1593 1919 1645 adversus
1934 1595 2021 1660 ipsum
2036 1609 2126 1646 mona-

479 1698 588 1747 sterium
616 1702 664 1748 aut
686 1682 791 1768 ipsius
821 1700 927 1751 abbatis
949 1716 966 1748 s
989 1704 1062 1751 ortae
1090 1701 1191 1752 fuerint
1219 1705 1267 1750 aut
1294 1701 1466 1763 surrexerint,
1495 1714 1561 1766 quas
1590 1715 1607 1750 a
1634 1699 1711 1750 vobis
1741 1703 1788 1749 aut
1809 1715 1826 1747 ιι
1852 1699 2001 1750 iunioribus
2030 1701 2126 1751 vestris

479 1801 578 1869 absque
602 1817 693 1853 eornm
721 1805 814 1870 iniquo
844 1804 984 1870 dispendio
1007 1807 1162 1856 terminatas
1190 1821 1245 1856 nou
1267 1804 1374 1868 fuerint,
1403 1820 1489 1870 usque
1512 1805 1540 1855 in
1569 1810 1687 1856 nostram
1709 1804 1887 1869 praesentiam
1916 1798 2125 1856 reserventur

427 1904 458 1952 10
479 1904 523 1957 vel
537 1891 571 1956 ln
585 1894 775 1979 praesentia
790 1907 840 1958 filii
861 1911 946 1960 nostri
961 1925 978 1958 ιι
999 1915 1169 1962 reserventur
1185 1914 1212 1960 et
1225 1909 1325 1960 ibidem
1340 1908 1471 1960 finitivam
1494 1925 1542 1976 per
1563 1909 1649 1977 legem
1673 1913 1700 1962 et
1714 1909 1843 1961 iustitiam
1866 1909 1981 1960 debeant
2003 1910 2126 1975 accipere
2151 1975 2152 1978 Ἴ

478 2012 635 2061 sententiam
657 2017 685 2063 et
707 2013 853 2079 unicuique
872 2013 905 2065 de
928 2015 1058 2080 reputatis
1074 2015 1273 2066 conditionibus
1295 2015 1426 2064 iustitiam
1442 2013 1555 2065 reddant
1577 2020 1603 2066 et
1619 2015 1652 2065 ab
1675 2013 1736 2065 aliis
1752 2013 1831 2064 simili
1854 2014 1965 2065 modos
1987 2015 2127 2080 recipiant.

476 2115 514 2165 Et
534 2119 566 2166 ut
586 2116 654 2167 haec
676 2118 822 2168 auctoritas
844 2116 944 2170 tirmior
966 2119 1002 2170 sit
1022 2118 1066 2170 vel
1087 2136 1136 2185 per
1150 2124 1271 2185 tempora
1292 2119 1388 2171 melius
1409 2125 1581 2171 conservetur
1589 2111 1610 2184 ⁸,
1632 2134 1714 2170 mauu
1736 2101 1845 2171 nostra‘
1866 2118 1958 2170 subter
1979 2118 2126 2185 signaculis

477 2219 643 2272 decrevimus
665 2222 791 2274 roborare
815 2216 848 2274 et
871 2207 912 2273 de
934 2207 1033 2274 anulo
1056 2217 1170 2274 nostro
1193 2208 1349 2274 iussimus
1373 2207 1529 2294 sigillare.

579 2344 717 2432 Signum
739 2344 856 2412 Karoli
878 2346 1112 2433 gloriosissimi
1134 2347 1232 2433 regis.

425 2501 456 2549 rs
582 2483 791 2552 Gislebertus
814 2485 964 2552 advicem
986 2485 1135 2553 Radonis
1158 2488 1347 2574 recognovi.

577 2623 669 2691 Data
702 2624 765 2692 sub
795 2625 848 2692 die
869 2643 919 2691 xv
949 2625 1018 2691 kal.
1046 2624 1193 2693 decemb.
1224 2648 1311 2693 anno
1341 2644 1391 2692 xri
1424 2635 1458 2693 et
1480 2645 1516 2692 vr
1542 2627 1636 2712 regni
1665 2626 1786 2711 nostri3
1815 2636 1926 2693 actum
1950 2626 2126 2694 Vurmatia

477 2729 627 2817 civitate3
655 2731 690 2797 in
713 2731 766 2798 dei
788 2731 928 2797 nominc.

1264 3027 1350 3100 129.

476 3185 572 3258 Karl
598 3187 662 3258 der
693 3183 822 3258 Groeee
854 3186 994 3258 schenkl
1020 3188 1098 3259 dem
1123 3185 1270 3258 Kloster
1295 3184 1341 3255 H
1344 3206 1415 3256 ers
1421 3183 1485 3273 fel
1491 3186 1516 3258 ἄ
1548 3187 1615 3258 ἄειι
1642 3185 1797 3258 Ζᾶιιᾶειι
1824 3209 1889 3258 ooo
1915 3187 1983 3258 ἄειι
2015 3183 2124 3273 Gras-

423 3328 455 3377 so
474 3306 631 3396 sebasten
657 3305 840 3380 Athericles
867 3309 942 3380 ιιιιᾶ
968 3307 1182 3380 Marcoards
1208 3308 1258 3378 im
1285 3306 1502 3400 Hcsseoporr.

1711 3430 1827 3491 Worms
1851 3432 1913 3490 780
1935 3428 2026 3489 Mors
2048 3432 2079 3489 8.

577 3619 666 3679 Foco.
690 3617 741 3679 dea
755 3620 832 3693 jeser
854 3618 1024 3678 oorlorenea
1050 3617 1202 3692 Oripinols
1224 3619 1314 3692 Kopp
1338 3615 1616 3690 Schrifttafeln13
1640 3615 1704 3695 (A).
1734 3650 1772 3661 -
1804 3615 2047 3678 smutturam
2070 3618 2124 3677 der

577 3724 666 3783 Mitte
687 3723 739 3784 des
761 3726 814 3786 12.
831 3723 885 3784 Jr.
910 3720 935 3795 s.
958 3711 1010 3784 16'
1036 3720 1094 3801 (θ’)
1117 3725 1160 3782 ιἰιι
1183 3722 1386 3783 Slaotsmchio
1407 3741 1449 3782 ειι
1470 3721 1618 3797 Morburp
1641 3720 1704 3802 (0).

585 3861 694 3923 Wenclr
708 3863 793 3923 Hess.
810 3861 1024 3937 Londemesols.
1041 3855 1090 3933 3⁶,
1114 3866 1156 3923 13
1171 3868 1207 3921 n⁰
1219 3864 1259 3923 11
1285 3879 1342 3923 oue
1365 3862 1432 3922 dem
1451 3860 1596 3936 Oriyiool,
1619 3856 1668 3934 2⁶,
1692 3865 1713 3922 8
1734 3868 1769 3922 n⁰
1784 3865 1803 3923 6
1825 3879 1882 3923 aus
1906 3859 1937 3923 0.
1962 3895 2004 3906 -
2022 3861 2121 3922 Mott-

579 3967 685 4027 eaoor
705 3967 777 4042 seq.
800 3970 867 4029 aar
889 3965 988 4045 (sao).

581 4104 669 4166 (lons
689 4123 746 4167 oon
764 4106 893 4167 diltbcrt
912 4106 1108 4181 pesodrieben.
1131 4105 1192 4166 Die
1206 4104 1382 4182 Aotlbaunq
1405 4107 1459 4166 der
1480 4124 1624 4182 seperare
1646 4108 1922 4182 aocbpmciobneterr
1943 4107 2124 4166 tironiscteo

576 4211 674 4272 Noten
696 4212 743 4272 bei
766 4210 871 4284 dictet,
895 4211 992 4272 Ber'tr.
1015 4230 1042 4270 ε.
1066 4210 1151 4284 Dipt.
1181 4212 1246 4271 VII
1270 4213 1389 4273 Wiener
1412 4212 1473 4275 SR.
1499 4215 1551 4285 93,
1577 4216 1640 4275 693
1662 4213 1702 4274 N.
1725 4214 1804 4274 21(
1823 4216 1874 4294 75,
1898 4215 1931 4271 in
1953 4213 2124 4288 wigbaldus

578 4317 704 4379 adricem
727 4317 840 4379 Redoni
862 4318 967 4378 berult
989 4316 1052 4390 auf
1070 4319 1166 4377 εἱιιειιι
1194 4317 1349 4380 Verseberr.

579 4521 636 4605 (0.)
664 4519 679 4603 1
707 4519 847 4587 Carolus
875 4520 983 4607 gratia
1011 4520 1063 4586 dei
1092 4544 1152 4587 rex
1181 4521 1385 4587 Francorum
1416 4530 1448 4586 et
1475 4520 1775 4608 Langobardorum
1804 4544 1845 4587 ac
1874 4525 2033 4609 patricius
2057 4524 2122 4589 Ro·

423 4641 454 4691 30
474 4645 647 4692 manorum
677 4624 831 4691 omnibus
862 4625 1015 4691 fidelibus
1045 4627 1168 4693 nostris
1196 4627 1405 4713 presentibus
1433 4635 1466 4692 et
1495 4626 1626 4691 futuris.
1731 4625 1896 4714 Quicquid
1926 4628 2012 4712 enim
2038 4625 2120 4693 locis

473 4728 718 4797 venerabilibus
748 4729 790 4797 ob
814 4753 926 4797 amore
957 4730 1079 4796 domini
1103 4741 1136 4796 et
1165 4732 1389 4819 oportunitate
1413 4752 1582 4796 servorum
1612 4729 1664 4795 dei
1686 4729 1773 4796 iuste
1800 4731 1989 4817 petentibus
2011 4729 2024 4812 3
2046 4752 2122 4797 oon-

474 4833 646 4918 donamus,
674 4835 801 4921 regiam
824 4835 1094 4902 consuetudinem
1123 4836 1307 4903 exeruimus
1330 4844 1363 4902 et
1393 4835 1457 4902 hoc
1479 4835 1576 4901 nobis
1605 4834 1649 4901 ad
1671 4834 1853 4902 remedium
1880 4837 1987 4921 anime
2010 4844 2122 4920 nostre

473 4937 526 5004 vel
548 4937 766 5006 stabilitatem
788 4939 881 5026 regni
905 4941 939 5004 in
962 4938 1014 5006 dei
1038 4941 1166 5006 nomine
1189 4949 1358 5028 pertenere
1374 4940 1580 5006 confidimus.
1604 4939 1733 5006 Idcirco
1750 4948 1865 5006 notum
1888 4942 1930 5006 sit
1954 4939 2058 5024 vobis,
2082 4962 2121 5005 eo
2189 4929 2192 4938 λ

475 5041 563 5130 quod
586 5063 647 5108 nos
672 5041 773 5108 talem
788 5041 984 5109 beneficium
1008 5045 1097 5109 circa
1112 5044 1414 5128 monasteriolum,
1439 5044 1526 5132 quod
1543 5054 1593 5110 est
1616 5046 1715 5111 situm
1738 5045 1771 5111 in
1786 5045 1908 5112 honore
1932 5054 2120 5111 sanctorum

422 5151 459 5210 ιδ’
474 5146 701 5234 apostolorum
724 5145 868 5214 Simonis
892 5156 925 5214 et
947 5147 1098 5231 Thermi,
1130 5148 1186 5235 qui
1209 5157 1349 5215 vocatur
1370 5145 1598 5235 Eruluisfeltl,
1628 5159 1664 5214 ut
1687 5148 1815 5214 decima
1839 5148 1880 5214 de
1903 5149 2057 5235 Hassega
2079 5146 2120 5213 de

474 5250 660 5334 comitatos,
689 5244 968 5338 quos'Alberioos
991 5261 1024 5317 ct
1046 5251 1263 5320 Marcoardus
1286 5276 1373 5320 nunc
1397 5261 1544 5341 tempore
1567 5262 1678 5319 tenere
1700 5252 1764 5319 visi
1788 5262 1873 5328 sunt,
1899 5253 2057 5339 quicquid
2080 5252 2120 5318 de

473 5354 556 5442 ipsis
579 5355 734 5441 ingenum
761 5353 950 5423 hominibus
980 5365 1234 5441 exactaverunt,
1261 5357 1371 5424 idest
1397 5356 1578 5424 iamdicta
1607 5356 1749 5441 decima,
1780 5366 1818 5422 ut
1840 5355 1884 5422 ad
1913 5358 1984 5443 ipso
2008 5379 2121 5424 mona-

475 5457 608 5524 steriolo
630 5458 842 5546 Eruluisfeld,
876 5460 933 5525 ubi
955 5459 1054 5526 Lullo
1078 5463 1255 5549 episcopus
1277 5471 1388 5528 rector
1410 5461 1529 5527 adesse
1552 5461 1692 5536 videtur,
1726 5460 1779 5527 vel
1802 5461 1972 5527 monachis
1998 5461 2120 5527 ibidem

474 5561 534 5628 deo
552 5560 733 5629 servientes
749 5585 809 5649 per
822 5572 973 5651 tempora
988 5565 1146 5650 proficere
1162 5564 1284 5631 debeat
1299 5567 1331 5631 in
1348 5574 1551 5652 augmentes.
1577 5566 1758 5652 Propterea
1774 5563 1860 5631 hano
1877 5567 2121 5652 preceptionem

421 5680 454 5729 ιο
474 5665 683 5733 auctoritatis
705 5675 818 5732 nostre
840 5666 1050 5734 conscribere
1072 5669 1242 5754 iussimus,
1265 5693 1325 5757 per
1347 5692 1446 5757 quam
1472 5668 1565 5735 vobis
1588 5691 1753 5754 rogamus,
1778 5678 1814 5734 ut
1827 5669 1938 5735 nullus
1961 5669 2002 5735 de
2025 5668 2121 5735 vobis

549 5854 656 5925 128⁸.)
672 5857 854 5924 quaerendum
871 5857 924 5912 ΒΟ
989 5860 1018 5926 b)
1035 5874 1053 5911 a
1069 5858 1096 5912 B
1165 5862 1191 5928 c)
1208 5862 1404 5912 immunitionis
1423 5858 1476 5914 ΒΟ
1542 5861 1570 5926 d)
1587 5861 1631 5912 dei
1648 5858 1676 5913 Β
1750 5860 1776 5927 e)
1794 5865 1986 5912 conserventur
2003 5856 2054 5912 Bo

626 5926 650 5993 t)
668 5942 764 5979 manus
781 5933 890 5980 nostae
907 5927 943 5981 Β

549 6029 654 6099 129.)
627 6031 654 6099 ι)
679 6049 698 6084 ιι
715 6031 767 6086 rsit
784 6031 906 6087 Krlrrurs
925 6033 1029 6088 setrich
1047 6032 1105 6101 ares
1087 6032 1219 6101 [Rosur
1323 6036 1352 6105 b)
1370 6037 1420 6089 felt
1437 6051 1491 6090 oorr
1510 6033 1652 6089 desselben
1672 6033 1763 6088 Ηαιιᾶ
1791 6033 1849 6102 aus
1863 6035 1971 6101 Rosur,
1994 6048 2048 6086 verr
2067 6031 2121 6086 ἄειι

625 6100 759 6155 radirtere
776 6049 957 6157 Bsolsstdders
973 6119 1023 6157 oor
1041 6104 1054 6154 f
1069 6104 1139 6158 noch
1157 6104 1204 6158 ειίι
1223 6036 1563 6174 011111(ιᾶΙιειιιιιῑίᾶι,Ι
1581 6105 1756 6158 Herolfesielt
1775 6103 1799 6160 0

1914 6207 1965 6258 23*
