5642 7159
1042 743 1162 802 aaut
1184 743 1273 803 Dllll
1294 742 1466 803 GBOSSE
1489 738 1562 804 188.
2060 738 2125 804 345

516 934 519 942 '
580 931 815 1005 formclreclrterc
837 934 979 1006 Faustino
1007 932 1060 992 der
1088 931 1298 1006 Sipaumreilc,
1333 931 1383 991 die
1410 933 1487 991 aare
1514 934 1569 990 mit
1597 931 1628 991 D
1655 932 1738 992 molor
1764 931 2011 1003 bbereiastimmt,
2044 932 2125 991 aicit

579 1038 679 1110 cipesse
692 1036 863 1109 00000000
884 1037 925 1095 ist
947 1036 1018 1095 oder
1039 1038 1075 1096 00
1095 1037 1177 1096 aicit
1198 1038 1288 1098 00000
1309 1037 1365 1096 000
1386 1037 1564 1111 Unqeocbiclr
1586 1036 1636 1097 des
1652 1036 1810 1097 Falscbers
1834 1036 1891 1095 dea
1913 1036 2126 1109 Widcrspracb

578 1141 611 1198 ia
629 1140 706 1200 000
724 1140 790 1201 000
811 1140 1013 1214 Sipaamreiie
1036 1139 1114 1213 (dori
1129 1158 1189 1215 rex,
1213 1141 1279 1199 bier
1296 1140 1476 1215 imperatoris
1491 1158 1525 1201 ac
1540 1140 1633 1217 regis)
1655 1138 1862 1201 cerscbuldcte.
1887 1174 1928 1185 -
1951 1140 2125 1214 thscbuao

583 1245 658 1303 oleae
680 1244 758 1303 echte
784 1244 917 1317 Vertere,
945 1244 1189 1304 rocbrscbeialich
1211 1244 1261 1303 dea
1284 1248 1336 1304 10.
1361 1244 1425 1316 diu,
1455 1245 1629 1304 Invocatior
1650 1245 1715 1304 aad
1736 1244 1857 1305 Forrnel
1879 1244 1929 1305 des
1953 1244 2046 1305 Titels
2068 1261 2126 1304 aas

580 1351 662 1409 einer
682 1348 826 1411 0000000
840 1348 985 1422 13000000
1000 1347 1031 1409 0.
1047 1348 1102 1409 Fr.
1119 1364 1171 1407 vor
1185 1351 1258 1419 834,
1288 1348 1411 1421 Vorluyc
1434 1346 1490 1420 far
1512 1349 1560 1407 dic
1581 1348 1754 1423 Filscbaro
1778 1347 1833 1421 far
1852 1348 1966 1409 Verdea
1986 1356 2021 1408 a⁰
2033 1353 2124 1422 2400,

579 1456 699 1514 cenom
722 1451 778 1525 sur
799 1453 848 1511 die
869 1457 929 1512 erat
951 1471 992 1512 aa
1014 1451 1133 1525 Beyinn
1155 1452 1206 1512 dee
1230 1457 1282 1514 17.
1305 1452 1358 1512 Jir.
1380 1450 1543 1526 oesblschte
1570 1453 1713 1514 Urbaade
1735 1451 1791 1525 far
1815 1452 1994 1526 diatmaro,
2026 1453 2126 1514 01001·

579 1558 685 1618 barber
699 1558 772 1631 aeq.
788 1558 852 1617 303
869 1554 969 1634 (204),
992 1556 1149 1615 Nocbweis
1164 1572 1221 1616 coa
1238 1556 1332 1630 aaut
1346 1557 1381 1615 ia
1394 1556 1626 1631 Mittbeiluapea
1649 1556 1699 1616 000
1715 1557 1856 1617 Instituta
1873 1556 1897 1630 f.
1915 1561 1969 1617 ost.
1988 1558 2054 1619 GF.
2072 1561 2123 1629 18,

580 1665 632 1732 03,
657 1663 698 1723 65
720 1660 776 1734 opi.
799 1662 875 1720 0000
901 1660 950 1720 iic
979 1660 1214 1735 Grearaapubea
1236 1660 1332 1721 Debio
1359 1659 1462 1723 00000.
1486 1660 1537 1719 000
1559 1661 1751 1720 Drebistams
1773 1660 2078 1735 Demisere-Breviter
2093 1663 2123 1732 1,

578 1765 721 1826 00000.
745 1766 797 1839 50,
826 1765 875 1824 dic
902 1764 993 1823 altere
1014 1764 1176 1825 Diterutur
1203 1764 1399 1823 Mablbocber
1426 1765 1500 1837 Rea.
1530 1766 1592 1824 295
1617 1762 1717 1841 (280).
1763 1764 1828 1823 Der
1855 1765 2126 1839 Rcttuoqsoeraucb

584 1871 680 1945 Georp
702 1870 838 1943 Hctffers,
871 1870 1016 1928 Koroeier
1043 1868 1170 1930 Studien
1192 1872 1235 1929 93
1259 1867 1294 1940 f„
1329 1872 1394 1929 133
1417 1868 1453 1941 t..
1489 1869 1585 1940 ,0000
1610 1868 1760 1942 peruincit
1783 1869 1867 1927 Keras
1894 1886 1952 1928 aas
1980 1869 2033 1929 der
2059 1869 2127 1930 Um·

580 1976 738 2047 0000000
759 1973 1089 2046 euricleuperoiaaea‘,
1113 1974 1153 2033 ist
1175 1971 1442 2045 0000000000·οο
1456 1973 1563 2033 000100
1570 1993 1581 2046 ,·
1604 1989 1635 2031 er
1649 1975 1785 2032 cimmert
1808 1990 1866 2033 000
1889 1972 1942 2033 der
1956 1973 2129 2048 Falscbuau

580 2098 670 2153 sopor
695 2080 768 2137 000
795 2077 944 2150 Diplomc,
982 2078 1062 2137 eines
1089 2096 1146 2137 roa
1168 2079 1232 2139 803
1262 2076 1325 2148 auf
1347 2078 1456 2137 00000
1483 2078 1597 2151 maipa
1619 2076 1788 2137 0000000
1808 2076 1965 2153 00010000
1993 2096 2034 2137 ca
2060 2078 2127 2158 dea,

581 2186 637 2244 wie
659 2184 724 2241 bier
748 2186 850 2256 000000
872 2183 922 2252 ist,
958 2181 1103 2254 ‚coartior
1131 2182 1371 2255 anmocaoiqca‘
1394 2182 1517 2241 Bericbt
1543 2180 1597 2239 der
1618 2180 1847 2241 Helberstltdter
1869 2181 2130 2255 Bistamscbroailr

582 2285 690 2365 (Geato
713 2287 802 2359 episc.
826 2284 1018 2344 Halterstcci.
1042 2286 1085 2343 M.
1107 2284 1144 2346 0.
1162 2284 1216 2346 SS.
1241 2286 1292 2356 23,
1318 2282 1372 2362 79)
1395 2287 1471 2345 000
1493 2285 1547 2344 000
1569 2284 1807 2362 inprerarieabila
1829 2285 2012 2363 privilegium
2034 2285 2128 2345 Karls

581 2391 610 2450 0.
637 2390 703 2461 Ga,
738 2390 792 2448 der
822 2391 877 2447 scic
905 2388 954 2447 die
976 2390 1103 2462 semiper
1130 2387 1358 2461 caefabrliclren
1387 2390 1485 2449 Notae
1513 2390 1704 2451 Holberstud.
1735 2388 1832 2467 (Jaffe
1860 2391 2043 2451 Bibliotheca
2070 2406 2127 2451 rer.

584 2494 683 2554 Germ.
702 2497 730 2563 1,
755 2490 831 2564 002)
855 2492 919 2552 000
942 2492 995 2551 der
1009 2491 1136 2565 Auseae
1158 2495 1201 2551 im
1215 2493 1379 2553 donatista
1394 2494 1475 2555 8000
1499 2493 1558 2571 (Μ.
1579 2494 1615 2555 G.
1633 2495 1685 2556 SS.
1703 2498 1732 2567 0,
1757 2497 1832 2571 005)
1855 2493 1919 2567 auf
1936 2496 2036 2567 0000,
2060 2496 2130 2555 aber

581 2603 641 2658 crst
664 2598 731 2657 dem
753 2598 840 2657 Ende
863 2597 913 2655 des
936 2601 987 2657 10.
1005 2597 1058 2657 Jb.
1084 2597 1297 2675 (Wctteabacls
1322 2598 1606 2674 Geschicbtsqaellen
1629 2603 1658 2660 6.
1675 2598 1714 2660 A.
1738 2606 1768 2671 1,
1792 2601 1872 2673 3455
1898 2603 1929 2671 2,
1952 2602 2026 2671 250,
2050 2597 2128 2675 356)

581 2703 784 2777 onpcbbreade
799 2701 1067 2775 Aafceicbauapen
1082 2701 1272 2775 0000000000,
1295 2703 1345 2761 eia
1358 2705 1476 2762 arorites
1498 2720 1556 2762 aas
1571 2702 1637 2761 dem
1652 2702 1750 2762 Jabre
1765 2706 1837 2774 787,
1862 2703 1916 2762 das
1933 2702 2040 2761 wieder
2062 2719 2129 2774 ,aas

580 2810 653 2867 arrei
678 2807 898 2868 Teatscbicirtea
919 2806 1143 2866 cerscbicdeaea
1165 2807 1286 2878 Altera,
1321 2806 1418 2865 0000
1444 2804 1744 2880 &ebdomadariam
1772 2824 1827 2865 000
1852 2809 1914 2867 780
1944 2806 2008 2865 000
2034 2808 2130 2865 eiaem

585 2911 798 2985 Weibediplom
818 2928 876 2970 000
899 2914 971 2982 787,
1004 2914 1285 2984 zusammenpesetet
1306 2912 1372 2971 seia
1394 2910 1451 2971 soll
1473 2910 1518 2990 (S.
1541 2911 1636 2986 153),·
1666 2910 1714 2969 die
1735 2910 1981 2970 Recoastructioa
2004 2910 2054 2969 000
2076 2927 2130 2969 00-

577 2994 726 3089 00000000
740 3014 880 3088 Diploms
895 3032 951 3073 000
965 3017 1030 3075 803
1046 3013 1089 3092 (S.
1106 3013 1172 3092 04),
1197 3015 1300 3074 welche
1314 3031 1403 3089 sopor
1418 3014 1467 3073 die
1481 3016 1676 3089 Recoyaitioa
1691 3032 1747 3074 000
1763 3020 1798 3074 a⁰
1810 3018 1874 3076 200
1898 3015 1943 3074 als
1959 3013 2130 3087 ,aweifellos

582 3121 654 3179 eclrt‘
677 3120 867 3191 ibemimmt,
891 3121 1002 3179 istria
1025 3119 1264 3191 diplomatiscbcs
1293 3119 1422 3193 Uadiuu.

582 3290 620 3355 In
644 3290 776 3354 nomine
793 3287 916 3353 domini
941 3289 1014 3354 dei·
1037 3298 1069 3353 et
1092 3288 1271 3355 salvatoris
1294 3288 1398 3353 nostri
1414 3286 1489 3355 Iesu
1506 3288 1639 3356 Christi.
1662 3290 1808 3356 Karolus
1831 3290 1942 3357 divina
1959 3290 2130 3357 ordinante

478 3390 711 3481 providentiab
733 3416 803 3459 rex.
907 3392 941 3459 Si
967 3393 1100 3459 domino
1125 3392 1187 3458 deo
1211 3395 1416 3459 exercituum
1440 3402 1652 3460 succurrente
1675 3396 1709 3459 in
1733 3392 1830 3460 bellis
1854 3395 1990 3461 victoria
2013 3395 2131 3482 potiti⁸

422 3516 456 3563 05
478 3501 513 3563 in
535 3498 592 3564 illo
622 3507 654 3563 ct
683 3519 749 3562 non
776 3499 809 3562 in
838 3496 934 3563 nobis
964 3498 1151 3584 gloriemur,
1186 3506 1220 3562 ct
1247 3498 1281 3563 in
1309 3497 1373 3562 000
1402 3497 1512 3563 000010
1543 3518 1661 3583 pacem
1691 3506 1724 3562 et
1752 3500 2004 3584 prosperitatem
2033 3507 2067 3563 et
2096 3499 2131 3563 in

478 3602 588 3667 futuro
611 3611 769 3689 perpetue
792 3600 953 3667 mercedis
976 3600 1227 3667 retributionem
1243 3624 1304 3667 nos
1327 3601 1506 3687 promereri
1522 3601 1728 3667 confidimus.
1753 3601 1964 3689 Quapropter
1979 3603 2132 3668 noverint

479 3728 592 3770 omnes
617 3704 740 3770 Christi
762 3704 887 3787 fideles,
911 3705 1000 3790 quod
1023 3703 1185 3781 Saxones,
1210 3703 1314 3791 quos‘¹
1337 3705 1602 3791 progenitoribus
1626 3708 1748 3771 nostris
1772 3706 1815 3772 ob
1839 3729 1897 3773 sue
1921 3708 2131 3794 pertinatiam

478 3810 613 3898 perfidie
637 3832 765 3896 semper
793 3808 1031 3876 indomabiles⁸
1059 3811 1189 3897 ipsique
1212 3809 1274 3876 deo
1304 3819 1337 3875 et
1358 3809 1455 3875 nobis
1479 3819 1546 3875 tam
1571 3808 1626 3873 diu
1648 3808 1800 3893 rebelles,
1836 3832 2007 3897 quousque
2030 3810 2130 3895 illius,

479 3935 544 3979 non
572 3911 707 3980 nostra‘
736 3915 855 3979 virtute
882 3915 973 3999 ipsos
1002 3922 1035 3979 et
1057 3913 1153 3979 bellis
1184 3916 1344 3979 vicimus¹
1373 3922 1406 3979 et
1429 3910 1495 3979 adl
1523 3912 1680 3999 baptismi
1709 3914 1851 3999 gratiam
1875 3914 1936 3980 deo
1966 3923 2130 3981 annuente
2247 3934 2249 3939 ’

423 4018 704 4105 superduximus,
731 4018 871 4103 pristine
893 4017 1038 4083 libertati
1061 4017 1203 4083 donatos
1227 4027 1260 4083 et
1284 4019 1371 4082 omni
1394 4016 1491 4082 nobis
1525 4016 1637 4082 debito
1661 4038 1763 4082 censu
1787 4016 1913 4083 solutos
1936 4040 1995 4105 pro
2018 4039 2131 4084 amore

479 4121 577 4205 illius,
613 4122 668 4207 qui
691 4120 787 4186 nobis
810 4121 983 4187 victoriam
1006 4120 1157 4204 eontulit,
1192 4123 1256 4208 ipsi
1279 4121 1475 4187 tributarios
1499 4129 1532 4185 et
1556 4118 1759 4206 sublegales¹
1789 4121 1908 4187 devote
1932 4122 2130 4206 addiximus,

479 4226 633 4292 videlicet
656 4233 701 4306 ut,
736 4225 792 4311 qui
815 4233 927 4290 nostre
958 4225 1134 4310 potestatis
1157 4225 1272 4310 iugum
1300 4226 1461 4291 hactenus
1485 4226 1570 4292 ferre
1599 4224 1899 4312 detrectares-unck,
1934 4225 2029 4293 vieti¹
2053 4228 2130 4312 iam,

480 4331 541 4397 deo
565 4330 703 4415 gratias,
728 4338 761 4394 et
783 4330 883 4393 armis
906 4339 939 4394 et
961 4329 1026 4395 fide
1050 4329 1182 4396 domino
1205 4352 1246 4396 ac
1270 4331 1429 4396 salvatori
1453 4338 1567 4395 nostro
1590 4330 1667 4395 Iesu
1691 4330 1822 4397 Christo
1845 4339 1878 4397 et
1901 4331 2130 4397 sacerdotibus

480 4436 550 4501 eius
574 4435 750 4500 (tmuiumm
774 4454 907 4500 suorum
930 4435 1149 4501 iumentorum
1165 4444 1198 4499 ct
1221 4434 1388 4502 fruetuum
1404 4435 1577 4521 tociusque
1601 4434 1730 4500 culture
1746 4435 1892 4501 decimas
1915 4457 1955 4503 ac
1970 4437 2130 4503 nutritura

425 4557 459 4604 ss
482 4538 602 4604 divites
617 4559 657 4603 ae
673 4559 836 4624 pauperes
851 4537 1001 4623 legaliter
1016 4540 1188 4603 constricti
1202 4539 1402 4623 persolvant.
1427 4538 1569 4603 Proinde
1586 4560 1716 4604 omnem
1732 4547 1852 4606 terram
1870 4562 1981 4605 eorum
1995 4542 2130 4627 antiquo

479 4643 704 4709 Romanorum
727 4663 817 4708 more
848 4643 882 4706 in
911 4643 1132 4729 provintiam¹¹
1164 4642 1352 4728 redigentes
1382 4651 1415 4707 et
1437 4644 1522 4707 inter
1551 4643 1725 4729 episcopos
1750 4652 1839 4708 certo
1862 4641 1986 4708 limite⁰
2015 4642 2130 4709 dister-

480 4748 644 4814 minantes
662 4746 952 4833 septentrionalem
968 4746 1080 4813 illiusp
1102 4756 1240 4832 partem,
1265 4769 1329 4833 quc
1345 4756 1378 4812 ct
1400 4746 1542 4832 piscium
1558 4744 1712 4813 ubertate
1728 4744 1892 4812 ditissima
1907 4755 1941 4812 ct
1955 4746 2131 4833 pecoribus

481 4849 610 4916 alendis
644 4849 786 4915 babetur
818 4851 1004 4935 aptissima,
1039 4852 1093 4936 pio
1124 4849 1256 4915 Christo
1291 4860 1325 4916 et
1358 4848 1585 4936 apostolorum
1615 4870 1749 4915 suoram
1776 4850 1916 4936 principi
1943 4850 2041 4916 Petro
2070 4872 2129 4939 pro

481 4955 662 5042 gratiarum
692 4955 820 5020 actione
849 4953 968 5020 devote
997 4953 1177 5021 obtulimus
1206 4954 1334 5040 sibique
1364 4956 1420 5020 inq
1445 4953 1635 5040 Wigmodia
1663 4956 1696 5020 iu
1729 4955 1802 5020 loeo
1826 4956 1988 5021 Bremon‘
2009 4964 2129 5022 vocato

425 5076 459 5125 40
482 5081 581 5146 super
603 5058 745 5123 flumen*
767 5057 958 5124 Wirraham
987 5058 1163 5124 eeclesiam
1186 5068 1220 5124 ct
1246 5059 1468 5145 episcopalem
1493 5060 1669 5124 statuimus
1698 5059 1900 5125 cathedram.
1946 5059 2034 5125 Huic
2058 5081 2130 5146 par·

479 5163 592 5229 000οἰ0
615 5180 639 5225 x
662 5183 767 5247 pagos
792 5161 1002 5245 subiecimus,
1038 5166 1136 5249 quos¹
1165 5164 1264 5228 etiam
1287 5162 1426 5228 abiectis
1456 5184 1568 5226 eorum
1592 5164 1757 5249 antiquis¹¹
1785 5162 1957 5229 vocabulis
1986 5173 2020 5228 et
2048 5162 2130 5227 divi·

481 5266 629 5334 sionibus
658 5268 692 5329 in
722 5264 805 5332 duas
834 5267 1021 5352 redegimus
1050 5268 1233 5353 provintias
1268 5268 1340 5332 his'
1369 5266 1555 5332 nominibus
1584 5266 1806 5353 appellantes:
1847 5267 2070 5355 Wigmodiam
2099 5275 2132 5332 et

481 5372 622 5458 Lorgoe.
649 5370 819 5458 Insuper'
841 5372 885 5436 ad
908 5371 1035 5457 prefate
1058 5373 1337 5437 constructionem
1353 5371 1494 5437 ecclesie
1517 5371 1550 5433 in
1567 5370 1765 5456 supradietis
1789 5372 1883 5457 pagis
1901 5388 1971 5435 axx
1994 5391 2130 5435 mansos

558 5560 795 5625 24000100
871 5560 899 5627 0)
917 5561 1085 5613 ordinatione
1104 5567 1131 5612 et
1148 5562 1319 5628 providentia
1336 5561 1367 5615 D
1448 5561 1472 5625 0)
1491 5560 1570 5626 potiti
1588 5575 1681 5610 sumus
1699 5564 1727 5611 et
1746 5558 1776 5611 D
1855 5560 1883 5621 d)
1901 5576 1968 5625 quos
1986 5576 2002 5610 a
2021 5558 2051 5612 D

425 5631 459 5679 40
637 5631 663 5694 0)
681 5630 829 5682 domabiles
848 5628 874 5682 Β
979 5631 1158 5697 ssquousque
1182 5633 1211 5681 in
1233 5632 1308 5682 illius
1332 5638 1360 5683 at
1382 5633 1484 5680 nonin
1507 5635 1598 5679 nostra
1615 5626 1650 5691 Β,
1678 5631 1707 5679 in
1726 5627 1786 5680 aad
1804 5633 1831 5678 et
1850 5644 1904 5677 non
1928 5642 1982 5680 cors
1999 5626 2129 5691 0000000,

636 5704 723 5752 etwas
738 5698 875 5766 jiapmr
895 5698 985 5751 Hoad
1003 5700 1072 5751 siber
1090 5699 1140 5752 der
1158 5699 1235 5752 Zeila
1251 5701 1460 5768 accipetrapca
1556 5698 1584 5765 g)
1601 5699 1735 5748 vincimus
1753 5696 1780 5749 Β
1861 5698 1890 5763 0)
1908 5696 1978 5761 fehlt
1996 5695 2027 5749 D

636 5771 657 5833 i)
674 5770 830 5836 subiugales
848 5768 879 5821 D
984 5770 1013 5833 k)
1031 5784 1103 5823 corr.
1122 5784 1176 5823 aas
1195 5771 1410 5822 detrectaverant
1430 5768 1455 5819 Β
1561 5766 1580 5831 l)
1598 5768 1662 5818 iusti
1681 5765 1708 5818 Β
1812 5766 1849 5831 m)
1867 5768 1940 5817 omni
1953 5764 1991 5830 D,
2010 5767 2129 5817 omnium

636 5842 816 5891 iumentorum
835 5853 944 5888 suorum
957 5836 986 5903 G,
1004 5853 1036 5891 ao
1054 5837 1127 5891 aucb
1145 5847 1178 5890 av
1191 5841 1260 5892 240⁰
1331 5840 1361 5906 n)
1379 5838 1531 5905 provincias
1545 5834 1567 5887 0
1635 5838 1662 5903 0)
1679 5837 1782 5897 lumite,
1800 5839 1884 5887 anter
1897 5852 1923 5885 m
1936 5835 1981 5888 cia
1994 5832 2091 5888 mart
2104 5834 2130 5888 Β

638 5908 666 5973 p)
683 5906 802 5960 illamO
903 5910 931 5974 q)
947 5913 979 5958 ut
996 5906 1024 5959 Β
1127 5910 1151 5970 r)
1168 5910 1274 5975 sibique
1297 5912 1326 5959 in
1344 5909 1404 5960 loco
1424 5902 1581 5958 BrsmonO
1683 5907 1706 5972 s)
1730 5906 1747 5955 0
1769 5904 1820 5957 mit
1838 5902 2083 5973 Karreaqsstrica
2094 5902 2130 5971 B,

426 5976 461 6025 00
637 5976 748 6029 fluvium
762 5976 790 6036 0,
810 5980 923 6029 cristatt
941 5976 989 6029 dea
1002 5974 1129 6030 Narseus
1142 5978 1294 6029 wirraham
1311 5978 1408 6032 hierli
1480 5979 1502 6044 t)
1519 5975 1652 6043 huiusque
1664 5976 1803 6042 parrochie
1821 5980 1848 6025 st
1865 5976 2027 6026 subiecimus
2046 5989 2130 6041 pagos

538 6066 541 6071 ·
638 6044 751 6112 quosG
834 6050 863 6113 u)
881 6048 1000 6112 antiquis
1016 6045 1151 6100 000000
1235 6051 1262 6114 v)
1279 6050 1332 6100 hiis
1351 6048 1381 6102 D
1467 6047 1502 6114 w)
1520 6052 1687 6113 nuncupatas
1706 6045 1729 6097 N
1748 6050 1775 6097 st
1793 6045 1816 6096 N
1835 6050 1862 6097 st
1879 6042 2031 6112 iusuperO

525 6148 764 6199 Kaiacrurlrnndau
785 6150 807 6201 1.
1927 6148 1961 6197 44
