5642 7159
673 721 738 788 234
1278 720 1721 782 Kslssnuunuunuu.

673 913 797 978 ιιοιιιίο
818 912 982 997 pertinere
1009 909 1215 976 confidimus.
1261 909 1368 995 Igitur
1390 917 1504 974 notum
1534 910 1577 974 sit
1600 909 1752 974 omnibus
1782 907 1936 974 fidelibus
1965 908 2088 973 nostris
2112 907 2321 993 presentibus

673 1014 800 1080 scilicet
826 1024 859 1079 et
887 1015 1017 1097 futuris,
1053 1013 1194 1100 qualiter
1221 1014 1273 1077 vir
1300 1010 1500 1077 venerabilis
1529 1012 1687 1078 Paulinus
1718 1022 1854 1078 sanctae
1883 1009 2128 1098 Aquileiensis*¹
2158 1012 2322 1078 ecclesiae

673 1120 871 1206 patriarcba,
906 1127 1065 1205 quaeest
1092 1118 1127 1183 in
1149 1117 1273 1184 honore
1301 1126 1437 1182 sanctae
1461 1117 1514 1182 dei
1539 1118 1707 1201 genitricis
1737 1137 1931 1203 semperque
1959 1116 2094 1202 virginis
2118 1117 2246 1182 Mariae
2267 1115 2321 1182 vel

673 1224 778 1289 sancti
794 1223 882 1288 Petri
899 1222 1057 1308 principis
1072 1220 1300 1308 apostolorum
1318 1221 1387 1287 sive
1404 1221 1512 1285 sancti
1528 1221 1633 1286 Marci
1649 1229 1851 1303 constructo,
1876 1219 2084 1285 clementiam
2099 1219 2193 1304 regni
2215 1222 2321 1284 nostri

672 1327 777 1412 petiit,
801 1335 847 1409 ut,
872 1324 1152 1412 quandoquidem
1175 1324 1289 1390 divina
1304 1325 1477 1389 vocatione
1499 1325 1598 1410 ipse⁸
1621 1323 1661 1389 de
1677 1323 1740 1388 bac
1762 1323 1835 1389 luce
1863 1322 1907 1388 ad
1930 1323 2097 1389 dominum
2119 1324 2320 1409 migraverit,
2343 1337 2359 1387 5

672 1431 802 1517 qualem
825 1429 994 1496 meliorem
1010 1438 1044 1494 et
1066 1428 1249 1513 digniorem
1263 1429 1339 1515 ipsa
1364 1438 1481 1494 sancta
1496 1429 1720 1515 congregatio,
1746 1451 1831 1516 quse
1848 1428 1970 1494 ibidem
1987 1428 2048 1494 sub
2065 1439 2182 1495 sancto
2203 1427 2318 1494 ordine

670 1534 773 1599 vitam
796 1533 915 1620 degere
942 1529 1132 1615 videbitur',
1166 1532 1253 1598 infra
1283 1555 1318 1599 se
1340 1533 1437 1598 nobis
1465 1532 1599 1619 filioque
1627 1541 1764 1599 nostro⁸
1785 1534 1925 1620 Pippino
1956 1535 2027 1618 regi
2057 1541 2089 1598 et
2120 1534 2208 1598 omni
2231 1534 2321 1619 genti

671 1647 805 1704 nostrae
828 1659 888 1724 per
911 1638 1020 1702 omnia
1042 1636 1173 1703 fidelem
1188 1634 1392 1724 aptumque1¹
1415 1645 1447 1702 et
1463 1659 1644 1723 congruum
1659 1633 1824 1719 voluerit¹,
1848 1659 1890 1702 ex
1906 1633 2092 1723 permissal
2115 1636 2322 1722 indulgentia

671 1752 786 1807 nostre
802 1742 896 1808 salva
911 1741 1085 1828 principali
1101 1748 1266 1827 potestate
1280 1750 1395 1806 nostra
1411 1741 1495 1806 sicut
1511 1743 1591 1806 etin
1614 1743 1731 1808 ceteris
1748 1740 1900 1806 ecclesiis
1926 1741 2109 1806 secundum
2128 1743 2320 1807 canonicam

671 1846 902 1912 auctoritatem
936 1845 1103 1910 licentiam
1125 1842 1286 1910 babeant¹
1319 1867 1419 1931 super
1447 1867 1482 1910 se
1509 1845 1651 1931 eligendi
1680 1855 1856 1932 pastorem.
1901 1845 1948 1910 Et
1976 1845 2111 1930 insuper
2139 1844 2317 1931 postulavit
2343 1861 2375 1910 ιο

670 1952 839 2017 serenitati
862 1959 1005 2033 nostroe,
1040 1960 1077 2015 ut
1098 1950 1247 2016 homines
1275 1952 1551 2037 servientesque¹¹²
1579 1949 1766 2016 antedictae
1790 1949 1951 2016 ccclesiae
1979 1948 2062 2015 ubis
2091 1959 2124 2014 et
2148 1949 2203 2014 ubi
2232 1970 2319 2014 com·

672 2064 841 2121 manentes
872 2055 997 2121 nullam
1020 2053 1183 2120 decimam
1212 2063 1294 2120 nec⁰
1317 2055 1358 2120 de
1380 2077 1513 2121 annona
1541 2064 1598 2119 aut
1621 2054 1661 2120 de
1684 2054 1814 2141 peculio
1838 2053 1905 2118 ullo
1929 2074 2087 2139 umquam
2115 2060 2263 2138 tempore
2285 2053 2319 2117 in

668 2157 801 2246 publico
818 2158 944 2223 solvere
960 2157 1102 2223 debeant
1117 2180 1223 2244 neque
1239 2157 1279 2222 de
1296 2158 1424 2244 peculio
1440 2161 1574 2244 proprio
1591 2158 1829 2242 ecclesiastico,
1853 2157 1967 2243 qnodl’
1992 2156 2142 2243 partibus
2157 2155 2318 2222 Histricu-

670 2263 783 2329 sibus‘¹
804 2264 837 2326 in
860 2263 994 2349 pascuis
1010 2261 1169 2345 miserint,
1192 2260 1317 2327 nllum¹
1339 2260 1481 2327 debeant
1504 2261 1709 2348 persolvere⁸
1730 2261 1945 2327 herbaticum.
1976 2259 2078 2326 Cuius
2098 2259 2319 2326 venerabilem

669 2369 861 2452 petitionem
884 2364 1050 2430 noluimus
1074 2363 1237 2450 denegare
1260 2364 1367 2431 tribus
1390 2388 1434 2431 ex
1456 2365 1584 2431 causis:
1613 2387 1680 2430 una
1694 2364 1860 2445 videlicet,
1884 2374 1920 2429 ut
1942 2365 2023 2450 ipsis
2048 2366 2151 2430 servis
2175 2363 2238 2448 dei,
2262 2365 2317 2451 qui
2342 2378 2374 2429 ro

669 2471 792 2536 ibidem
816 2469 877 2535 deo
908 2467 1079 2534 famulari‘
1105 2468 1269 2546 videntur,
1303 2490 1363 2556 pro
1386 2468 1484 2535 nobis
1513 2491 1682 2555 uxoreque
1717 2467 1781 2552 [ac]
1805 2467 1881 2533 filiis
1912 2477 1944 2533 et
1978 2467 2111 2533 filiabus
2139 2469 2320 2534 nostriset

669 2573 793 2661 populo
816 2572 913 2638 nobis
929 2594 950 2637 a
973 2571 1035 2637 deo
1052 2573 1230 2638 commisso
1255 2573 1374 2657 iugiter
1389 2572 1514 2639 domini
1537 2573 1796 2639 misericordiam
1819 2572 1936 2638 melius
1960 2572 2137 2659 implorare
2161 2572 2319 2655 delectet,

670 2676 746 2761 alia,
780 2685 816 2742 ut
839 2677 873 2741 in
896 2675 1017 2741 divinis
1041 2674 1157 2741 litteris
1181 2684 1214 2741 et
1237 2676 1397 2742 doctrinis
1422 2675 1650 2763 spiritualibus
1679 2676 1873 2763 ampliorem
1896 2685 2064 2742 certamen
2092 2677 2220 2742 mittere
2243 2698 2317 2763 pro·

670 2789 802 2863 cureut;
839 2780 961 2847 tertiau
989 2780 1059 2845 eius
1082 2780 1209 2845 meritis
1232 2780 1505 2867 compellentibus
1536 2784 1583 2846 ita
1606 2783 1790 2867 prestitisse
1819 2782 1907 2846 etin
1932 2779 2083 2846 omnibus
2112 2782 2319 2847 concessisse

669 2885 870 2971 cognoscite.
915 2884 1097 2969 Propterea
1119 2892 1199 2969 per'
1220 2894 1407 2969 presentem
1432 2886 1664 2952 auctoritatem
1692 2896 1839 2952 nostram
1863 2885 2067 2951 decernimus
2091 2907 2131 2951 ac
2157 2885 2318 2965 iubemus,
2341 2901 2375 2950 so

670 2989 758 3076 qnod
774 2988 1010 3076 perpetualiter
1024 3010 1216 3053 mansurum
1233 2988 1485 3072 essevolumus,
1510 2998 1556 3072 ut,
1574 2990 1659 3054 sicut
1676 3012 1778 3076 supra
1793 2991 2058 3073 memoravimus,
2076 2991 2165 3054 circa
2180 2990 2320 3055 eundem

671 3101 848 3158 sunctum'
871 3092 978 3158 locum
1002 3115 1045 3157 ex
1067 3093 1249 3178 permisss¹
1271 3091 1479 3177 indulgentia
1502 3101 1614 3158 nostra
1629 3094 1820 3179 perenniter
1842 3104 1976 3160 maneat
1991 3092 2253 3160 inconvulsum.
2276 3094 2321 3158 Et

669 3197 857 3283 specialiter
879 3196 1102 3262 concessimus
1125 3197 1159 3260 in
1182 3194 1355 3262 elimosina
1381 3204 1498 3261 nostra
1521 3207 1702 3262 memorato
1731 3198 1804 3262 viro
1827 3197 2020 3282 venerabili,
2050 3207 2087 3262 ut
2109 3207 2228 3284 superz
2256 3221 2320 3264 ser-

668 3303 796 3366 vientes
825 3303 891 3365 iam
914 3301 1004 3365 fatae
1033 3298 1191 3366 ecclesiae
1214 3300 1476 3366 mansionaticos
1505 3300 1559 3366 vel
1588 3301 1736 3366 foderum
1766 3299 1876 3366 nullus
1904 3300 2026 3366 audeat
2054 3300 2235 3387 prendere¹²
2263 3311 2322 3367 aut

669 3415 825 3471 exactare
848 3404 915 3470 ullo
932 3426 1089 3490 umquam
1112 3412 1270 3490 tempore,
1295 3414 1434 3490 excepto
1460 3406 1487 3470 si
1511 3402 1688 3489 eveneritl’,
1714 3404 1802 3492 quod
1820 3426 1880 3470 nos
1903 3405 1966 3492 ipsi
1988 3414 2047 3470 eut
2069 3405 2209 3471 dilectus
2231 3405 2318 3471 lilius
2341 3423 2375 3472 ιι

668 3517 782 3574 noster
797 3509 957 3594 Pippinus
980 3506 1032 3572 vel
1055 3507 1166 3593 regale
1181 3507 1383 3592 presidium⁸
1405 3519 1539 3595 propter
1561 3509 1797 3596 impedimenta
1820 3509 2030 3575 inimicorum
2052 3509 2201 3595 partibus
2217 3510 2318 3574 Foro·

667 3609 884 3678 iuliensibus⁶
910 3620 969 3676 aut
997 3614 1030 3677 in
1054 3612 1118 3677 fine
1140 3612 1328 3677 'l'arvisiani
1357 3613 1568 3695 advenerint;
1606 3622 1683 3678 tunc
1715 3623 1850 3700 propter
1878 3614 2085 3680 necessitatis
2108 3636 2255 3698 causam,
2290 3616 2318 3680 si

668 3718 871 3803 contigerit·,
893 3717 1084 3782 mansiones
1107 3715 1256 3782 homines
1280 3717 1383 3781 nostri
1407 3715 1529 3782 ibidem
1554 3717 1738 3804 accipiant,
1761 3720 1794 3782 in
1817 3717 1943 3804 reliquo
1966 3741 2055 3793 vero,
2081 3720 2107 3783 si
2130 3721 2163 3784 in
2186 3719 2319 3785 Verona

668 3831 701 3886 et
724 3821 902 3887 Vincentia
917 3829 1016 3908 atque
1037 3822 1072 3885 in
1087 3820 1292 3907 longioribus
1308 3821 1430 3887 tinibus
1445 3821 1639 3906 resederint,
1662 3833 1815 3908 utsupra
1837 3822 1896 3887 fati
1917 3845 2041 3906 sumus,
2066 3826 2321 3910 omnitempore

668 3947 728 4011 pro
752 3924 913 3990 mercedis
936 3935 1070 3991 nostrae
1087 3923 1282 4011 augmento'
1302 3927 1362 3992 fiat
1376 3926 1540 3992 indultum
1563 3936 1662 4013 atque
1678 3947 1882 3992 concessum.
1912 3926 1956 3992 Ει
1971 3939 2008 3991 ut
2030 3927 2112 3992 haec
2135 3929 2318 3993 auctoritas
2340 3944 2374 3994 ιο

668 4031 812 4095 firmior⁸
833 4028 997 4095 habeatur
1026 4039 1060 4095 et
1082 4030 1244 4095 diuturnis
1273 4031 1477 4117 temporibus
1506 4030 1624 4096 melius
1652 4041 1875 4104 conservetur,
1910 4052 2010 4096 manu
2036 4032 2173 4118 propria
2207 4029 2319 4096 subter

668 4135 870 4200 firmavimus
893 4143 926 4199 et
949 4134 989 4199 de
1013 4133 1113 4199 anulo
1137 4143 1250 4199 nostro
1276 4133 1412 4220 sigillari
1436 4135 1604 4200 iussimus.

771 4269 883 4337 Detal
910 4272 1015 4358 pridie
1043 4293 1150 4338 nonas
1178 4275 1310 4358 augusti
1339 4288 1426 4339 enno
1450 4292 1554 4339 xxnu
1587 4283 1620 4340 et
1647 4295 1732 4339 nono
1763 4274 1890 4340 decimo
1918 4275 2010 4360 regni
2040 4272 2159 4357 nostri,
2205 4283 2317 4340 actum

668 4376 907 4462 Reganesburg
928 4376 1052 4464 palatio
1075 4376 1225 4463 publioo;
1247 4380 1281 4441 in
1305 4377 1356 4443 dei
1380 4379 1513 4444 nomine
1535 4378 1676 4444 feliciter
1700 4399 1806 4443 amen.

1457 4739 1542 4814 175.
2341 4768 2373 4816 ss

666 4896 763 4968 Kurl
789 4898 853 4969 der
884 4895 1012 4969 Grcsse
1045 4897 1203 4989 bestdtiqt
1235 4899 1299 4970 der
1325 4897 1458 4970 Kirclsc
1489 4922 1555 4971 ocu
1582 4896 1743 4990 Aquilo
1746 4902 1798 4988 jo
1831 4902 1898 4971 deu
1926 4901 2046 4972 Besits
2072 4903 2147 4974 uod
2173 4903 2318 4976 cerleibt

668 5018 892 5090 Immuuitc'it.

1796 5126 1990 5200 Recensum
2014 5132 2078 5189 792
2100 5127 2220 5203 surus
2244 5132 2274 5190 4.

773 5313 1098 5373 Notariutstrunssumt
1127 5330 1183 5371 son
1212 5315 1296 5374 1195
1319 5315 1390 5373 Dec.
1414 5317 1437 5375 2
1465 5313 1656 5391 (Perpamous
1678 5315 1828 5375 Friulcue
1850 5317 1923 5375 In⁰
1937 5313 1970 5396 1)
1999 5319 2031 5376 tu
2060 5319 2112 5376 dor
2140 5319 2319 5378 sludts'sclrco

770 5417 941 5498 Βιιιιοιιιει
962 5434 1003 5475 su
1031 5418 1127 5478 Udiue
1149 5417 1214 5495 (B).
1266 5407 1271 5413 ⁴
2340 5438 2374 5487 so

745 5604 804 5659 174.
823 5603 849 5666 o)
863 5618 1006 5669 regnorum
1019 5610 1170 5655 nostrorum
1183 5603 1210 5656 Β
1279 5605 1307 5671 (ι)
1319 5606 1521 5673 Aquilegiensis
1535 5604 1563 5669 0,
1577 5607 1768 5674 Aquilegcnsis
1780 5608 1811 5662 D
1881 5609 1905 5674 s)
1917 5607 1986 5674 fehlt
1998 5609 2025 5662 Β
2094 5610 2116 5677 ι)
2128 5611 2253 5662 videntur
2267 5609 2317 5663 01)

821 5674 849 5739 g)
867 5679 957 5723 nostro
976 5672 1032 5724 tilio
1052 5671 1075 5725 0
1158 5674 1188 5741 h)
1205 5681 1297 5740 aptum
1315 5674 1343 5727 Β
1424 5678 1444 5740 ι)
1462 5676 1597 5726 voluerint
1616 5675 1696 5729 1301)
1775 5679 1804 5744 ιι)
1823 5682 1952 5745 premissa
1975 5679 1997 5733 0
2078 5680 2098 5744 ι)
2117 5681 2246 5731 baberent
2265 5678 2317 5733 01)

821 5741 858 5808 ιιι)
877 5743 1024 5793 servientes
1042 5741 1070 5794 B
1139 5743 1168 5810 u)
1186 5743 1225 5793 ibi
1244 5742 1271 5795 Β
1341 5745 1367 5811 ο)
1384 5751 1432 5796 aut
1450 5743 1477 5796 B
1547 5748 1574 5812 p)
1592 5747 1698 5812 quando
1717 5746 1744 5797 Β
1815 5747 1842 5814 q)
1860 5749 2021 5799 Histriensis
2040 5748 2079 5814 1),
2099 5750 2273 5800 istriensibus
2291 5749 2319 5801 Β

821 5812 844 5875 r)
861 5810 947 5861 ullam
965 5810 988 5862 0
1055 5811 1080 5878 s)
1097 5813 1262 5864 transolvere
1281 5811 1361 5867 BCD
1432 5815 1452 5878 ι)
1471 5815 1579 5866 domino
1597 5814 1765 5868 famularet)
1831 5818 1860 5882 ιι)
1880 5820 1987 5869 tertiam
2007 5816 2058 5872 01)
2129 5818 2156 5884 v)
2174 5817 2244 5882 sebit
2264 5817 2315 5871 OD

819 5880 855 5945 w)
873 5895 976 5930 sacrum
995 5878 1054 5932 BD
1132 5882 1160 5948 x)
1177 5885 1307 5947 premissa
1325 5882 1352 5935 Β
1421 5883 1450 5950 y)
1468 5885 1656 5936 inconcussum
1674 5883 1701 5936 B
1784 5885 1809 5951 a)
1828 5903 1908 5953 supra
1926 5885 1978 5939 Bo
2063 5887 2090 5954 a)
2108 5889 2231 5953 prindere
2254 5886 2314 5952 OD,
2338 5889 2371 5936 46

820 5949 960 6015 providero
978 5947 1005 6000 Β
1074 5949 1103 6015 b)
1120 5953 1225 6002 venerit
1243 5950 1324 6004 1301)
1404 5954 1430 6014 c)
1448 5953 1583 6004 residuum
1602 5951 1632 6006 D
1706 5954 1734 6018 d)
1751 5955 1946 6006 Foroiuliensis
1965 5954 1994 6019 0,
2013 5957 2199 6008 Foroiuleusls
2217 5955 2248 6009 D

817 6017 843 6080 e)
861 6020 1026 6083 contingerit
1044 6016 1067 6070 0
1168 6021 1191 6087 ι)
1210 6027 1383 6088 augmentum
1402 6019 1454 6073 ΒΟ
1556 6024 1584 6088 g)
1602 6022 1713 6074 firmiter
1730 6023 1758 6075 Β
1862 6025 1890 6087 ιι)
1909 6025 1980 6076 fucta
1999 6024 2090 6078 BCD.
