5642 7159
682 765 748 829 276
1296 766 1717 828 Ktrsnuuuuuuuuu.

682 954 768 1019 liciis
797 955 925 1038 campis
949 954 1073 1038 pratis·
1102 953 1194 1018 silvis
1218 949 1375 1038 pascuisl>
1403 954 1498 1038 aquis
1526 974 1753 1040 aquarumque
1777 953 1970 1019 decursibus
1995 954 2190 1020 mobilibus⁰
2221 964 2255 1019 et
2285 956 2334 1018 in-

682 1055 870 1140 mobilibus,
905 1057 1061 1143 quicquid
1082 1057 1127 1122 ad
1154 1056 1283 1143 ipsamd
1306 1056 1480 1123 ecclesiam
1509 1059 1651 1145 pertinet
1677 1058 1730 1124 vel
1759 1067 2057 1145 quantumcumque
2087 1061 2121 1124 in
2148 1060 2222 1147 ipsa
2251 1057 2336 1124 villa

682 1161 909 1228 habererisus
925 1168 1024 1226 estet
1046 1163 1117 1226 eius
1134 1161 1214 1227 inibi
1230 1162 1447 1227 videturesse
1469 1163 1638 1247 possessio
1654 1162 1705 1226 vel
1722 1163 1912 1246 dominatio,
1936 1171 1969 1228 et
1984 1163 2157 1243 decimam,
2182 1163 2272 1249 qnod
2290 1162 2334 1227 de

683 1266 787 1332 tribus
810 1265 899 1331 villis
922 1269 1012 1332 exire
1036 1265 1144 1349 debet,
1179 1267 1214 1332 id
1236 1276 1287 1332 est
1309 1265 1350 1331 de
1373 1268 1598 1353 suprascripta
1628 1266 1707 1332 villa
1730 1266 1943 1333 Fridunbach
1971 1276 2003 1332 et
2027 1266 2275 1352 Autgausisoua
2301 1275 2335 1331 et

683 1369 1003 1436 Uualtmannisona⁰
1030 1379 1171 1455 excepto
1200 1370 1258 1434 illa
1287 1371 1469 1456 mancipia,
1507 1367 1636 1455 [quael‘
1661 1371 1844 1436 reservavit
1877 1371 2029 1458 partibus
2060 1373 2166 1435 sancti
2193 1370 2333 1456 Kyliani
2360 1388 2378 1434 5

683 1475 847 1559 martyris.
882 1473 1041 1540 Similiter
1063 1484 1095 1539 et
1118 1475 1152 1539 in
1175 1475 1433 1560 conpensatione
1455 1471 1552 1539 huius
1575 1475 1683 1540 meriti
1705 1475 1797 1541 dedit
1819 1475 1884 1540 iarn
1907 1475 2014 1541 dictus
2038 1474 2204 1541 Audulfus
2228 1475 2334 1539 comis

682 1586 762 1664 per¹
783 1586 931 1642 nostrum
954 1577 1132 1642 comiatum
1156 1576 1196 1643 de
1219 1579 1288 1642 eius
1312 1576 1467 1643 benefitio
1492 1578 1717 1664 suprascripto
1741 1580 1810 1642 viro
1835 1577 2040 1664 Agiluuardo
2064 1576 2242 1644 venerabili
2265 1579 2334 1664 epi·

684 1704 785 1767 scopo
809 1692 842 1747 et
864 1683 934 1747 eins
949 1683 1205 1768 congregatione
1227 1682 1271 1748 ad
1294 1692 1422 1770 partem
1438 1682 1599 1748 ecclesiae
1622 1705 1702 1749 suae
1717 1681 2056 1768 Uuiraiburgensinm,
2081 1690 2234 1769 quaeest
2256 1702 2334 1746 con-

683 1795 810 1852 structa
833 1788 872 1859 ,in
894 1785 1019 1853 honore
1047 1788 1154 1852 sancti
1179 1786 1372 1862 Salvatoris,
1407 1786 1549 1852 eeclesia
1573 1809 1639 1852 una
1661 1789 1694 1852 in
1717 1807 1803 1873 pago
1827 1785 2029 1872 Dubragaoe
2058 1787 2091 1850 in
2118 1785 2208 1868 villa,
2237 1785 2334 1851 cuius

683 1890 882 1956 vocabulum
906 1900 957 1956 est
979 1890 1088 1965 Scilla,
1113 1912 1212 1977 super
1233 1891 1367 1956 fluvium
1391 1913 1476 1978 quae
1498 1901 1639 1956 vocatur
1663 1889 1760 1955 simili
1782 1890 1881 1956 modo
1906 1889 2016 1972 Scilla,
2048 1913 2113 1954 una
2135 1913 2209 1955 cum
2234 1890 2332 1955 terris
2363 1906 2398 1954 tc

683 1994 835 2061 domibus
858 1995 1018 2060 aedificiis
1041 1996 1167 2082 campis
1190 1995 1282 2060 silvis
1305 1998 1409 2082 pratis
1432 1999 1567 2082 pascuis
1590 1998 1684 2083 aquis
1708 2016 1936 2082 aquarumque
1961 1994 2154 2060 decursibus
2177 1993 2275 2060 cultis
2301 2003 2336 2058 et

683 2098 825 2184 incultis,
849 2109 883 2165 et
904 2100 938 2164 in
962 2099 1027 2165 alia
1043 2098 1124 2165 villa
1147 2122 1232 2186 quae
1254 2110 1393 2166 vocatur
1409 2099 1542 2185 Odinga
1564 2102 1597 2165 in
1616 2102 1689 2187 ipso
1713 2096 1823 2186 pago¹¹
1846 2098 1998 2164 domibus
2021 2098 2181 2163 aedificiis
2204 2098 2334 2183 campis

684 2203 776 2269 silvis
811 2204 915 2289 pratis
943 2205 1077 2290 pascuis
1112 2206 1207 2290 aquis
1237 2227 1463 2292 aquarumque
1497 2203 1690 2270 decursibus
1724 2202 1776 2268 vel
1810 2211 2112 2289 quantumcumque
2141 2199 2334 2266 Hundulfus

685 2305 852 2392 quondam
876 2307 908 2370 in
931 2307 1003 2393 ipso
1027 2309 1186 2373 comitatu
1210 2306 1357 2374 Audolfi¹
1379 2308 1470 2373 visus
1493 2310 1555 2373 fuit
1577 2307 1699 2373 habere
1722 2316 1755 2372 et
1776 2306 1863 2372 filius
1887 2307 1957 2372 eius
1981 2304 2147 2391 Agilulfus
2170 2304 2336 2391 presbiter

684 2410 793 2475 adhuc
816 2409 938 2476 habere
960 2411 1053 2476 visus
1078 2422 1139 2478 est.
1184 2412 1281 2479 Unde
1304 2421 1337 2478 et
1361 2413 1443 2480 duas
1467 2413 1740 2479 commutationes
1764 2411 1835 2497 pari
1863 2419 1976 2476 tenore
2000 2409 2204 2496 conscriptas
2227 2410 2333 2474 mani·
2363 2427 2396 2473 15

684 2515 812 2600 busque
834 2515 996 2581 bonorum
1019 2517 1188 2583 hominum
1205 2517 1378 2582 roboratas
1401 2517 1497 2584 nobis
1515 2517 1728 2583 ostenderunt
1750 2515 1794 2580 ad
1809 2513 2031 2599 relegendum,
2055 2514 2114 2579 sed
2130 2536 2188 2601 pro
2204 2515 2335 2599 integra

684 2619 838 2684 firmitate
861 2620 1026 2705 petierunt
1047 2619 1233 2703 celsitudini
1256 2630 1399 2704 nostrae,
1434 2630 1470 2687 ut
1493 2623 1526 2686 in
1550 2621 1756 2706 aelymosina
1785 2628 1901 2685 nostra
1923 2640 1982 2704 per
2009 2626 2157 2684 nostrum
2180 2617 2349 2682 mansue?

685 2722 807 2789 tudinis
830 2733 1043 2810 praeceptum
1067 2726 1158 2810 ipsas
1182 2727 1457 2792 commutationes
1483 2726 1589 2792 denuo
1613 2725 1807 2791 confirmare
1831 2722 2035 2789 deberemus.
2083 2719 2253 2804 Quoruml
2274 2744 2333 2808 pe·

685 2828 833 2892 titionem
856 2828 1021 2913 denegare
1049 2828 1224 2913 noluimus,
1260 2829 1318 2896 sed
1346 2853 1405 2918 pro
1429 2831 1595 2896 firmitatis
1625 2829 1734 2895 studio
1759 2852 1817 2894 seu
1846 2850 1904 2914 pro
1927 2826 2088 2894 mercedis
2116 2836 2229 2892 nostre
2252 2848 2333 2910 aug·

685 2941 794 2997 mento
824 2933 872 2997 ita
895 2932 1099 2999 concessisse
1127 2942 1227 3020 atque
1250 2936 1283 2999 in
1312 2935 1464 3001 omnibus
1487 2936 1701 3001 confirmasse
1731 2934 1933 3019 cognoscite.
1978 2932 2220 3017 Praecipientes
2254 2952 2332 3016 ergo
2358 2947 2395 2995 ao

684 3034 844 3120 iubemus,
868 3044 904 3101 ut
925 3038 1093 3123 inspectas
1116 3037 1209 3124 ipsas
1233 3039 1507 3104 commutationes
1531 3037 1749 3123 manibusque
1771 3038 1933 3103 bonorum
1957 3036 2125 3102 hominum
2148 3034 2333 3114 roboratas,

685 3141 771 3204 sicut
798 3162 857 3225 per
886 3162 943 3206 eas
972 3141 1168 3224 declaratur,
1204 3142 1363 3228 quicquid
1389 3165 1469 3230 pars
1497 3142 1592 3208 alteri
1619 3164 1680 3228 pro
1709 3141 1882 3208 ambarum
1912 3142 2060 3228 parcium
2091 3139 2335 3226 oportunitates

684 3245 792 3310 iustae
816 3253 849 3309 et
863 3244 1104 3312 rationabiliter
1125 3246 1265 3312 contulit
1279 3247 1375 3333 parti,
1400 3247 1557 3332 deinceps
1573 3247 1643 3312 iure
1664 3246 1852 3312 firmissimo
1869 3268 1928 3332 per
1950 3243 2036 3310 hanc
2052 3253 2200 3310 nostram
2224 3252 2334 3308 aucto·

683 3347 791 3412 ritatis
814 3346 1056 3433 indulgentiam
1079 3358 1192 3414 teneat
1220 3359 1320 3436 atque
1349 3351 1527 3438 possedeat
1555 3351 1607 3416 vel
1637 3350 1793 3437 quicquid
1823 3349 1943 3416 exinde
1966 3350 2076 3416 facere
2104 3348 2256 3430 voluerit,
2291 3347 2336 3413 ad

684 3453 867 3538 profectum
884 3452 1037 3519 utilitatis
1060 3464 1172 3520 nostre
1187 3462 1254 3519 tam
1278 3455 1343 3540 ipsi
1360 3477 1525 3542 quamque
1548 3464 1581 3521 et
1597 3452 1821 3520 successores¹
1844 3474 1956 3518 eornm
1972 3452 2114 3518 liberum
2130 3452 2165 3515 in
2181 3449 2333 3515 omnibus
2358 3469 2393 3516 aa

684 3558 896 3644 perfruantur
918 3558 1098 3625 arbitrium.
1122 3558 1168 3623 Et
1189 3568 1227 3623 ut
1248 3558 1330 3624 haec
1353 3561 1535 3626 auctoritas
1558 3560 1682 3645 firmior
1705 3556 1867 3625 habeatur
1889 3555 1942 3621 vel
1964 3578 2023 3642 per
2045 3565 2195 3641 tempora
2216 3552 2336 3618 melius

642 3688 643 3692 ¹
685 3671 908 3745 conservetur,
933 3661 973 3727 de
996 3661 1095 3728 anulo
1118 3673 1233 3727 nostro
1258 3662 1370 3728 subter
1393 3664 1539 3749 sigillare
1561 3665 1727 3729 iussimus.

790 3805 846 3882 (0.)
880 3802 894 3886 ᾖ
928 3800 1082 3867 Aldricus
1112 3801 1263 3868 advicem
1290 3802 1493 3869 Ercanbaldi
1520 3801 1788 3889 recognovisti
1816 3805 1884 3880 (su
1900 3805 1978 3866 NT.:
2013 3801 2155 3862 Aldriras
2177 3801 2286 3874 scripsi
2309 3805 2336 3858 ct
2363 3874 2367 3879 .

684 3911 865 3983 senserese-
888 3909 1087 3970 nueeoauus
1110 3911 1264 3984 epscopus
1287 3912 1332 3970 rra
1354 3911 1509 3986 armar).
1541 3912 1598 3986 (st.
1624 3909 1665 3986 1.)
1782 3871 1788 3883 ⁸

788 4050 846 4125 (0.)
868 4046 959 4111 Data
976 4063 1026 4109 vn
1048 4046 1091 4111 id.
1110 4054 1241 4131 august.
1265 4068 1352 4111 anno
1369 4065 1418 4110 vu
1435 4044 1565 4112 Christo
1585 4047 1728 4132 propitio
1745 4045 1872 4130 imperii
1895 4044 1999 4108 nostri
2018 4051 2052 4108 et
2066 4058 2217 4105 xxxvuu
2240 4039 2334 4125 regni
2359 4056 2394 4104 30

685 4152 787 4215 nostri
809 4151 843 4214 in
865 4150 1007 4216 Francia
1030 4160 1129 4236 atque
1152 4167 1282 4214 xxxnn
1304 4151 1338 4214 in
1362 4150 1469 4224 Italia,
1492 4149 1671 4214 indictione
1694 4167 1789 4230 xr1113
1818 4158 1928 4214 actum
1951 4145 2184 4232 Inghilinhaim
2208 4143 2333 4230 palatio

686 4263 817 4338 nostr03
839 4255 873 4319 in
897 4254 949 4319 dei
971 4255 1103 4320 nomine
1126 4253 1266 4319 feliciter
1288 4276 1395 4318 amen.

1472 4579 1559 4654 207:

686 4741 781 4812 Kcrl
808 4743 872 4813 der
902 4740 1030 4813 Grosse
1063 4741 1201 4812 schenkl
1229 4742 1292 4812 dar
1318 4741 1450 4811 Kr'relre
1483 4764 1549 4812 noa
1576 4739 1795 4813 Piscenae
1829 4743 1885 4812 dic
1917 4738 2226 4830 Gerirlrtscbpabec
2261 4742 2337 4811 uad

686 4862 782 4934 Zo‘lle
808 4886 874 4935 eoa
900 4863 1012 4934 r'lrrem
1042 4862 1126 4950 Hos
1151 4862 1320 4937 Gestar-o.
2360 4875 2396 4924 ss

1919 4963 2039 5023 Aaolrea
2062 4967 2125 5024 808
2148 4964 2216 5022 Mei
2237 4966 2290 5025 26.

788 5157 982 5231 Aapebla'elres
1009 5157 1146 5231 Oripr'aal
1168 5159 1218 5218 des
1241 5161 1293 5218 10.
1318 5159 1370 5218 Jt.
1394 5161 1437 5216 im
1460 5158 1675 5232 buchdflr'clrea
1697 5157 1807 5216 Archiv
1828 5175 1869 5214 ru
1890 5156 2040 5215 Pisoraca
2063 5151 2130 5232 (A).

789 5298 900 5371 Campi
921 5298 1009 5359 Delta
1031 5299 1158 5358 historia
1186 5299 1219 5356 di
1240 5299 1389 5357 Piscenae
1411 5304 1441 5370 1,
1473 5301 1534 5359 455
1558 5304 1627 5358 rr⁰3
1657 5316 1693 5357 ec
1715 5296 1794 5357 arch.
1819 5295 1948 5354 cathedr.
1977 5293 2108 5352 Placent.
2135 5290 2188 5372 (A)
2221 5315 2260 5345 =
2289 5292 2335 5351 Iar

790 5403 896 5462 Oointe
917 5403 998 5461 Arm,
1023 5407 1052 5474 7,
1077 5406 1139 5463 199
1161 5421 1203 5461 aa
1225 5405 1289 5463 808
1310 5409 1344 5461 n⁰
1366 5407 1418 5474 17,
1448 5426 1489 5458 =
1523 5403 1695 5476 Coppelletti
1719 5396 2117 5468 Gletescd’ltclia15,17.
2142 5428 2182 5439 -
2222 5395 2338 5469 Uetere·

789 5507 883 5566 Italia
910 5524 996 5566 sama
1018 5510 1047 5579 5,
1077 5507 1158 5580 App.
1183 5510 1277 5578 1552,
1300 5511 1332 5568 2.
1357 5508 1400 5567 ed.
1425 5512 1456 5576 2,
1487 5511 1549 5568 199
1573 5512 1607 5565 n⁰
1626 5509 1668 5566 24
1697 5522 1733 5563 ec
1761 5505 1841 5565 arch.
1865 5520 1967 5562 ceaou.
1996 5501 2127 5560 Placeat.
2159 5497 2247 5577 (nach
2275 5499 2336 5558 Ab·
2361 5516 2398 5563 4ο

788 5610 897 5683 schrift
921 5609 1055 5688 Campis)
1080 5634 1122 5666 =
1144 5611 1248 5685 Mipae
1270 5612 1383 5671 Patrol.
1408 5616 1459 5682 97,
1485 5614 1569 5671 1036
1591 5617 1625 5669 a⁰
1639 5615 1691 5671 24.
1717 5642 1758 5651 -
1781 5608 1975 5667 Mrtlrlbaclrer
1998 5607 2071 5679 Rep.
2096 5607 2159 5664 436
2183 5603 2282 5680 (423).

762 5796 822 5852 206.
843 5797 868 5863 ιι)
887 5800 983 5864 pratris
1002 5799 1029 5849 A
1118 5797 1145 5863 b)
1162 5799 1280 5863 pascuiis
1299 5797 1325 5848 A
1412 5797 1438 5862 c)
1456 5796 1549 5846 mobili
1568 5797 1595 5847 A
1681 5794 1708 5859 d)
1726 5795 1736 5843 i
1755 5806 1809 5844 aas
1827 5808 1842 5843 e
1860 5806 1932 5845 corr.
2013 5791 2039 5855 e)
2058 5789 2111 5841 das
2130 5789 2225 5842 swelle
2244 5807 2261 5840 n
2281 5792 2340 5852 aas

840 5866 939 5920 Rusur
1008 5867 1137 5927 odurcb
1157 5867 1202 5918 eia
1219 5865 1354 5919 Veraelrea
1373 5864 1421 5917 des
1442 5863 1599 5917 Schreibers
1618 5862 1799 5932 uusqelussea
1869 5863 1896 5928 g)
1915 5859 1972 5924 aas
1988 5858 2087 5912 Rasur
2105 5874 2158 5912 verr
2177 5858 2227 5912 der
2243 5857 2337 5913 Hand

840 5935 888 5989 dec
907 5937 1068 5990 Correctore
1149 5937 1178 6001 h)
1195 5950 1224 5989 es
1243 5934 1312 6000 fehlt
1331 5935 1385 5987 das
1406 5933 1605 6000 Tuasclsobject
1624 5933 1675 5985 mit
1694 5931 1754 5984 dara
1772 5930 1832 5984 siclt
1851 5927 2094 5984 arreclrliesseadea
2113 5945 2168 5980 una
2185 5945 2246 5980 cum

840 6007 860 6070 i)
878 6024 896 6057 n
914 6007 971 6071 aas
986 6007 1084 6060 ltasar
1154 6007 1183 6067 k)
1202 6003 1260 6069 auf
1274 6005 1374 6058 Rusar
1391 6019 1446 6057 veo
1465 6003 1514 6056 der
1533 6002 1623 6055 Hand
1642 6002 1690 6054 dee
1711 6001 1870 6054 Correctors
1949 6000 1969 6063 l)
1988 6013 2058 6051 corr.
2078 6013 2131 6051 aus
2150 6013 2335 6050 successorum
2360 6003 2397 6050 45

841 6078 870 6141 (u
889 6077 940 6128 mit
959 6075 1242 6143 Karzaapszciclrea).
