5642 7159
700 768 764 831 386
1310 763 1737 827 KAISERURKUNDEN.

805 961 841 1038 (c.
865 958 919 1033 11)
954 958 1018 1017 und
1045 959 1133 1016 letters
1161 959 1204 1016 sic
1236 959 1291 1015 mit
1320 956 1373 1016 der
1395 955 1584 1027 Bemerkuny
1615 955 1674 1026 eta,
1708 954 1777 1013 dues
1805 954 1854 1013 die
1884 953 2025 1013 Neaition
2051 954 2117 1013 und
2152 954 2306 1013 Zelrnten
2338 950 2389 1009 ale

801 1063 908 1123 oblatio
935 1063 1060 1126 fidelium
1087 1066 1206 1134 pemdss
1239 1061 1293 1119 der
1321 1061 1515 1119 canonisolien
1537 1059 1674 1131 Satanae
1707 1076 1769 1118 our
1796 1058 1854 1117 den
1883 1057 2047 1129 Biscbofen
2074 1060 2142 1118 und
2175 1058 2389 1120 Geistlichen

800 1168 935 1241 pedores,
959 1168 1039 1225 uiolet
1062 1165 1119 1222 den
1141 1164 1248 1234 Inicit,
1273 1164 1321 1223 die
1343 1164 1437 1223 durch
1460 1164 1549 1222 deren
1565 1163 1669 1237 Beruy
1691 1164 1757 1222 dem
1772 1164 1863 1222 Banu
1885 1161 2030 1235 versellan
2052 1164 2194 1234 roitrdem
2224 1162 2302 1222 aad
2328 1161 2389 1219 der

810 1271 975 1343 Warnsmp,
999 1271 1073 1329 uber
1095 1269 1195 1326 diesen
1216 1268 1366 1327 irdisclren
1389 1269 1509 1341 Dinqen
1529 1268 1609 1325 reiciet
1633 1268 1687 1325 dos
1711 1268 1798 1339 ewipe
1820 1266 1920 1326 Leton
1942 1268 2153 1328 eineabttsserv.

803 1441 840 1506 In
865 1440 997 1506 nomine
1020 1440 1124 1527 patris
1148 1450 1181 1506 et
1203 1440 1261 1505 filii
1286 1450 1319 1505 et
1341 1440 1477 1525 spiritus
1501 1438 1618 1502 sancti.
1653 1436 1798 1502 Karolns
1815 1438 2041 1503 serenissimus
2065 1446 2243 1523 augustus
2270 1435 2383 1500 adeo
2408 1452 2425 1499 e

699 1555 877 1612 coronatus
901 1567 1041 1632 magnus
1065 1555 1097 1610 et
1120 1546 1281 1632 pacificus
1304 1546 1486 1629 imperator
1508 1543 1702 1608 Romanum.
1718 1540 1906 1627 gubernans
1930 1542 2113 1628 imperium,
2152 1542 2216 1627 qui
2243 1549 2281 1605 et
2318 1562 2384 1625 per

699 1648 960 1715 misericordiam
984 1648 1034 1714 dei
1058 1672 1118 1714 rex
1133 1650 1338 1714 Francorum
1362 1658 1462 1734 etque
1486 1644 1795 1731 Longobardorum.
1902 1645 1936 1711 Si
1961 1646 2116 1732 precibus
2142 1644 2381 1711 sacerdotum

698 1775 738 1818 ac
755 1775 923 1818 servorum
949 1753 1000 1817 dei
1017 1752 1159 1818 libenter
1183 1775 1295 1818 aurem
1318 1752 1613 1817 accommodamus
1638 1751 1736 1817 etad
1759 1752 1974 1816 ministerium
1992 1772 2104 1816 eorum
2120 1747 2379 1835 exequendum

698 1859 859 1924 auxilium
890 1868 1088 1945 prestamus,
1122 1859 1186 1925 hoc
1213 1858 1307 1924 nobis
1331 1858 1447 1944 procul
1471 1857 1572 1923 dubio
1597 1858 1639 1923 ad
1664 1867 1786 1923 statum
1814 1857 1906 1941 regni
1936 1852 2232 1921 corroborandum
2264 1862 2303 1917 ct
2330 1850 2379 1915 ad

698 1974 808 2049 eterne
837 1965 902 2049 vite
931 1962 1173 2029 beatitudinem
1204 1962 1451 2048 adipiscendam
1481 1963 1688 2048 profuturum
1718 1984 1789 2026 esse
1818 1960 1995 2025 oredimus.
2040 1960 2167 2024 Iccirco
2203 1956 2375 2023 omnibus
2403 1974 2435 2021 ro

697 2067 851 2132 fidelibus
876 2077 989 2152 sancte
1014 2068 1066 2132 dei
1091 2066 1251 2151 aecclesie
1280 2076 1314 2131 et
1337 2068 1459 2131 nostris
1485 2076 1553 2131 tam
1584 2065 1792 2152 presentibus
1817 2086 1915 2150 quam
1939 2073 1972 2129 et
1999 2063 2116 2128 futuris
2139 2072 2266 2127 notum
2295 2084 2378 2127 esse

697 2171 860 2253 volumus,
885 2173 973 2258 quia,
997 2193 1073 2237 cum
1096 2173 1131 2235 in
1147 2171 1199 2236 dei
1222 2172 1352 2235 nomine
1367 2190 1429 2235 nos
1453 2172 1485 2234 in
1504 2171 1608 2256 Aquis
1632 2170 1761 2256 palacio
1778 2178 1890 2235 nostro
1915 2168 1959 2233 ad
1979 2170 2212 2233 universorum
2239 2190 2377 2233 causas

698 2275 880 2341 audiendas
907 2274 960 2339 vel
991 2285 1081 2340 recta
1115 2275 1238 2340 iudicia
1268 2274 1476 2340 terminanda
1505 2275 1736 2357 resideremus,
1773 2272 1964 2338 sacerdotes
1994 2281 2027 2337 et
2060 2272 2217 2337 canonici
2248 2272 2374 2337 clerici

700 2381 806 2444 sancti
831 2378 984 2445 Gervasii
1009 2379 1078 2444 sive
1102 2378 1153 2444 dei
1179 2380 1265 2444 servi
1290 2379 1330 2444 de
1350 2377 1596 2444 Oenomannica
1620 2378 1700 2443 urbe
1724 2401 1799 2443 oum
1823 2400 1989 2445 consensu
2018 2388 2051 2443 et
2072 2378 2212 2443 lieentia
2235 2377 2373 2462 Ioseph*

698 2506 812 2549 eorum
835 2482 1079 2568 metropolitani
1103 2505 1142 2549 ac
1165 2485 1286 2569 proprii
1310 2484 1689 2569 pontificissFranoonis,
1714 2482 1862 2569 predicte
1876 2482 1969 2548 urbis
1993 2484 2150 2569 episcopi,
2177 2484 2252 2548 sive
2272 2492 2367 2548 cete·
2394 2500 2426 2545 15

698 2610 809 2654 rorum
832 2586 1150 2672 conprovincialium
1173 2589 1405 2674 episcoporum
1434 2589 1467 2651 in
1491 2598 1637 2653 nostram
1662 2587 1867 2653 advenerunt
1894 2588 2094 2673 presentiam
2118 2596 2152 2652 et
2174 2587 2367 2672 conquesti

701 2702 786 2774 sunt,
818 2691 906 2778 quod
929 2713 1035 2756 nonas
1058 2702 1092 2757 et
1114 2691 1259 2757 decimas
1283 2694 1352 2756 sive
1376 2713 1505 2774 census,
1535 2691 1622 2757 unde
1645 2691 1850 2757 necessarios
1874 2701 2023 2777 sumptus
2047 2690 2170 2756 habere
2196 2690 2364 2773 debcant,

698 2795 813 2861 fideles
837 2797 952 2877 nostri,
977 2797 1032 2882 qui
1053 2818 1107 2861 res
1132 2799 1236 2861 sancti
1255 2797 1407 2862 Gervasii
1424 2796 1636 2862 beneficiario
1660 2820 1793 2862 munere
1810 2795 2035 2883 possidebant,
2059 2803 2117 2860 ent
2139 2796 2365 2882 neclegenter

699 2898 924 2985 persolverent
947 2908 1006 2963 aut
1020 2899 1150 2985 penitus
1173 2899 1310 2965 reddere
1327 2899 1494 2965 differrent
1503 2908 1527 2964 ⁸.
1551 2900 1789 2987 Pecieruntque
1805 2924 1845 2966 ac
1869 2901 2062 2987 suppliciter
2077 2898 2249 2985 deprecati
2269 2909 2362 2979 sunt,

698 3014 734 3068 ut
750 3013 866 3069 nostra
882 3002 1061 3088 imperialis
1085 3010 1235 3087 potestas
1253 3004 1406 3085 efficeret,
1433 3005 1572 3091 qualiter
1588 3004 1629 3070 de
1646 3005 1773 3071 hisdem
1790 3004 1888 3071 rebus
1906 3005 2032 3070 decime
2048 3013 2082 3069 et
2095 3025 2182 3067 none
2199 3002 2364 3089 partibus
2389 3019 2422 3066 20

697 3109 880 3194 prescripto
895 3107 1056 3191 aecclesie
1079 3107 1218 3193 pleniter
1234 3118 1267 3173 et
1288 3108 1417 3195 absque
1433 3109 1502 3174 ulla
1525 3109 1684 3175 dilatione
1700 3110 1966 3197 persolverentur
1987 3118 2021 3173 et
2034 3107 2188 3173 aedificia
2204 3106 2365 3173 eiusdem

699 3211 857 3296 aecclesie
881 3212 950 3276 sive
974 3210 1091 3276 domus
1116 3212 1316 3297 episcopalis
1339 3235 1380 3277 ac
1402 3214 1543 3279 fratrum
1568 3213 1648 3278 inibi
1673 3213 1733 3279 deo
1758 3214 1948 3301 degentium
1963 3213 2087 3278 refaote
2111 3221 2144 3277 et
2165 3220 2365 3277 restaurate

697 3316 823 3381 fierent.
868 3314 1009 3403 Insuper
1030 3316 1197 3382 humiliter
1224 3317 1416 3400 flagitantes
1447 3316 1709 3405 postulaverunt,
1743 3327 1780 3383 ut
1801 3317 1955 3383 villarum
1983 3318 2128 3393 nomina,
2163 3314 2363 3401 exquibus

697 3443 783 3486 none
806 3430 838 3485 et
862 3419 987 3486 decime
1010 3419 1054 3485 ad
1078 3420 1304 3505 supradictam
1321 3421 1519 3487 aecclesiam
1543 3421 1686 3507 persolvi
1704 3420 1834 3503 debent,
1859 3423 1892 3486 in
1914 3431 2024 3486 nostre
2047 3420 2259 3485 auctoritatis
2286 3442 2363 3503 pre·

697 3534 792 3612 cepto
809 3524 1002 3590 nominatim
1025 3523 1170 3589 adscribi
1187 3526 1460 3609 precepissemus,
1484 3548 1524 3589 ne
1540 3525 1652 3610 aliquo
1670 3524 1757 3590 malo
1774 3526 1904 3608 ingenio
1924 3533 1983 3590 aut
1999 3522 2145 3610 qualibet
2167 3521 2360 3588 calliditate
2385 3540 2417 3588 ιι

698 3639 755 3694 aut
777 3630 926 3714 potentia
949 3628 1089 3693 alicuius
1114 3627 1226 3693 divitis
1249 3628 1302 3694 vel
1326 3630 1470 3714 potentis
1494 3627 1534 3693 be
1557 3628 1634 3694 ville
1657 3628 1711 3693 vel
1733 3628 1773 3693 be
1795 3651 1848 3693 res
1872 3650 1893 3693 a
1915 3629 1986 3693 iure
2016 3625 2162 3691 eiusdem
2186 3627 2359 3712 aecclesie

698 3732 842 3798 alienate
864 3733 983 3797 futuris
1006 3732 1122 3798 fierent
1143 3731 1348 3818 temporibus
1372 3743 1430 3797 aut
1452 3754 1536 3797 none
1559 3731 1612 3797 vel
1636 3732 1761 3797 decime
1786 3732 1855 3797 sive
1878 3753 1996 3797 census
2013 3731 2065 3796 vel
2087 3732 2360 3796 restaurationes

698 3837 765 3901 iam
789 3836 875 3902 dicte
898 3836 1059 3921 aecclesie
1082 3833 1215 3902 ablate*
1238 3837 1308 3902 fieri
1332 3847 1478 3922 possent.
1515 3838 1661 3918 Quorum
1679 3836 1929 3923 deprecationes
1951 3846 2086 3922 propter
2108 3844 2279 3899 amorem⁰
2304 3834 2359 3900 dei

696 3939 838 4006 libenter
859 3939 1046 4004 audivimus
1063 3950 1105 4023 et,
1129 3942 1214 4006 sicut
1238 3941 1404 4025 deprecati
1423 3950 1509 4023 sunt,
1534 3942 1733 4006 monasteria
1748 3942 1800 4006 vel
1825 3940 1961 4006 cellulas
1979 3963 2037 4005 seu
2061 3939 2151 4004 vicos
2167 3938 2220 4004 vel
2244 3939 2358 4014 villas,

698 4068 780 4131 quas
803 4054 919 4109 nostra
941 4045 1117 4129 largitione
1140 4069 1182 4110 ex
1205 4046 1276 4109 iure
1299 4046 1426 4130 prefixe
1449 4046 1608 4129 aecclesie
1631 4047 1736 4109 nostri
1759 4045 1875 4110 fideles
1897 4044 2020 4110 habere
2043 4043 2274 4126 dinoscuntur,
2299 4068 2358 4110 no·
2384 4062 2417 4109 30

697 4148 845 4214 minatim
862 4149 895 4212 in
919 4149 982 4213 hoc
997 4158 1154 4235 precepto
1177 4150 1320 4213 inserere
1336 4150 1502 4229 iussimus,
1526 4158 1562 4213 ut
1578 4150 1699 4214 futuris
1723 4149 1926 4235 temporibus
1942 4150 1975 4214 in
1991 4150 2060 4213 iure
2077 4158 2110 4214 et
2126 4148 2361 4214 dominatione

698 4255 763 4319 iam
794 4253 882 4338 dicte
911 4252 1074 4337 aecclesie
1103 4275 1179 4319 cum
1211 4253 1299 4318 omni
1329 4253 1518 4336 integritate
1547 4262 1777 4338 permaneant:
1814 4253 1848 4319 id
1876 4250 1946 4319 est‘¹
1974 4253 2209 4318 monasterium
2246 4254 2360 4317 sancti

696 4357 794 4438 Petri,
826 4356 915 4441 quod
937 4357 1141 4421 Bertrannus
1165 4358 1340 4442 episcopus
1364 4355 1565 4438 aedificavit,
1595 4379 1670 4422 cum
1692 4357 1927 4424 monasteriolo
1950 4355 2002 4421 vel
2026 4353 2219 4421 sinodochio
2246 4358 2360 4421 sancti

696 4459 832 4525 Martini
854 4462 889 4524 in
912 4460 1112 4525 Ponteleua⁸
1135 4472 1167 4526 et
1189 4460 1428 4526 monasterium
1452 4462 1558 4524 sancti
1582 4460 1721 4525 Victorii
1730 4458 1749 4543 f,
1771 4463 1805 4525 in
1829 4482 1893 4548 quo
1918 4462 1989 4546 ipse
2013 4460 2153 4526 domnus
2176 4457 2359 4526 Victurius

695 4565 876 4650 requiescit
897 4567 931 4629 in
948 4587 1097 4650 corpore,
1121 4574 1154 4629 et
1168 4565 1406 4630 monasterium
1432 4573 1545 4628 sancte
1560 4564 1674 4647 Marie,
1699 4565 1788 4651 quod
1805 4574 1854 4629 est
1877 4572 2102 4629 constructum
2118 4564 2205 4628 intre
2222 4587 2360 4630 murum
2384 4583 2417 4631 35

695 4669 837 4733 civitatis
854 4677 887 4733 et
908 4668 1045 4733 fluvium
1062 4667 1168 4750 Sarte,
1192 4691 1267 4734 cum
1283 4670 1518 4735 monasteriolo
1545 4672 1651 4735 sancti
1668 4671 1802 4736 Ricmiri
1824 4669 1913 4734 ultra
1935 4669 2071 4733 fluvium
2090 4668 2185 4734 Sarte
2209 4667 2257 4733 ad
2283 4694 2362 4737 eum

695 4773 878 4858 pertinente
908 4782 941 4837 et
971 4774 1207 4837 monasterium
1240 4782 1351 4857 sancte
1375 4773 1558 4841 Scolastioe
1587 4785 1619 4839 et
1646 4774 1917 4839 monasteriolum
1949 4774 2054 4837 saneti
2080 4773 2239 4839 Germani
2267 4776 2362 4841 ultra

693 4876 831 4941 fluvium
848 4875 943 4941 Sarte
966 4886 999 4941 et
1015 4876 1286 4941 monasteriolum
1309 4878 1361 4942 vel
1379 4877 1607 4942 sinedochium
1625 4888 1738 4963 sancte
1754 4878 1868 4959 Marie,
1892 4878 2007 4964 inquo
2025 4877 2163 4943 domnus
2179 4876 2363 4945 Paduinus

694 4981 873 5067 requiescit
889 4982 920 5045 in
938 5002 1087 5066 corpore,
1112 4991 1144 5046 et
1159 4982 1430 5048 monasteriolum
1447 4984 1553 5048 sancti
1569 4982 1698 5065 Iuliani,
1722 4985 1756 5047 in
1772 5004 1836 5069 qno
1856 4984 1928 5069 ipso
1948 4982 2127 5068 requiescit
2149 4982 2183 5045 in
2200 5003 2364 5070 corpore,

698 5095 731 5151 et
754 5084 908 5150 cellulam
932 5073 1197 5149 sanotiVicturii
1219 5085 1308 5150 infra
1331 5087 1499 5150 civitatem
1524 5094 1556 5150 et
1578 5088 1812 5151 monasterium
1837 5089 1942 5152 sancti
1958 5086 2120 5168 Karilelli,
2143 5088 2265 5173 inquo
2289 5093 2366 5177 ipse
2390 5110 2426 5159 to

702 5190 842 5255 domnus
864 5190 1042 5275 requiescit
1064 5190 1097 5253 in
1122 5210 1269 5275 corpore,
1305 5199 1338 5254 et
1361 5192 1596 5254 monasterium
1627 5191 1733 5254 sancti
1757 5190 1892 5275 Georgii
1923 5200 1955 5255 et
1977 5190 2217 5256 monasterium
2239 5192 2365 5261 'rillidi

701 5302 733 5357 et
755 5294 994 5357 monasterium
1010 5293 1159 5357 Tuffiaoo
1184 5302 1217 5356 et
1236 5293 1509 5357 monasteriolum
1534 5294 1640 5357 sancti
1657 5293 1812 5359 Iohannis
1836 5305 1868 5359 et
1892 5296 1998 5360 sancti
2014 5294 2145 5361 Trecbii
2167 5296 2202 5359 in
2219 5295 2367 5364 Buxido

701 5405 734 5461 et
756 5395 1027 5460 monasteriolum
1054 5398 1159 5460 sancti
1183 5395 1316 5460 Martini
1339 5397 1372 5461 in
1396 5396 1607 5462 Diablentico
1631 5407 1663 5461 et
1685 5399 1922 5463 monasterium
1947 5406 2059 5482 sancte
2077 5398 2182 5481 Marie
2207 5398 2242 5463 in
2262 5400 2371 5469 Auri·

702 5521 786 5565 onno
811 5509 844 5565 et
867 5499 1138 5563 monasteriolum
1160 5499 1285 5564 Buxidi
1309 5508 1342 5565 et
1369 5500 1523 5566 cellulam
1548 5500 1744 5566 Scuviliaco.
1790 5502 1884 5567 Haeo
1909 5505 2028 5584 omnia,
2063 5503 2148 5566 sicut
2176 5501 2373 5590 diligenter

701 5604 893 5689 inquisitum
916 5601 1077 5668 babemus
1101 5624 1176 5668 cum
1202 5603 1355 5668 omnibus
1380 5603 1423 5668 ad
1447 5625 1481 5667 se
1505 5604 1743 5689 pertinentibus
1775 5615 1808 5669 et
1830 5606 1864 5669 in
1888 5606 2020 5690 scriptis
2047 5604 2231 5671 autenticis
2257 5610 2377 5678 sancti
2402 5628 2437 5677 ts

701 5706 855 5771 Gervasii
870 5707 1064 5788 invenimus,
1088 5706 1131 5771 ad
1147 5707 1329 5791 predictam
1354 5707 1549 5771 aecclesiam
1567 5709 1672 5772 sancti
1689 5707 1841 5774 Gervasii
1858 5712 1943 5773 iuste
1960 5718 1993 5773 et
2007 5707 2159 5791 legaliter
2174 5714 2374 5795 pertinent,

700 5810 754 5875 Ex
770 5809 890 5896 quibus
905 5807 1055 5874 iubentes
1071 5811 1283 5896 precipimus,
1299 5820 1336 5875 ut
1351 5810 1587 5876 festivitatibus
1602 5811 1734 5876 illorum
1753 5822 1953 5895 sanctorum,
1976 5814 2011 5877 in
2027 5833 2166 5897 quorum
2184 5825 2376 5892 memoriis

775 5996 835 6053 2⁰5.
854 5999 881 6063 ι)
897 6000 1033 6051 deferrent
1050 5997 1078 6051 B
1156 5999 1184 6061 b)
1202 6000 1299 6051 abbate
1317 5998 1345 6051 B
1412 6000 1438 6064 c)
1457 6014 1557 6049 morem
1575 5998 1602 6051 B
1680 6001 1710 6067 d)
1728 6002 1798 6051 idem
1816 5997 2069 6069 (aaspcscluiebeu)
2086 5997 2114 6050 B
2198 6002 2228 6068 e)
2248 6008 2335 6062 noch
2355 6028 2377 6061 u

853 6067 900 6120 ein
917 6069 1026 6120 aweites
1044 6084 1064 6118 ιι
1080 6066 1179 6119 radirt
1247 6070 1268 6133 f)
1286 6068 1392 6119 victuri
1408 6067 1436 6119 B
