5642 7159
650 754 713 820 216
1244 754 1694 816 KarsquRKunusn.
1794 753 1796 756 ’

649 959 777 1011 adversus
803 959 873 1009 hanc
894 964 1011 1010 nostram
1034 958 1198 1025 imperialem
1220 958 1415 1007 institutionem
1437 949 1498 1006 ire¹¹
1520 955 1690 1021 temptaverit
1711 959 1758 1005 aut
1780 970 1819 1018 ea,
1842 970 1895 1020 quq
1917 971 1999 1020 supra
2026 962 2231 1007 commemorata
2253 958 2295 1008 vel

650 1064 840 1130 comprehensa
861 1068 933 1126 sunt,
960 1065 1068 1114 minime
1091 1063 1241 1124 observare,
1269 1063 1334 1127 quin
1356 1062 1470 1112 fortasse
1498 1061 1600 1111 violare
1623 1066 1671 1111 aut
1698 1075 1820 1126 rumpere
1843 1063 2021 1126 temptaverit,
2053 1063 2120 1112 sciat
2142 1078 2170 1112 se
2199 1078 2296 1127 penam

648 1160 867 1233 persoluturum⁰
888 1168 1032 1218 abbatibus
1055 1169 1139 1232 ipsius
1162 1169 1315 1218 monasterii
1339 1169 1512 1217 emunitatem
1527 1170 1653 1229 nostram,
1676 1180 1756 1231 quam
1772 1165 1799 1214 in
1823 1164 1946 1214 omnibus
1967 1165 2153 1216 constituimus
2176 1167 2296 1216 ecclesiis

649 1279 676 1324 et
697 1273 865 1323 monasteriis
888 1265 921 1321 et
943 1255 1046 1331 cellis,
1070 1271 1173 1322 scilicet
1194 1255 1283 1321 mille
1306 1271 1389 1321 libras
1412 1272 1471 1321 auri
1494 1272 1597 1336 optimi.
1622 1271 1788 1336 Prqcipimus
1805 1272 1892 1333 etiam,
1915 1275 1953 1332 ut,
1977 1270 2138 1336 ubicumque
2160 1277 2294 1336 repertum

594 1436 599 1444 .
649 1379 730 1428 tuerit
752 1393 785 1428 ex
806 1378 887 1428 rebus
915 1377 959 1428 vel
981 1377 1056 1428 cellis
1086 1370 1144 1426 aut
1171 1359 1266 1425 terris
1289 1375 1409 1426 eiusdem
1437 1377 1592 1426 monasterii
1615 1375 1723 1425 illicitas
1751 1380 1831 1442 atque
1854 1375 1995 1426 damnosas
2024 1391 2072 1426 seu
2094 1377 2204 1428 inutiles
2233 1394 2293 1427 con·
2317 1378 2332 1424 5

649 1481 807 1546 scriptiones
828 1481 873 1531 vel
888 1482 1116 1542 commutationes,
1139 1484 1304 1530 evacuentur
1326 1483 1353 1528 et
1368 1479 1402 1528 ad
1423 1473 1487 1529 iusl'
1509 1478 1552 1529 vel
1574 1485 1733 1545 potestatem
1747 1482 1832 1545 ipsius
1855 1482 2009 1530 monasterii
2025 1462 2229 1550 restituantur).
2252 1467 2296 1530 Et

649 1579 686 1634 ut
712 1569 773 1654 hec
807 1571 988 1635 auctoritas
1016 1570 1140 1635 firmior
1173 1567 1335 1634 habeatur
1363 1589 1402 1632 ac
1437 1567 1599 1636 diuturnis
1629 1569 1832 1656 temporibus
1866 1569 1927 1634 deo
1956 1568 2107 1635 adiutore
2136 1568 2295 1635 inviolata

649 1683 871 1756 conservetur,
894 1696 994 1738 manu
1010 1674 1143 1759 propria
1167 1671 1279 1738 subter
1294 1694 1366 1738 eam
1388 1670 1547 1738 roborare
1564 1672 1769 1739 decrevimus
1786 1683 1819 1739 et
1841 1674 1882 1739 de
1897 1673 1995 1738 anulo
2012 1683 2125 1740 nostro
2150 1673 2295 1760 sigillare

649 1800 815 1844 susumus,

753 1933 890 2040 Signum
913 1937 980 2014 (Μ.)
1002 1934 1119 2000 Karoli
1143 1934 1372 2020 gloriosissimi
1398 1935 1496 2018 regis.
2318 1950 2351 1999 10
2429 1941 2430 1946 ’

750 2072 852 2139 Iacob
876 2072 1027 2138 advicem
1049 2072 1188 2139 Radoni.

751 2210 843 2276 Data
872 2214 986 2297 quinto
1009 2211 1171 2278 kalendas
1194 2213 1310 2300 aprilis
1332 2236 1420 2278 anno
1443 2234 1530 2277 nono
1555 2212 1682 2278 decimo
1706 2223 1739 2278 et
1761 2222 1878 2301 quarto
1903 2213 2029 2278 decimo
2053 2195 2145 2298 regni
2173 2213 2295 2292 nostri;

653 2323 765 2379 actum
788 2317 822 2380 in
845 2315 925 2381 urbo
948 2317 1068 2402 Roma3
1092 2319 1126 2382 in
1149 2317 1202 2383 dei
1225 2319 1356 2383 nomine
1378 2316 1516 2382 feliciter
1538 2339 1644 2382 amen.

1435 2646 1522 2720 159.

649 2805 744 2877 Knrl
770 2809 834 2878 der
866 2805 994 2878 Grosse
1020 2807 1153 2898 spriclvt
1185 2808 1264 2879 dem
1290 2806 1435 2877 Klostcr
1460 2804 1496 2876 S.
1533 2804 1748 2878 Vinceneo
1781 2804 1855 2892 (um
1891 2804 2075 2899 Volturno)
2103 2804 2191 2875 nach
2217 2804 2295 2873 dem
2319 2826 2351 2874 6

592 2976 594 2979 -
648 2927 823 3019 17696666
843 2930 907 2999 der
923 2928 1167 3018 pericltlicleen
1193 2927 1459 3020 Untersncbnnp
1479 2930 1536 3000 dic
1555 2927 1664 3000 Lente
1684 2928 1747 2998 dcv
1773 2925 1867 2997 Villa
1888 2925 1990 2995 Trito
2010 2924 2064 2996 als
2085 2923 2218 3016 [16696
2238 2947 2293 2995 eu.

2086 3097 2127 3106 -
2153 3059 2251 3144 96].

753 3257 863 3317 07606.
891 3256 1030 3317 Vulturn.
1059 3275 1116 3316 ans
1147 3258 1213 3317 dem
1235 3257 1361 3331 Anfanp
1390 3259 1441 3318 des
1468 3264 1519 3319 12.
1544 3258 1596 3317 Jlr.
1622 3257 1647 3330 f.
1672 3262 1714 3319 78
1743 3261 1776 3317 in
1804 3258 1857 3316 der
1884 3257 2047 3316 Bibliotecn
2069 3254 2233 3313 Borberini
2255 3271 2295 3312 sn

751 3363 829 3421 Rom
850 3362 915 3440 (B).

631 3589 635 3594 ¹
751 3502 907 3561 Dnchesne
930 3502 983 3562 88.
1007 3505 1075 3564 laist.
1100 3503 1209 3564 Frcnc.
1233 3508 1264 3575 3,
1289 3507 1351 3564 679
1374 3522 1432 3562 cns
1455 3503 1485 3562 B
1506 3527 1548 3559 =
1570 3503 1615 3562 Le
1638 3499 1742 3562 Oointe
1764 3501 1845 3561 Ann.
1863 3504 1892 3572 6,
1915 3502 1978 3560 335
2002 3517 2042 3558 eu
2065 3501 2129 3559 787
2150 3502 2185 3555 n⁰
2199 3500 2228 3571 3,
2253 3519 2293 3552 =
2317 3512 2350 3560 6ο

750 3606 854 3681 310960
876 3607 989 3666 Patrol.
1006 3612 1057 3679 97,
1082 3611 1167 3667 1016
1189 3613 1305 3668 n⁰10‘⁸.
1329 3641 1372 3651 —·
1394 3609 1549 3667 Muratori
1572 3607 1626 3668 88.
1651 3624 1710 3668 rer.
1733 3607 1805 3665 Ital.
1828 3601 1876 3677 1⁶,
1901 3607 1964 3665 366
1987 3621 2043 3663 ans
2067 3603 2104 3663 B.
2131 3635 2170 3644 -
2193 3601 2294 3661 Most

751 3710 856 3768 bacher
878 3710 950 3783 Rep.
973 3714 1035 3771 291
1063 3709 1162 3788 (282).

752 3848 930 3923 Beplanbipt
953 3849 1046 3908 dnrcb
1068 3851 1116 3908 die
1143 3849 1285 3910 Urknndc
1299 3850 1444 3923 Lndwips
1460 3850 1488 3908 d.
1506 3850 1561 3912 Fr.
1578 3853 1639 3910 831
1658 3851 1747 3924 April
1763 3857 1793 3920 1,
1816 3849 2011 3908 3161666066
2026 3849 2095 3920 nep.
2114 3850 2178 3907 887
2194 3845 2293 3925 (858).

751 3953 810 4011 Die
833 3953 935 4013 beiden
957 3955 1021 4013 bier
1039 3958 1209 4028 pensantes
1230 3956 1432 4028 Konipsboten
1453 3957 1578 4014 nelmen
1600 3956 1642 4012 im
1664 3953 1731 4014 Mei
1754 3958 1817 4015 787
1843 3971 1894 4031 per
1917 3953 2072 4013 iussionem
2095 3950 2189 4011 domni
2215 3950 2293 4026 regis
2342 3981 2351 4016 ο

753 4054 809 4129 frtr
823 4057 953 4117 dusselbc
963 4059 1085 4118 Kloster
1099 4060 1163 4117 eine
1174 4059 1357 4133 Inquisition
1372 4061 1447 4118 666
1461 4062 1510 4118 ein
1524 4058 1649 4118 anderes
1663 4060 1809 4133 streitipes
1826 4058 1887 4118 Get
1903 4075 1964 4128 vor,
1980 4057 2135 4116 Marcioni
2146 4057 2165 4115 l.
2177 4073 2200 4116 c.
2214 4058 2278 4114 366
2284 4075 2294 4126 ,·
2317 4070 2350 4117 ‘25

750 4165 825 4220 etwo
847 4161 996 4221 derselben
1021 4163 1085 4222 Zeit
1108 4160 1212 4235 clarite
1239 4165 1316 4222 ancli
1338 4164 1386 4223 die
1408 4164 1474 4222 bier
1495 4165 1642 4222 crwctlznte
1665 4163 1850 4237 perichtticlte
1877 4162 2105 4234 Untersnclvnnp
2130 4161 2295 4236 unpelrtren

751 4265 815 4323 und
842 4266 922 4323 nictit
944 4267 1000 4325 viel
1021 4271 1123 4339 spdter
1150 4268 1198 4325 die
1226 4268 1463 4341 Verstandipnnp
1486 4268 1535 4326 des
1557 4268 1671 4340 Kdnips
1700 4286 1741 4326 66
1763 4267 1817 4325 dns
1840 4267 1961 4325 Kloster
1987 4263 2093 4338 erfolpt
2116 4267 2190 4326 sein.
2235 4265 2295 4323 Dic

751 4369 927 4442 Selenlrunp
950 4370 999 4429 des
1017 4371 1132 4444 Kenios
1147 4370 1323 4431 Desiderins
1346 4372 1411 4431 und
1433 4372 1481 4430 dic
1503 4373 1700 4445 Bestdtipamp
1722 4371 1815 4429 Karls
1832 4371 1860 4430 d.
1880 4369 1935 4432 Gr.
1958 4370 2027 4428 sind
2050 4370 2197 4441 veriorem
2223 4371 2295 4428 snei

750 4474 861 4531 undere
888 4473 1051 4534 Urlanclen
1073 4476 1123 4534 des
1146 4475 1477 4549 Lonpolnrdenldnips,
1509 4475 1557 4534 die
1579 4473 1716 4548 Stistnnp
1745 4477 1824 4533 eines
1846 4475 1981 4533 Klosters
2010 4473 2039 4532 in
2067 4472 2141 4533 valle
2164 4473 2296 4533 Tritense

751 4576 815 4635 und
838 4577 886 4635 die
906 4578 1079 4652 Vcrpclnnp
1101 4580 1249 4639 desselben
1271 4598 1312 4638 cn
1328 4579 1358 4640 S.
1381 4581 1534 4651 Vinceneo,
1559 4580 1714 4639 Murolori
1729 4579 1748 4640 l.
1765 4597 1788 4638 c.
1805 4581 1879 4650 352,
1896 4580 1969 4650 353,
1992 4578 2060 4636 sind
2076 4577 2293 4650 Falsclmnpen.
2317 4589 2351 4638 3ο

753 4762 892 4829 Carolus
907 4789 967 4830 rex
983 4765 1188 4831 Francorum
1205 4776 1238 4832 et
1253 4767 1550 4852 Longobardorum
1565 4789 1604 4832 ac
1621 4767 1779 4853 patricius
1792 4766 2012 4831 Romanorum
2030 4765 2100 4828 viro
2116 4762 2295 4828 venerabili

648 4869 751 4933 Paulo
776 4868 891 4935 abbati
915 4893 973 4936 seu
996 4870 1168 4936 monachis
1192 4873 1297 4936 sancti
1321 4872 1485 4938 Vincentii
1509 4874 1699 4937 monasterii
1724 4872 1802 4936 siti·
1824 4872 1857 4935 in
1880 4870 2043 4934 territorio
2059 4870 2292 4934 Beneventano

649 4972 799 5058 partibus
817 4972 961 5038 Samnis.
1066 4976 1110 5040 Et
1127 4975 1204 5061 quie
1228 4969 1373 5041 detulrtti
1390 4976 1486 5042 nobis
1510 4985 1701 5062 preceptum
1717 4973 1881 5038 Desiderii
1898 4974 1997 5056 regis,
2022 4971 2162 5056 qualiter
2183 4969 2294 5035 villam

648 5077 739 5141 Trite
756 5075 875 5143 sitamb
897 5079 931 5142 in
948 5078 1069 5143 finibus
1085 5080 1247 5145 Balvense
1263 5080 1307 5145 ad
1330 5083 1441 5166 ipsum
1457 5092 1607 5147 sanctum
1630 5079 1803 5145 cenobium
1819 5100 1879 5164 pro
1903 5076 2044 5141 utilitate
2059 5076 2294 5142 monachorum

650 5181 883 5255 condonasset,
908 5182 995 5247 unde
1019 5193 1052 5248 et
1074 5205 1135 5248 nos
1159 5207 1258 5270 super
1280 5184 1420 5249 eundem
1440 5194 1631 5270 preceptum
1654 5194 1801 5250 nostram
1817 5182 2097 5248 confirmationem
2120 5179 2299 5264 edidimus„
2316 5198 2349 5246 35

650 5285 708 5350 sed
731 5284 807 5352 dum
832 5298 950 5372 postea
979 5287 1108 5373 aliquas
1131 5288 1364 5354 altercationes
1386 5291 1471 5354 inter
1494 5311 1552 5354 vos
1576 5298 1609 5352 et
1631 5289 1720 5374 ipsos
1744 5287 1902 5368 homines,
1938 5287 1993 5371 qui
2018 5308 2053 5349 se
2081 5307 2140 5370 per
2162 5283 2295 5348 chartas

649 5389 769 5455 ducum
800 5390 957 5456 dicebant
984 5414 1056 5456 esse
1085 5391 1217 5474 liberos,
1249 5394 1498 5458 consurrexisse
1527 5393 1738 5456 manifestum
1767 5401 1829 5465 est,
1860 5413 1918 5477 pro
1949 5388 2068 5475 quibus
2090 5410 2152 5452 nos
2175 5389 2294 5453 missos

648 5507 779 5558 nostros
801 5495 973 5560 Risinum⁶
994 5506 1027 5561 et
1050 5496 1255 5581 Agilbertum
1284 5495 1407 5562 ibidem
1431 5497 1571 5562 directos
1594 5496 1783 5578 habuimus,
1814 5518 1873 5582 per
1896 5516 1979 5580 quos
2009 5515 2136 5558 omnem
2161 5513 2294 5557 causam

648 5597 802 5684 liquidius
830 5602 1032 5685 inquirentes
1067 5623 1196 5666 omnem
1226 5603 1398 5667 veritatem
1428 5602 1548 5666 exinde
1579 5602 1805 5685 eognovimus,
1844 5609 2019 5686 propterea
2048 5619 2106 5683 pro
2135 5596 2294 5662 mercedis

648 5711 759 5767 nostre
782 5715 959 5788 augmento
982 5727 1043 5769 nos
1071 5705 1244 5791 adipeam
1274 5728 1386 5771 casam
1415 5708 1518 5770 sancti
1542 5707 1708 5771 Vincentii
1739 5706 1882 5770 martiris
1906 5704 2052 5790 prefatos
2081 5701 2229 5766 homines
2253 5699 2293 5765 de
2317 5717 2351 5766 40

725 5890 783 5946 158.
803 5893 832 5958 n)
849 5895 890 5944 ira
907 5893 934 5946 B
1003 5894 1030 5961 ο)
1047 5895 1254 5960 persolviturum
1274 5894 1301 5947 B
1376 5895 1404 5962 p)
1423 5896 1456 5945 ad
1474 5897 1577 5946 iussum
1595 5893 1630 5959 B,
1653 5894 1771 5964 Verlape
1789 5911 1805 5945 a
1823 5897 1907 5956 iussu,
1930 5891 1995 5947 Urit.
2014 5891 2173 5960 Bernrpars
2192 5891 2225 5941 ad
2245 5893 2294 5942 ius.

726 5995 784 6050 159.
804 5996 830 6116 p)
848 5999 934 6118 sitppr6
943 5996 969 6048 B
1041 5998 1068 6066 b)
1087 5997 1179 6050 sitaB
1248 6000 1272 6064 c)
1291 6001 1412 6049 Rismum
1425 5998 1459 6062 B,
1480 5998 1529 6051 dcv·
1548 5997 1667 6066 richtr'qe
1685 5999 1775 6051 Nnnre
1794 6001 1909 6049 Resinus
1928 5996 1966 6048 im
1985 5995 2126 6048 Placitum
2146 5994 2295 6048 Muratori

815 6081 861 6118 .c.
