<?xml version="1.0" encoding="UTF-8"?>
<!DOCTYPE html PUBLIC "-//W3C//DTD XHTML 1.0 Transitional//EN"
    "http://www.w3.org/TR/xhtml1/DTD/xhtml1-transitional.dtd">
<html xmlns="http://www.w3.org/1999/xhtml" xml:lang="en" lang="en">
 <head>
  <title>
</title>
<meta http-equiv="Content-Type" content="text/html;charset=utf-8" />
  <meta name='ocr-system' content='tesseract 3.04.00' />
  <meta name='ocr-capabilities' content='ocr_page ocr_carea ocr_par ocr_line ocrx_word'/>
</head>
<body>
  <div class='ocr_page' id='page_1' title='image "./monumentagerman01goog/monumentagerman01goog_0144.png"; bbox 0 0 5642 7159; ppageno 0'>
   <div class='ocr_carea' id='block_1_1' title="bbox 1310 767 1741 827">
    <p class='ocr_par' dir='ltr' id='par_1_1' title="bbox 1310 767 1741 827">
     <span class='ocr_line' id='line_1_1' title="bbox 1310 767 1741 827; baseline -0.007 0"><span class='ocrx_word' id='word_1_1' title='bbox 1310 767 1741 827; x_wconf 73' lang='lat' dir='ltr'>Kstsusuusunbuu.</span> 
     </span>
    </p>
   </div>
   <div class='ocr_carea' id='block_1_2' title="bbox 1442 953 1560 1029">
    <p class='ocr_par' dir='ltr' id='par_1_2' title="bbox 1442 953 1560 1029">
     <span class='ocr_line' id='line_1_2' title="bbox 1442 953 1560 1029; baseline 0.017 -2"><span class='ocrx_word' id='word_1_2' title='bbox 1442 954 1445 958; x_wconf 76' lang='grc'>’</span> <span class='ocrx_word' id='word_1_3' title='bbox 1499 953 1560 1029; x_wconf 82' lang='lat' dir='ltr'>ao.</span> 
     </span>
    </p>
   </div>
   <div class='ocr_carea' id='block_1_3' title="bbox 704 1110 2361 1326">
    <p class='ocr_par' dir='ltr' id='par_1_3' title="bbox 704 1110 2361 1326">
     <span class='ocr_line' id='line_1_3' title="bbox 706 1110 2361 1199; baseline -0.003 -14"><span class='ocrx_word' id='word_1_4' title='bbox 706 1114 801 1186; x_wconf 81' lang='lat' dir='ltr'>Korl</span> <span class='ocrx_word' id='word_1_5' title='bbox 828 1118 891 1187; x_wconf 82' lang='lat' dir='ltr'>der</span> <span class='ocrx_word' id='word_1_6' title='bbox 923 1112 1051 1184; x_wconf 78' lang='lat' dir='ltr'>Grosse</span> <span class='ocrx_word' id='word_1_7' title='bbox 1077 1112 1215 1183; x_wconf 82' lang='lat' dir='ltr'>sobeultt</span> <span class='ocrx_word' id='word_1_8' title='bbox 1242 1114 1319 1185; x_wconf 82' lang='lat' dir='ltr'>dem</span> <span class='ocrx_word' id='word_1_9' title='bbox 1347 1111 1491 1183; x_wconf 80' lang='lat' dir='ltr'>Kloster</span> <span class='ocrx_word' id='word_1_10' title='bbox 1517 1111 1562 1183; x_wconf 88' lang='lat' dir='ltr'><em>H</em></span> <span class='ocrx_word' id='word_1_11' title='bbox 1567 1134 1636 1183; x_wconf 84' lang='lat' dir='ltr'>ers</span> <span class='ocrx_word' id='word_1_12' title='bbox 1643 1113 1738 1199; x_wconf 80' lang='lat' dir='ltr'>feld</span> <span class='ocrx_word' id='word_1_13' title='bbox 1764 1114 1831 1184; x_wconf 82' lang='grc'><strong><em>6166</em></strong></span> <span class='ocrx_word' id='word_1_14' title='bbox 1857 1112 2001 1183; x_wconf 74' lang='lat' dir='ltr'>sehsten</span> <span class='ocrx_word' id='word_1_15' title='bbox 2031 1112 2131 1184; x_wconf 75' lang='lat' dir='ltr'>Tbeil</span> <span class='ocrx_word' id='word_1_16' title='bbox 2163 1114 2227 1182; x_wconf 82' lang='lat' dir='ltr'>der</span> <span class='ocrx_word' id='word_1_17' title='bbox 2261 1110 2361 1183; x_wconf 73' lang='lat' dir='ltr'>Villa</span> 
     </span>
     <span class='ocr_line' id='line_1_4' title="bbox 704 1231 1412 1326; baseline 0 -21"><span class='ocrx_word' id='word_1_18' title='bbox 704 1233 901 1326; x_wconf 76' lang='lat' dir='ltr'>Solsunpea</span> <span class='ocrx_word' id='word_1_19' title='bbox 928 1236 1003 1306; x_wconf 82' lang='grc'><strong><em>6661</em></strong></span> <span class='ocrx_word' id='word_1_20' title='bbox 1029 1234 1135 1305; x_wconf 80' lang='lat' dir='ltr'>deren</span> <span class='ocrx_word' id='word_1_21' title='bbox 1162 1231 1412 1325; x_wconf 75' lang='lat' dir='ltr'>Solepfonaeu.</span> 
     </span>
    </p>
   </div>
   <div class='ocr_carea' id='block_1_4' title="bbox 1893 1322 2311 1398">
    <p class='ocr_par' dir='ltr' id='par_1_4' title="bbox 1893 1322 2311 1398">
     <span class='ocr_line' id='line_1_5' title="bbox 1893 1322 2311 1398; baseline 0.005 -19"><span class='ocrx_word' id='word_1_22' title='bbox 1893 1322 2021 1398; x_wconf 75' lang='lat' dir='ltr'>Quiersy</span> <span class='ocrx_word' id='word_1_23' title='bbox 2044 1324 2105 1381; x_wconf 85' lang='grc'>775</span> <span class='ocrx_word' id='word_1_24' title='bbox 2130 1322 2257 1381; x_wconf 81' lang='lat' dir='ltr'>Jonaor</span> <span class='ocrx_word' id='word_1_25' title='bbox 2279 1324 2311 1381; x_wconf 84' lang='lat'>5.</span> 
     </span>
    </p>
   </div>
   <div class='ocr_carea' id='block_1_5' title="bbox 808 1491 2403 1589">
    <p class='ocr_par' dir='ltr' id='par_1_5' title="bbox 808 1491 2403 1589">
     <span class='ocr_line' id='line_1_6' title="bbox 808 1491 2403 1589; baseline -0.008 -35"><span class='ocrx_word' id='word_1_26' title='bbox 808 1491 1009 1589; x_wconf 68' lang='grc'><strong><em>0616166116</em></strong></span> <span class='ocrx_word' id='word_1_27' title='bbox 1033 1494 1237 1555; x_wconf 81' lang='lat' dir='ltr'>Stootsorehio</span> <span class='ocrx_word' id='word_1_28' title='bbox 1257 1513 1298 1553; x_wconf 83' lang='lat' dir='ltr'>sa</span> <span class='ocrx_word' id='word_1_29' title='bbox 1322 1494 1467 1566; x_wconf 71' lang='lat' dir='ltr'>Morbum</span> <span class='ocrx_word' id='word_1_30' title='bbox 1491 1492 1554 1571; x_wconf 78' lang='lat' dir='ltr'><em>(A).</em></span> <span class='ocrx_word' id='word_1_31' title='bbox 2385 1506 2403 1551; x_wconf 80' lang='lat'><strong>5</strong></span> 
     </span>
    </p>
   </div>
   <div class='ocr_carea' id='block_1_6' title="bbox 806 1612 2358 2007">
    <p class='ocr_par' dir='ltr' id='par_1_6' title="bbox 806 1612 2358 2007">
     <span class='ocr_line' id='line_1_7' title="bbox 814 1612 2358 1690; baseline -0.001 -13"><span class='ocrx_word' id='word_1_32' title='bbox 814 1616 922 1677; x_wconf 77' lang='lat' dir='ltr'>Wenelr</span> <span class='ocrx_word' id='word_1_33' title='bbox 944 1617 1031 1677; x_wconf 85' lang='lat' dir='ltr'>Hess.</span> <span class='ocrx_word' id='word_1_34' title='bbox 1056 1616 1269 1690; x_wconf 70' lang='lat' dir='ltr'>Loudesyesch.</span> <span class='ocrx_word' id='word_1_35' title='bbox 1293 1612 1340 1687; x_wconf 68' lang='grc'><strong><em>31,</em></strong></span> <span class='ocrx_word' id='word_1_36' title='bbox 1376 1618 1396 1675; x_wconf 90' lang='grc'><strong><em>7</em></strong></span> <span class='ocrx_word' id='word_1_37' title='bbox 1418 1624 1453 1675; x_wconf 64' lang='grc'>61</span> <span class='ocrx_word' id='word_1_38' title='bbox 1474 1620 1493 1676; x_wconf 90' lang='lat'><em>5</em></span> <span class='ocrx_word' id='word_1_39' title='bbox 1517 1635 1574 1676; x_wconf 81' lang='lat' dir='ltr'>aas</span> <span class='ocrx_word' id='word_1_40' title='bbox 1598 1618 1634 1676; x_wconf 82' lang='grc' dir='ltr'>Α.</span> <span class='ocrx_word' id='word_1_41' title='bbox 1665 1651 1708 1661; x_wconf 93' lang='grc'>-</span> <span class='ocrx_word' id='word_1_42' title='bbox 1741 1617 1951 1688; x_wconf 67' lang='grc'><strong><em>(1666616666,</em></strong></span> <span class='ocrx_word' id='word_1_43' title='bbox 1981 1618 2101 1677; x_wconf 83' lang='lat' dir='ltr'>Illustr.</span> <span class='ocrx_word' id='word_1_44' title='bbox 2128 1617 2358 1676; x_wconf 80' lang='lat' dir='ltr'>Foosr&#39;lienblutt</span> 
     </span>
     <span class='ocr_line' id='line_1_8' title="bbox 806 1720 2357 1794; baseline -0.001 -13"><span class='ocrx_word' id='word_1_45' title='bbox 806 1724 901 1794; x_wconf 91' lang='grc'><strong><em>1878,</em></strong></span> <span class='ocrx_word' id='word_1_46' title='bbox 936 1725 1000 1782; x_wconf 81' lang='grc'>483</span> <span class='ocrx_word' id='word_1_47' title='bbox 1022 1740 1079 1781; x_wconf 80' lang='grc'>666</span> <span class='ocrx_word' id='word_1_48' title='bbox 1104 1723 1139 1781; x_wconf 78' lang='grc' dir='ltr'>Α.</span> <span class='ocrx_word' id='word_1_49' title='bbox 1164 1754 1204 1765; x_wconf 91' lang='lat'>·-</span> <span class='ocrx_word' id='word_1_50' title='bbox 1228 1721 1351 1780; x_wconf 87' lang='lat' dir='ltr'>Demme</span> <span class='ocrx_word' id='word_1_51' title='bbox 1378 1722 1578 1781; x_wconf 79' lang='lat' dir='ltr'>Nacbriehten</span> <span class='ocrx_word' id='word_1_52' title='bbox 1609 1723 1673 1781; x_wconf 81' lang='lat' dir='ltr'>und</span> <span class='ocrx_word' id='word_1_53' title='bbox 1701 1723 1771 1782; x_wconf 83' lang='lat' dir='ltr'>Urlr.</span> <span class='ocrx_word' id='word_1_54' title='bbox 1795 1742 1821 1783; x_wconf 83' lang='grc'>6.</span> <span class='ocrx_word' id='word_1_55' title='bbox 1846 1720 1955 1782; x_wconf 81' lang='lat' dir='ltr'>Chron.</span> <span class='ocrx_word' id='word_1_56' title='bbox 1983 1739 2039 1780; x_wconf 82' lang='grc'>666</span> <span class='ocrx_word' id='word_1_57' title='bbox 2062 1720 2203 1790; x_wconf 78' lang='lat' dir='ltr'>Hersseld</span> <span class='ocrx_word' id='word_1_58' title='bbox 2227 1728 2255 1791; x_wconf 85' lang='lat'>1,</span> <span class='ocrx_word' id='word_1_59' title='bbox 2290 1725 2357 1779; x_wconf 90' lang='lat'>100</span> 
     </span>
     <span class='ocr_line' id='line_1_9' title="bbox 806 1824 2358 1902; baseline -0.003 -18"><span class='ocrx_word' id='word_1_60' title='bbox 806 1824 924 1884; x_wconf 74' lang='grc'><strong><em>66611.</em></strong></span> <span class='ocrx_word' id='word_1_61' title='bbox 950 1857 990 1867; x_wconf 90' lang='grc'><strong>-</strong></span> <span class='ocrx_word' id='word_1_62' title='bbox 1015 1825 1103 1884; x_wconf 78' lang='lat' dir='ltr'>Fors.</span> <span class='ocrx_word' id='word_1_63' title='bbox 1127 1825 1216 1899; x_wconf 80' lang='lat' dir='ltr'>Kopp</span> <span class='ocrx_word' id='word_1_64' title='bbox 1241 1824 1505 1898; x_wconf 70' lang='grc'><strong><em>86161111616168,</em></strong></span> <span class='ocrx_word' id='word_1_65' title='bbox 1539 1826 1782 1886; x_wconf 67' lang='grc'><strong><em>(16666166661.</em></strong></span> <span class='ocrx_word' id='word_1_66' title='bbox 1807 1844 1830 1884; x_wconf 88' lang='grc'>6.</span> <span class='ocrx_word' id='word_1_67' title='bbox 1856 1826 1918 1885; x_wconf 83' lang='grc'>182</span> <span class='ocrx_word' id='word_1_68' title='bbox 1941 1824 2151 1902; x_wconf 71' lang='grc'><strong><em>(6666161666).</em></strong></span> <span class='ocrx_word' id='word_1_69' title='bbox 2180 1858 2224 1867; x_wconf 87' lang='lat'><em>-</em></span> <span class='ocrx_word' id='word_1_70' title='bbox 2251 1824 2358 1883; x_wconf 77' lang='grc'><strong><em>1161161-</em></strong></span> 
     </span>
     <span class='ocr_line' id='line_1_10' title="bbox 806 1928 1213 2007; baseline 0 -20"><span class='ocrx_word' id='word_1_71' title='bbox 806 1930 911 1988; x_wconf 84' lang='lat' dir='ltr'>bacher</span> <span class='ocrx_word' id='word_1_72' title='bbox 936 1930 1004 2003; x_wconf 74' lang='grc'><strong><em>1166.</em></strong></span> <span class='ocrx_word' id='word_1_73' title='bbox 1031 1934 1094 1989; x_wconf 91' lang='grc'>177</span> <span class='ocrx_word' id='word_1_74' title='bbox 1117 1928 1213 2007; x_wconf 84' lang='grc'><strong><em>(173).</em></strong></span> 
     </span>
    </p>
   </div>
   <div class='ocr_carea' id='block_1_7' title="bbox 806 2067 2421 2454">
    <p class='ocr_par' dir='ltr' id='par_1_7' title="bbox 806 2067 2421 2454">
     <span class='ocr_line' id='line_1_11' title="bbox 806 2067 2421 2142; baseline 0.002 -17"><span class='ocrx_word' id='word_1_75' title='bbox 806 2068 865 2126; x_wconf 83' lang='lat' dir='ltr'>Die</span> <span class='ocrx_word' id='word_1_76' title='bbox 888 2070 1083 2141; x_wconf 71' lang='lat' dir='ltr'>Reoopm&#39;tion</span> <span class='ocrx_word' id='word_1_77' title='bbox 1110 2086 1166 2127; x_wconf 81' lang='grc'>666</span> <span class='ocrx_word' id='word_1_78' title='bbox 1190 2070 1355 2140; x_wconf 80' lang='lat' dir='ltr'>Hitherius,</span> <span class='ocrx_word' id='word_1_79' title='bbox 1391 2070 1438 2127; x_wconf 82' lang='grc'><strong><em>6166</em></strong></span> <span class='ocrx_word' id='word_1_80' title='bbox 1460 2069 1659 2142; x_wconf 74' lang='grc'><strong><em>8196666686</em></strong></span> <span class='ocrx_word' id='word_1_81' title='bbox 1686 2087 1742 2128; x_wconf 79' lang='grc'>666</span> <span class='ocrx_word' id='word_1_82' title='bbox 1770 2070 1915 2142; x_wconf 75' lang='lat' dir='ltr'>Wiybold,</span> <span class='ocrx_word' id='word_1_83' title='bbox 1951 2068 2077 2128; x_wconf 78' lang='grc'><strong><em>0666661</em></strong></span> <span class='ocrx_word' id='word_1_84' title='bbox 2104 2068 2168 2126; x_wconf 82' lang='lat' dir='ltr'>aad</span> <span class='ocrx_word' id='word_1_85' title='bbox 2194 2067 2356 2140; x_wconf 73' lang='lat' dir='ltr'>Dotr&#39;rano</span> <span class='ocrx_word' id='word_1_86' title='bbox 2386 2083 2421 2130; x_wconf 83' lang='lat' dir='ltr'>to</span> 
     </span>
     <span class='ocr_line' id='line_1_12' title="bbox 807 2169 2357 2248; baseline 0 -18"><span class='ocrx_word' id='word_1_87' title='bbox 807 2190 863 2230; x_wconf 79' lang='lat' dir='ltr'>oon</span> <span class='ocrx_word' id='word_1_88' title='bbox 886 2170 1155 2245; x_wconf 61' lang='lat' dir='ltr'>neeessariam.</span> <span class='ocrx_word' id='word_1_89' title='bbox 1190 2171 1250 2230; x_wconf 82' lang='lat' dir='ltr'>Die</span> <span class='ocrx_word' id='word_1_90' title='bbox 1272 2174 1465 2245; x_wconf 76' lang='lat' dir='ltr'>Berconition</span> <span class='ocrx_word' id='word_1_91' title='bbox 1487 2172 1681 2245; x_wconf 73' lang='grc'><strong><em>6611166666,</em></strong></span> <span class='ocrx_word' id='word_1_92' title='bbox 1706 2174 1918 2246; x_wconf 64' lang='lat' dir='ltr'>ursproofflict</span> <span class='ocrx_word' id='word_1_93' title='bbox 1939 2172 2028 2231; x_wconf 79' lang='lat' dir='ltr'>stand</span> <span class='ocrx_word' id='word_1_94' title='bbox 2050 2172 2114 2229; x_wconf 80' lang='grc'><strong><em>6166</em></strong></span> <span class='ocrx_word' id='word_1_95' title='bbox 2137 2169 2213 2248; x_wconf 78' lang='lat' dir='ltr'>(aad</span> <span class='ocrx_word' id='word_1_96' title='bbox 2236 2173 2357 2230; x_wconf 72' lang='lat' dir='ltr'>&lt;taraus</span> 
     </span>
     <span class='ocr_line' id='line_1_13' title="bbox 806 2274 2356 2355; baseline 0 -22"><span class='ocrx_word' id='word_1_97' title='bbox 806 2276 917 2335; x_wconf 77' lang='grc'><strong><em>66161661</em></strong></span> <span class='ocrx_word' id='word_1_98' title='bbox 939 2278 1001 2335; x_wconf 82' lang='lat' dir='ltr'>sich</span> <span class='ocrx_word' id='word_1_99' title='bbox 1023 2278 1085 2334; x_wconf 84' lang='lat' dir='ltr'>ihre</span> <span class='ocrx_word' id='word_1_100' title='bbox 1108 2277 1355 2350; x_wconf 71' lang='lat' dir='ltr'>arrepelmdssioe</span> <span class='ocrx_word' id='word_1_101' title='bbox 1379 2276 1526 2355; x_wconf 74' lang='lat' dir='ltr'>Stelluny)</span> <span class='ocrx_word' id='word_1_102' title='bbox 1551 2278 1598 2336; x_wconf 86' lang='lat' dir='ltr'>die</span> <span class='ocrx_word' id='word_1_103' title='bbox 1621 2278 1820 2350; x_wconf 71' lang='lat' dir='ltr'>Sipnumeeile</span> <span class='ocrx_word' id='word_1_104' title='bbox 1842 2280 1875 2336; x_wconf 81' lang='grc'>16</span> <span class='ocrx_word' id='word_1_105' title='bbox 1897 2277 2009 2335; x_wconf 79' lang='grc'><strong><em>16161666</em></strong></span> <span class='ocrx_word' id='word_1_106' title='bbox 2033 2274 2156 2348; x_wconf 74' lang='lat' dir='ltr'>schrift,</span> <span class='ocrx_word' id='word_1_107' title='bbox 2188 2277 2277 2334; x_wconf 82' lang='lat' dir='ltr'>Reate</span> <span class='ocrx_word' id='word_1_108' title='bbox 2303 2276 2356 2333; x_wconf 85' lang='lat' dir='ltr'>des</span> 
     </span>
     <span class='ocr_line' id='line_1_14' title="bbox 807 2379 2158 2454; baseline 0.004 -19"><span class='ocrx_word' id='word_1_109' title='bbox 807 2380 1026 2452; x_wconf 77' lang='lat' dir='ltr'>Monopramma</span> <span class='ocrx_word' id='word_1_110' title='bbox 1050 2380 1114 2439; x_wconf 75' lang='lat' dir='ltr'>aad</span> <span class='ocrx_word' id='word_1_111' title='bbox 1136 2380 1189 2439; x_wconf 84' lang='lat' dir='ltr'>der</span> <span class='ocrx_word' id='word_1_112' title='bbox 1212 2379 1325 2453; x_wconf 75' lang='lat' dir='ltr'>Schrist</span> <span class='ocrx_word' id='word_1_113' title='bbox 1348 2382 1418 2440; x_wconf 81' lang='lat' dir='ltr'>sind</span> <span class='ocrx_word' id='word_1_114' title='bbox 1439 2384 1512 2439; x_wconf 79' lang='lat' dir='ltr'>noch</span> <span class='ocrx_word' id='word_1_115' title='bbox 1535 2382 1692 2441; x_wconf 78' lang='grc'><strong><em>1666611161,</em></strong></span> <span class='ocrx_word' id='word_1_116' title='bbox 1716 2417 1757 2426; x_wconf 86' lang='lat'><strong><em>-</em></strong></span> <span class='ocrx_word' id='word_1_117' title='bbox 1783 2381 1986 2454; x_wconf 73' lang='lat' dir='ltr'>Selbstdssdipe</span> <span class='ocrx_word' id='word_1_118' title='bbox 2008 2381 2158 2452; x_wconf 73' lang='lat' dir='ltr'>Fassunq.</span> 
     </span>
    </p>
   </div>
   <div class='ocr_carea' id='block_1_8' title="bbox 698 2547 2421 5134">
    <p class='ocr_par' dir='ltr' id='par_1_8' title="bbox 698 2547 2421 5134">
     <span class='ocr_line' id='line_1_15' title="bbox 806 2547 2357 2636; baseline 0.001 -26"><span class='ocrx_word' id='word_1_119' title='bbox 806 2552 865 2627; x_wconf 86' lang='lat'>(0.)</span> <span class='ocrx_word' id='word_1_120' title='bbox 899 2547 1039 2614; x_wconf 80' lang='lat' dir='ltr'><strong>Carolus</strong></span> <span class='ocrx_word' id='word_1_121' title='bbox 1067 2551 1175 2634; x_wconf 88' lang='lat' dir='ltr'>gratia</span> <span class='ocrx_word' id='word_1_122' title='bbox 1210 2549 1262 2614; x_wconf 92' lang='lat' dir='ltr'>dei</span> <span class='ocrx_word' id='word_1_123' title='bbox 1292 2574 1351 2616; x_wconf 86' lang='lat' dir='ltr'>rex</span> <span class='ocrx_word' id='word_1_124' title='bbox 1379 2551 1584 2616; x_wconf 81' lang='lat' dir='ltr'><strong>Francorum</strong></span> <span class='ocrx_word' id='word_1_125' title='bbox 1619 2560 1652 2615; x_wconf 91' lang='lat' dir='ltr'>et</span> <span class='ocrx_word' id='word_1_126' title='bbox 1679 2551 1975 2636; x_wconf 80' lang='lat' dir='ltr'>Langobardorum</span> <span class='ocrx_word' id='word_1_127' title='bbox 2012 2548 2163 2615; x_wconf 90' lang='lat' dir='ltr'>omnibus</span> <span class='ocrx_word' id='word_1_128' title='bbox 2197 2548 2357 2615; x_wconf 88' lang='lat' dir='ltr'>fidelibus</span> 
     </span>
     <span class='ocr_line' id='line_1_16' title="bbox 702 2652 2421 2739; baseline 0.001 -24"><span class='ocrx_word' id='word_1_129' title='bbox 702 2652 823 2717; x_wconf 89' lang='lat' dir='ltr'>nostris</span> <span class='ocrx_word' id='word_1_130' title='bbox 847 2652 1052 2739; x_wconf 83' lang='lat' dir='ltr'>presentibus</span> <span class='ocrx_word' id='word_1_131' title='bbox 1077 2663 1110 2718; x_wconf 91' lang='lat' dir='ltr'>et</span> <span class='ocrx_word' id='word_1_132' title='bbox 1132 2654 1262 2718; x_wconf 89' lang='lat' dir='ltr'>futuris.</span> <span class='ocrx_word' id='word_1_133' title='bbox 1366 2653 1454 2719; x_wconf 90' lang='lat' dir='ltr'>Illud</span> <span class='ocrx_word' id='word_1_134' title='bbox 1488 2655 1583 2719; x_wconf 92' lang='lat' dir='ltr'>nobis</span> <span class='ocrx_word' id='word_1_135' title='bbox 1611 2655 1654 2719; x_wconf 91' lang='lat' dir='ltr'>ad</span> <span class='ocrx_word' id='word_1_136' title='bbox 1689 2664 1804 2720; x_wconf 90' lang='lat' dir='ltr'>eterna</span> <span class='ocrx_word' id='word_1_137' title='bbox 1831 2654 2037 2720; x_wconf 77' lang='lat' dir='ltr'>beatitudine</span> <span class='ocrx_word' id='word_1_138' title='bbox 2065 2654 2244 2719; x_wconf 83' lang='lat' dir='ltr'>retribuere</span> <span class='ocrx_word' id='word_1_139' title='bbox 2275 2676 2357 2718; x_wconf 92' lang='lat' dir='ltr'>con·</span> <span class='ocrx_word' id='word_1_140' title='bbox 2387 2671 2421 2717; x_wconf 75' lang='lat' dir='ltr'>ts</span> 
     </span>
     <span class='ocr_line' id='line_1_17' title="bbox 702 2755 2359 2845; baseline 0.002 -26"><span class='ocrx_word' id='word_1_141' title='bbox 702 2755 852 2837; x_wconf 87' lang='lat' dir='ltr'>fidemus,</span> <span class='ocrx_word' id='word_1_142' title='bbox 878 2756 1035 2843; x_wconf 91' lang='lat' dir='ltr'>quicquid</span> <span class='ocrx_word' id='word_1_143' title='bbox 1059 2758 1101 2823; x_wconf 91' lang='lat' dir='ltr'>ad</span> <span class='ocrx_word' id='word_1_144' title='bbox 1125 2757 1200 2822; x_wconf 90' lang='lat' dir='ltr'>loca</span> <span class='ocrx_word' id='word_1_145' title='bbox 1224 2768 1411 2823; x_wconf 89' lang='lat' dir='ltr'>sanctorum</span> <span class='ocrx_word' id='word_1_146' title='bbox 1436 2758 1488 2823; x_wconf 91' lang='lat' dir='ltr'>vel</span> <span class='ocrx_word' id='word_1_147' title='bbox 1505 2761 1539 2823; x_wconf 92' lang='lat' dir='ltr'>in</span> <span class='ocrx_word' id='word_1_148' title='bbox 1562 2759 1726 2845; x_wconf 90' lang='lat' dir='ltr'>stipendia</span> <span class='ocrx_word' id='word_1_149' title='bbox 1743 2780 1911 2823; x_wconf 90' lang='lat' dir='ltr'>servorum</span> <span class='ocrx_word' id='word_1_150' title='bbox 1935 2758 1987 2822; x_wconf 90' lang='lat' dir='ltr'>dei</span> <span class='ocrx_word' id='word_1_151' title='bbox 2004 2758 2212 2822; x_wconf 88' lang='lat' dir='ltr'>conferimus.</span> <span class='ocrx_word' id='word_1_152' title='bbox 2238 2757 2359 2841; x_wconf 90' lang='lat' dir='ltr'>lgetur</span> 
     </span>
     <span class='ocr_line' id='line_1_18' title="bbox 703 2860 2357 2949; baseline 0 -24"><span class='ocrx_word' id='word_1_153' title='bbox 703 2869 815 2925; x_wconf 91' lang='lat' dir='ltr'>notum</span> <span class='ocrx_word' id='word_1_154' title='bbox 841 2862 883 2925; x_wconf 88' lang='lat' dir='ltr'>sit</span> <span class='ocrx_word' id='word_1_155' title='bbox 906 2860 1057 2926; x_wconf 91' lang='lat' dir='ltr'>omnibus</span> <span class='ocrx_word' id='word_1_156' title='bbox 1084 2860 1283 2945; x_wconf 79' lang='lat' dir='ltr'>[fildelibus⁸</span> <span class='ocrx_word' id='word_1_157' title='bbox 1305 2864 1437 2944; x_wconf 89' lang='lat' dir='ltr'>nostris,</span> <span class='ocrx_word' id='word_1_158' title='bbox 1473 2864 1614 2949; x_wconf 82' lang='lat' dir='ltr'>qualiter</span> <span class='ocrx_word' id='word_1_159' title='bbox 1637 2885 1697 2929; x_wconf 90' lang='lat' dir='ltr'>nos</span> <span class='ocrx_word' id='word_1_160' title='bbox 1733 2862 1774 2927; x_wconf 95' lang='lat' dir='ltr'>ob</span> <span class='ocrx_word' id='word_1_161' title='bbox 1803 2885 1914 2927; x_wconf 90' lang='lat' dir='ltr'>amore</span> <span class='ocrx_word' id='word_1_162' title='bbox 1941 2860 2071 2927; x_wconf 82' lang='lat' dir='ltr'>Christe</span> <span class='ocrx_word' id='word_1_163' title='bbox 2100 2872 2132 2926; x_wconf 92' lang='lat' dir='ltr'>et</span> <span class='ocrx_word' id='word_1_164' title='bbox 2161 2860 2357 2926; x_wconf 76' lang='lat' dir='ltr'>stabelitate</span> 
     </span>
     <span class='ocr_line' id='line_1_19' title="bbox 701 2965 2356 3052; baseline 0.001 -23"><span class='ocrx_word' id='word_1_165' title='bbox 701 2966 794 3050; x_wconf 87' lang='lat' dir='ltr'>regni</span> <span class='ocrx_word' id='word_1_166' title='bbox 818 2967 923 3029; x_wconf 86' lang='lat' dir='ltr'>nostri</span> <span class='ocrx_word' id='word_1_167' title='bbox 939 2965 1107 3031; x_wconf 89' lang='lat' dir='ltr'>caedimus</span> <span class='ocrx_word' id='word_1_168' title='bbox 1133 2966 1176 3031; x_wconf 90' lang='lat' dir='ltr'>ad</span> <span class='ocrx_word' id='word_1_169' title='bbox 1192 2966 1414 3031; x_wconf 88' lang='lat' dir='ltr'>monastheria</span> <span class='ocrx_word' id='word_1_170' title='bbox 1438 2968 1532 3032; x_wconf 89' lang='lat' dir='ltr'>cuius</span> <span class='ocrx_word' id='word_1_171' title='bbox 1552 2966 1747 3033; x_wconf 83' lang='lat' dir='ltr'>vocabalum</span> <span class='ocrx_word' id='word_1_172' title='bbox 1773 2977 1823 3031; x_wconf 91' lang='lat' dir='ltr'>est</span> <span class='ocrx_word' id='word_1_173' title='bbox 1839 2965 2114 3047; x_wconf 88' lang='lat' dir='ltr'>Haereulfisfeldi,</span> <span class='ocrx_word' id='word_1_174' title='bbox 2139 2988 2235 3052; x_wconf 91' lang='lat' dir='ltr'>quem</span> <span class='ocrx_word' id='word_1_175' title='bbox 2257 2988 2356 3030; x_wconf 88' lang='lat' dir='ltr'>sanc·</span> 
     </span>
     <span class='ocr_line' id='line_1_20' title="bbox 703 3067 2359 3156; baseline 0.001 -23"><span class='ocrx_word' id='word_1_176' title='bbox 703 3070 848 3134; x_wconf 89' lang='lat' dir='ltr'>tissimus</span> <span class='ocrx_word' id='word_1_177' title='bbox 883 3071 933 3134; x_wconf 92' lang='lat' dir='ltr'>vir</span> <span class='ocrx_word' id='word_1_178' title='bbox 963 3069 1061 3135; x_wconf 93' lang='lat' dir='ltr'>Lullo</span> <span class='ocrx_word' id='word_1_179' title='bbox 1096 3071 1274 3156; x_wconf 91' lang='lat' dir='ltr'>episcopus</span> <span class='ocrx_word' id='word_1_180' title='bbox 1308 3073 1340 3134; x_wconf 92' lang='lat' dir='ltr'>in</span> <span class='ocrx_word' id='word_1_181' title='bbox 1376 3070 1499 3136; x_wconf 91' lang='lat' dir='ltr'>honore</span> <span class='ocrx_word' id='word_1_182' title='bbox 1528 3071 1797 3137; x_wconf 89' lang='lat' dir='ltr'>beatissimorum</span> <span class='ocrx_word' id='word_1_183' title='bbox 1832 3070 2056 3155; x_wconf 88' lang='lat' dir='ltr'>apostolorum</span> <span class='ocrx_word' id='word_1_184' title='bbox 2093 3067 2286 3155; x_wconf 68' lang='lat' dir='ltr'>[Silmonisl&#39;</span> <span class='ocrx_word' id='word_1_185' title='bbox 2320 3081 2359 3135; x_wconf 92' lang='lat' dir='ltr'>et</span> 
     </span>
     <span class='ocr_line' id='line_1_21' title="bbox 701 3172 2418 3263; baseline 0.002 -27"><span class='ocrx_word' id='word_1_186' title='bbox 701 3172 841 3238; x_wconf 82' lang='lat' dir='ltr'>Thathei</span> <span class='ocrx_word' id='word_1_187' title='bbox 856 3173 906 3238; x_wconf 93' lang='lat' dir='ltr'>vel</span> <span class='ocrx_word' id='word_1_188' title='bbox 919 3176 1093 3239; x_wconf 83' lang='lat' dir='ltr'>citerorum</span> <span class='ocrx_word' id='word_1_189' title='bbox 1111 3185 1308 3257; x_wconf 89' lang='lat' dir='ltr'>sauctorum,</span> <span class='ocrx_word' id='word_1_190' title='bbox 1326 3177 1419 3241; x_wconf 90' lang='lat' dir='ltr'>cuius</span> <span class='ocrx_word' id='word_1_191' title='bbox 1432 3177 1572 3263; x_wconf 87' lang='lat' dir='ltr'>pignora</span> <span class='ocrx_word' id='word_1_192' title='bbox 1588 3177 1708 3241; x_wconf 91' lang='lat' dir='ltr'>ibidem</span> <span class='ocrx_word' id='word_1_193' title='bbox 1726 3184 1932 3257; x_wconf 87' lang='lat' dir='ltr'>venerantur,</span> <span class='ocrx_word' id='word_1_194' title='bbox 1949 3176 2039 3238; x_wconf 91' lang='lat' dir='ltr'>visus</span> <span class='ocrx_word' id='word_1_195' title='bbox 2056 3183 2106 3238; x_wconf 89' lang='lat' dir='ltr'>est</span> <span class='ocrx_word' id='word_1_196' title='bbox 2121 3172 2319 3238; x_wconf 89' lang='lat' dir='ltr'>aedificasse</span> <span class='ocrx_word' id='word_1_197' title='bbox 2327 3182 2353 3257; x_wconf 76' lang='lat'>⁶,</span> <span class='ocrx_word' id='word_1_198' title='bbox 2382 3193 2418 3239; x_wconf 77' lang='lat'>‘20</span> 
     </span>
     <span class='ocr_line' id='line_1_22' title="bbox 702 3275 2359 3364; baseline 0.002 -25"><span class='ocrx_word' id='word_1_199' title='bbox 702 3296 900 3363; x_wconf 90' lang='lat' dir='ltr'>cessumque</span> <span class='ocrx_word' id='word_1_200' title='bbox 923 3279 956 3341; x_wconf 94' lang='lat' dir='ltr'>in</span> <span class='ocrx_word' id='word_1_201' title='bbox 979 3289 1137 3364; x_wconf 88' lang='lat' dir='ltr'>perpetuo</span> <span class='ocrx_word' id='word_1_202' title='bbox 1162 3301 1349 3344; x_wconf 90' lang='lat' dir='ltr'>mansurum</span> <span class='ocrx_word' id='word_1_203' title='bbox 1374 3301 1449 3343; x_wconf 89' lang='grc'><strong><em>6666</em></strong></span> <span class='ocrx_word' id='word_1_204' title='bbox 1472 3280 1630 3361; x_wconf 91' lang='lat' dir='ltr'>volemus,</span> <span class='ocrx_word' id='word_1_205' title='bbox 1654 3281 1717 3344; x_wconf 92' lang='lat' dir='ltr'>hoc</span> <span class='ocrx_word' id='word_1_206' title='bbox 1740 3289 1790 3344; x_wconf 91' lang='lat' dir='ltr'>est</span> <span class='ocrx_word' id='word_1_207' title='bbox 1807 3278 1934 3344; x_wconf 91' lang='lat' dir='ltr'>decima</span> <span class='ocrx_word' id='word_1_208' title='bbox 1958 3287 2052 3364; x_wconf 88' lang='lat' dir='ltr'>parte</span> <span class='ocrx_word' id='word_1_209' title='bbox 2069 3276 2110 3342; x_wconf 87' lang='lat' dir='ltr'>de</span> <span class='ocrx_word' id='word_1_210' title='bbox 2133 3275 2213 3340; x_wconf 90' lang='lat' dir='ltr'>villa</span> <span class='ocrx_word' id='word_1_211' title='bbox 2236 3289 2359 3342; x_wconf 90' lang='lat' dir='ltr'>nostra</span> 
     </span>
     <span class='ocr_line' id='line_1_23' title="bbox 701 3380 2356 3469; baseline 0.003 -27"><span class='ocrx_word' id='word_1_212' title='bbox 701 3380 733 3443; x_wconf 93' lang='lat' dir='ltr'>in</span> <span class='ocrx_word' id='word_1_213' title='bbox 757 3402 844 3466; x_wconf 87' lang='lat' dir='ltr'>pago</span> <span class='ocrx_word' id='word_1_214' title='bbox 868 3380 1038 3466; x_wconf 80' lang='lat' dir='ltr'>Torrinzie</span> <span class='ocrx_word' id='word_1_215' title='bbox 1063 3405 1125 3467; x_wconf 92' lang='lat' dir='ltr'>que</span> <span class='ocrx_word' id='word_1_216' title='bbox 1149 3382 1277 3447; x_wconf 90' lang='lat' dir='ltr'>dicetur</span> <span class='ocrx_word' id='word_1_217' title='bbox 1300 3383 1344 3447; x_wconf 90' lang='lat' dir='ltr'>ad</span> <span class='ocrx_word' id='word_1_218' title='bbox 1369 3382 1534 3468; x_wconf 88' lang='lat' dir='ltr'>Salsuuga</span> <span class='ocrx_word' id='word_1_219' title='bbox 1557 3405 1655 3469; x_wconf 91' lang='lat' dir='ltr'>super</span> <span class='ocrx_word' id='word_1_220' title='bbox 1678 3384 1815 3448; x_wconf 90' lang='lat' dir='ltr'>fluvium</span> <span class='ocrx_word' id='word_1_221' title='bbox 1840 3382 1991 3465; x_wconf 90' lang='lat' dir='ltr'>Uuisera,</span> <span class='ocrx_word' id='word_1_222' title='bbox 2027 3380 2060 3446; x_wconf 91' lang='lat' dir='ltr'>id</span> <span class='ocrx_word' id='word_1_223' title='bbox 2084 3390 2134 3445; x_wconf 87' lang='lat' dir='ltr'>est</span> <span class='ocrx_word' id='word_1_224' title='bbox 2162 3390 2231 3445; x_wconf 88' lang='lat' dir='ltr'>tam</span> <span class='ocrx_word' id='word_1_225' title='bbox 2254 3383 2356 3447; x_wconf 89' lang='lat' dir='ltr'>terris</span> 
     </span>
     <span class='ocr_line' id='line_1_24' title="bbox 700 3483 2356 3573; baseline 0 -24"><span class='ocrx_word' id='word_1_226' title='bbox 700 3486 825 3549; x_wconf 89' lang='lat' dir='ltr'>mansis</span> <span class='ocrx_word' id='word_1_227' title='bbox 864 3486 990 3572; x_wconf 89' lang='lat' dir='ltr'>campis</span> <span class='ocrx_word' id='word_1_228' title='bbox 1031 3487 1134 3571; x_wconf 88' lang='lat' dir='ltr'>pratis</span> <span class='ocrx_word' id='word_1_229' title='bbox 1173 3486 1264 3551; x_wconf 88' lang='grc'><strong><em>611616</em></strong></span> <span class='ocrx_word' id='word_1_230' title='bbox 1304 3488 1472 3572; x_wconf 80' lang='lat' dir='ltr'>pumiferis</span> <span class='ocrx_word' id='word_1_231' title='bbox 1512 3489 1718 3573; x_wconf 88' lang='lat' dir='ltr'>watriscapis</span> <span class='ocrx_word' id='word_1_232' title='bbox 1758 3488 1854 3572; x_wconf 90' lang='lat' dir='ltr'>aquis</span> <span class='ocrx_word' id='word_1_233' title='bbox 1888 3506 2114 3570; x_wconf 90' lang='lat' dir='ltr'>aquarumque</span> <span class='ocrx_word' id='word_1_234' title='bbox 2148 3483 2356 3549; x_wconf 83' lang='lat' dir='ltr'>decursebus</span> 
     </span>
     <span class='ocr_line' id='line_1_25' title="bbox 702 3588 2357 3676; baseline 0.001 -23"><span class='ocrx_word' id='word_1_235' title='bbox 702 3589 825 3672; x_wconf 89' lang='lat' dir='ltr'>gressis</span> <span class='ocrx_word' id='word_1_236' title='bbox 860 3598 893 3653; x_wconf 88' lang='lat' dir='ltr'>et</span> <span class='ocrx_word' id='word_1_237' title='bbox 916 3588 1077 3674; x_wconf 84' lang='lat' dir='ltr'>ingressis</span> <span class='ocrx_word' id='word_1_238' title='bbox 1111 3592 1307 3656; x_wconf 88' lang='lat' dir='ltr'>communiis</span> <span class='ocrx_word' id='word_1_239' title='bbox 1332 3592 1453 3676; x_wconf 87' lang='lat' dir='ltr'>perviis</span> <span class='ocrx_word' id='word_1_240' title='bbox 1488 3592 1590 3655; x_wconf 90' lang='lat' dir='ltr'>sessis</span> <span class='ocrx_word' id='word_1_241' title='bbox 1615 3590 1790 3662; x_wconf 86' lang='lat' dir='ltr'>salinariis,</span> <span class='ocrx_word' id='word_1_242' title='bbox 1825 3589 1881 3653; x_wconf 95' lang='lat' dir='ltr'>ubi</span> <span class='ocrx_word' id='word_1_243' title='bbox 1904 3588 2045 3674; x_wconf 89' lang='lat' dir='ltr'>patellas</span> <span class='ocrx_word' id='word_1_244' title='bbox 2074 3588 2116 3653; x_wconf 89' lang='lat' dir='ltr'>ad</span> <span class='ocrx_word' id='word_1_245' title='bbox 2141 3588 2211 3653; x_wconf 89' lang='lat' dir='ltr'>sale</span> <span class='ocrx_word' id='word_1_246' title='bbox 2239 3590 2357 3654; x_wconf 86' lang='lat' dir='ltr'>facere</span> 
     </span>
     <span class='ocr_line' id='line_1_26' title="bbox 701 3690 2416 3781; baseline 0.003 -26"><span class='ocrx_word' id='word_1_247' title='bbox 701 3702 877 3777; x_wconf 88' lang='lat' dir='ltr'>ponuntur,</span> <span class='ocrx_word' id='word_1_248' title='bbox 903 3715 976 3757; x_wconf 91' lang='lat' dir='ltr'>cum</span> <span class='ocrx_word' id='word_1_249' title='bbox 995 3692 1121 3758; x_wconf 76' lang='lat' dir='ltr'>omnis&lt;¹</span> <span class='ocrx_word' id='word_1_250' title='bbox 1137 3696 1334 3781; x_wconf 69' lang='grc' dir='ltr'>6166666116ο</span> <span class='ocrx_word' id='word_1_251' title='bbox 1350 3694 1472 3760; x_wconf 91' lang='lat' dir='ltr'>ibidem</span> <span class='ocrx_word' id='word_1_252' title='bbox 1489 3696 1694 3779; x_wconf 87' lang='lat' dir='ltr'>pertinentis,</span> <span class='ocrx_word' id='word_1_253' title='bbox 1720 3703 2020 3779; x_wconf 90' lang='lat' dir='ltr'>quantumcumque</span> <span class='ocrx_word' id='word_1_254' title='bbox 2043 3691 2087 3756; x_wconf 91' lang='lat' dir='ltr'>ad</span> <span class='ocrx_word' id='word_1_255' title='bbox 2109 3690 2203 3778; x_wconf 76' lang='lat' dir='ltr'>ipsa¹</span> <span class='ocrx_word' id='word_1_256' title='bbox 2221 3692 2355 3757; x_wconf 88' lang='lat' dir='ltr'>decima</span> <span class='ocrx_word' id='word_1_257' title='bbox 2381 3714 2416 3761; x_wconf 79' lang='grc'>66</span> 
     </span>
     <span class='ocr_line' id='line_1_27' title="bbox 701 3796 2357 3883; baseline 0.002 -24"><span class='ocrx_word' id='word_1_258' title='bbox 701 3804 793 3880; x_wconf 84' lang='lat' dir='ltr'>parte</span> <span class='ocrx_word' id='word_1_259' title='bbox 818 3797 857 3860; x_wconf 88' lang='lat' dir='ltr'>de</span> <span class='ocrx_word' id='word_1_260' title='bbox 879 3798 952 3881; x_wconf 89' lang='lat' dir='ltr'>ipsa</span> <span class='ocrx_word' id='word_1_261' title='bbox 975 3807 1066 3862; x_wconf 87' lang='lat' dir='ltr'>curte</span> <span class='ocrx_word' id='word_1_262' title='bbox 1090 3799 1232 3883; x_wconf 85' lang='lat' dir='ltr'>pertinet</span> <span class='ocrx_word' id='word_1_263' title='bbox 1256 3809 1289 3863; x_wconf 89' lang='lat' dir='ltr'>et</span> <span class='ocrx_word' id='word_1_264' title='bbox 1313 3798 1409 3863; x_wconf 88' lang='lat' dir='ltr'>Lullo</span> <span class='ocrx_word' id='word_1_265' title='bbox 1434 3800 1610 3883; x_wconf 89' lang='lat' dir='ltr'>episcopus</span> <span class='ocrx_word' id='word_1_266' title='bbox 1639 3808 1738 3862; x_wconf 89' lang='lat' dir='ltr'>antea</span> <span class='ocrx_word' id='word_1_267' title='bbox 1761 3798 1794 3862; x_wconf 93' lang='lat' dir='ltr'>in</span> <span class='ocrx_word' id='word_1_268' title='bbox 1824 3807 1935 3863; x_wconf 88' lang='lat' dir='ltr'>nostro</span> <span class='ocrx_word' id='word_1_269' title='bbox 1960 3796 2119 3863; x_wconf 89' lang='lat' dir='ltr'>beneficio</span> <span class='ocrx_word' id='word_1_270' title='bbox 2144 3796 2271 3877; x_wconf 84' lang='lat' dir='ltr'>habuit,</span> <span class='ocrx_word' id='word_1_271' title='bbox 2308 3800 2357 3864; x_wconf 87' lang='lat' dir='ltr'>ad</span> 
     </span>
     <span class='ocr_line' id='line_1_28' title="bbox 700 3898 2355 3987; baseline 0.004 -25"><span class='ocrx_word' id='word_1_272' title='bbox 700 3898 752 3963; x_wconf 91' lang='lat' dir='ltr'>die</span> <span class='ocrx_word' id='word_1_273' title='bbox 786 3902 930 3984; x_wconf 90' lang='lat' dir='ltr'>presenti</span> <span class='ocrx_word' id='word_1_274' title='bbox 955 3901 998 3965; x_wconf 90' lang='lat' dir='ltr'>ad</span> <span class='ocrx_word' id='word_1_275' title='bbox 1032 3903 1159 3986; x_wconf 89' lang='lat' dir='ltr'>prefato</span> <span class='ocrx_word' id='word_1_276' title='bbox 1191 3903 1264 3966; x_wconf 93' lang='lat' dir='ltr'>loco</span> <span class='ocrx_word' id='word_1_277' title='bbox 1300 3910 1415 3965; x_wconf 89' lang='lat' dir='ltr'>sancto</span> <span class='ocrx_word' id='word_1_278' title='bbox 1440 3924 1498 3987; x_wconf 92' lang='lat' dir='ltr'>pro</span> <span class='ocrx_word' id='word_1_279' title='bbox 1534 3903 1643 3965; x_wconf 90' lang='lat' dir='ltr'>anime</span> <span class='ocrx_word' id='word_1_280' title='bbox 1673 3911 1785 3967; x_wconf 87' lang='lat' dir='ltr'>nostre</span> <span class='ocrx_word' id='word_1_281' title='bbox 1819 3901 2009 3984; x_wconf 87' lang='lat' dir='ltr'>remedium,</span> <span class='ocrx_word' id='word_1_282' title='bbox 2046 3913 2082 3966; x_wconf 91' lang='lat' dir='ltr'>ut</span> <span class='ocrx_word' id='word_1_283' title='bbox 2106 3903 2169 3987; x_wconf 91' lang='lat' dir='ltr'>ipsi</span> <span class='ocrx_word' id='word_1_284' title='bbox 2205 3903 2355 3986; x_wconf 90' lang='lat' dir='ltr'>apostoli</span> 
     </span>
     <span class='ocr_line' id='line_1_29' title="bbox 700 4002 2356 4094; baseline 0.004 -27"><span class='ocrx_word' id='word_1_285' title='bbox 700 4002 831 4069; x_wconf 86' lang='lat' dir='ltr'>Christe</span> <span class='ocrx_word' id='word_1_286' title='bbox 860 4026 917 4089; x_wconf 90' lang='lat' dir='ltr'>pro</span> <span class='ocrx_word' id='word_1_287' title='bbox 950 4005 1046 4070; x_wconf 91' lang='lat' dir='ltr'>nobis</span> <span class='ocrx_word' id='word_1_288' title='bbox 1074 4007 1107 4069; x_wconf 93' lang='lat' dir='ltr'>in</span> <span class='ocrx_word' id='word_1_289' title='bbox 1140 4007 1192 4071; x_wconf 91' lang='lat' dir='ltr'>die</span> <span class='ocrx_word' id='word_1_290' title='bbox 1227 4006 1338 4071; x_wconf 90' lang='lat' dir='ltr'>iudicii</span> <span class='ocrx_word' id='word_1_291' title='bbox 1367 4007 1595 4070; x_wconf 85' lang='lat' dir='ltr'>intercessoris</span> <span class='ocrx_word' id='word_1_292' title='bbox 1627 4007 1800 4079; x_wconf 84' lang='lat' dir='ltr'>adsistant,</span> <span class='ocrx_word' id='word_1_293' title='bbox 1836 4007 2014 4087; x_wconf 88' lang='lat' dir='ltr'>trademus,</span> <span class='ocrx_word' id='word_1_294' title='bbox 2050 4006 2209 4071; x_wconf 89' lang='lat' dir='ltr'>donamus</span> <span class='ocrx_word' id='word_1_295' title='bbox 2240 4006 2356 4094; x_wconf 90' lang='lat' dir='ltr'>adque</span> 
     </span>
     <span class='ocr_line' id='line_1_30' title="bbox 700 4109 2355 4195; baseline 0.004 -24"><span class='ocrx_word' id='word_1_296' title='bbox 700 4109 933 4174; x_wconf 87' lang='lat' dir='ltr'>confirmamus</span> <span class='ocrx_word' id='word_1_297' title='bbox 957 4111 1193 4194; x_wconf 88' lang='lat' dir='ltr'>perpetualiter</span> <span class='ocrx_word' id='word_1_298' title='bbox 1224 4111 1267 4176; x_wconf 89' lang='lat' dir='ltr'>ad</span> <span class='ocrx_word' id='word_1_299' title='bbox 1291 4110 1535 4195; x_wconf 89' lang='lat' dir='ltr'>possedendum</span> <span class='ocrx_word' id='word_1_300' title='bbox 1569 4109 1710 4175; x_wconf 91' lang='lat' dir='ltr'>habendi</span> <span class='ocrx_word' id='word_1_301' title='bbox 1735 4111 1866 4175; x_wconf 90' lang='lat' dir='ltr'>tenendi</span> <span class='ocrx_word' id='word_1_302' title='bbox 1898 4111 2094 4176; x_wconf 90' lang='lat' dir='ltr'>domenandi</span> <span class='ocrx_word' id='word_1_303' title='bbox 2124 4112 2355 4178; x_wconf 88' lang='lat' dir='ltr'>commutandi</span> 
     </span>
     <span class='ocr_line' id='line_1_31' title="bbox 699 4211 2414 4301; baseline 0.005 -26"><span class='ocrx_word' id='word_1_304' title='bbox 699 4211 762 4295; x_wconf 90' lang='lat' dir='ltr'>vel,</span> <span class='ocrx_word' id='word_1_305' title='bbox 799 4214 954 4299; x_wconf 90' lang='lat' dir='ltr'>quicquid</span> <span class='ocrx_word' id='word_1_306' title='bbox 984 4216 1105 4281; x_wconf 91' lang='lat' dir='ltr'>exinde</span> <span class='ocrx_word' id='word_1_307' title='bbox 1127 4217 1189 4301; x_wconf 89' lang='lat' dir='ltr'>ipsi</span> <span class='ocrx_word' id='word_1_308' title='bbox 1218 4217 1356 4279; x_wconf 89' lang='lat' dir='ltr'>rectoris</span> <span class='ocrx_word' id='word_1_309' title='bbox 1389 4217 1493 4300; x_wconf 88' lang='lat' dir='ltr'>ipsius</span> <span class='ocrx_word' id='word_1_310' title='bbox 1522 4215 1734 4280; x_wconf 89' lang='lat' dir='ltr'>monastherii</span> <span class='ocrx_word' id='word_1_311' title='bbox 1771 4215 1820 4279; x_wconf 90' lang='lat' dir='ltr'>vel</span> <span class='ocrx_word' id='word_1_312' title='bbox 1853 4216 2053 4280; x_wconf 88' lang='lat' dir='ltr'>successoris</span> <span class='ocrx_word' id='word_1_313' title='bbox 2088 4237 2201 4279; x_wconf 87' lang='lat' dir='ltr'>eorum</span> <span class='ocrx_word' id='word_1_314' title='bbox 2234 4216 2353 4281; x_wconf 88' lang='lat' dir='ltr'>facere</span> <span class='ocrx_word' id='word_1_315' title='bbox 2379 4236 2414 4283; x_wconf 80' lang='lat' dir='ltr'>so</span> 
     </span>
     <span class='ocr_line' id='line_1_32' title="bbox 700 4316 2356 4405; baseline 0.004 -25"><span class='ocrx_word' id='word_1_316' title='bbox 700 4316 915 4399; x_wconf 89' lang='lat' dir='ltr'>decriverent,</span> <span class='ocrx_word' id='word_1_317' title='bbox 939 4341 998 4404; x_wconf 88' lang='lat' dir='ltr'>pro</span> <span class='ocrx_word' id='word_1_318' title='bbox 1024 4329 1254 4404; x_wconf 86' lang='lat' dir='ltr'>oportunetate</span> <span class='ocrx_word' id='word_1_319' title='bbox 1277 4321 1379 4405; x_wconf 88' lang='lat' dir='ltr'>ipsius</span> <span class='ocrx_word' id='word_1_320' title='bbox 1403 4319 1616 4384; x_wconf 89' lang='lat' dir='ltr'>monastherii</span> <span class='ocrx_word' id='word_1_321' title='bbox 1634 4322 1667 4383; x_wconf 93' lang='lat' dir='ltr'>in</span> <span class='ocrx_word' id='word_1_322' title='bbox 1692 4320 1850 4384; x_wconf 88' lang='lat' dir='ltr'>omnebus</span> <span class='ocrx_word' id='word_1_323' title='bbox 1873 4322 1906 4383; x_wconf 92' lang='lat' dir='ltr'>in</span> <span class='ocrx_word' id='word_1_324' title='bbox 1930 4319 1980 4384; x_wconf 92' lang='lat' dir='ltr'>dei</span> <span class='ocrx_word' id='word_1_325' title='bbox 2005 4322 2137 4384; x_wconf 90' lang='lat' dir='ltr'>nomine</span> <span class='ocrx_word' id='word_1_326' title='bbox 2160 4320 2356 4405; x_wconf 87' lang='lat' dir='ltr'>perfruatur</span> 
     </span>
     <span class='ocr_line' id='line_1_33' title="bbox 700 4421 2356 4511; baseline 0.004 -27"><span class='ocrx_word' id='word_1_327' title='bbox 700 4422 747 4484; x_wconf 92' lang='lat' dir='ltr'>eis</span> <span class='ocrx_word' id='word_1_328' title='bbox 764 4421 928 4486; x_wconf 90' lang='lat' dir='ltr'>arbitrius.</span> <span class='ocrx_word' id='word_1_329' title='bbox 956 4423 1132 4508; x_wconf 89' lang='lat' dir='ltr'>Propterea</span> <span class='ocrx_word' id='word_1_330' title='bbox 1150 4434 1335 4509; x_wconf 87' lang='lat' dir='ltr'>presentem</span> <span class='ocrx_word' id='word_1_331' title='bbox 1352 4434 1543 4510; x_wconf 90' lang='lat' dir='ltr'>preceptum</span> <span class='ocrx_word' id='word_1_332' title='bbox 1560 4424 1778 4490; x_wconf 90' lang='lat' dir='ltr'>ordinandum</span> <span class='ocrx_word' id='word_1_333' title='bbox 1796 4424 2009 4503; x_wconf 88' lang='lat' dir='ltr'>decrevimus,</span> <span class='ocrx_word' id='word_1_334' title='bbox 2033 4423 2121 4509; x_wconf 91' lang='lat' dir='ltr'>qnod</span> <span class='ocrx_word' id='word_1_335' title='bbox 2137 4444 2197 4487; x_wconf 89' lang='lat' dir='ltr'>uos</span> <span class='ocrx_word' id='word_1_336' title='bbox 2213 4436 2356 4511; x_wconf 89' lang='lat' dir='ltr'>propter</span> 
     </span>
     <span class='ocr_line' id='line_1_34' title="bbox 699 4525 2353 4595; baseline 0.003 -6"><span class='ocrx_word' id='word_1_337' title='bbox 699 4547 816 4590; x_wconf 91' lang='lat' dir='ltr'>nomen</span> <span class='ocrx_word' id='word_1_338' title='bbox 834 4525 956 4591; x_wconf 90' lang='lat' dir='ltr'>domini</span> <span class='ocrx_word' id='word_1_339' title='bbox 980 4536 1013 4592; x_wconf 89' lang='grc'>66</span> <span class='ocrx_word' id='word_1_340' title='bbox 1028 4529 1218 4592; x_wconf 88' lang='lat' dir='ltr'>reverencia</span> <span class='ocrx_word' id='word_1_341' title='bbox 1234 4527 1299 4592; x_wconf 88' lang='lat' dir='ltr'>loci</span> <span class='ocrx_word' id='word_1_342' title='bbox 1316 4526 1405 4591; x_wconf 88' lang='lat' dir='ltr'>illius</span> <span class='ocrx_word' id='word_1_343' title='bbox 1423 4539 1455 4592; x_wconf 89' lang='lat' dir='ltr'>et</span> <span class='ocrx_word' id='word_1_344' title='bbox 1471 4526 1659 4592; x_wconf 88' lang='lat' dir='ltr'>stabelitate</span> <span class='ocrx_word' id='word_1_345' title='bbox 1683 4528 1919 4593; x_wconf 87' lang='lat' dir='ltr'>monachorum</span> <span class='ocrx_word' id='word_1_346' title='bbox 1943 4529 1976 4591; x_wconf 91' lang='lat' dir='ltr'>in</span> <span class='ocrx_word' id='word_1_347' title='bbox 1993 4526 2107 4592; x_wconf 91' lang='lat' dir='ltr'>eodem</span> <span class='ocrx_word' id='word_1_348' title='bbox 2124 4528 2353 4595; x_wconf 89' lang='lat' dir='ltr'>monastherio</span> 
     </span>
     <span class='ocr_line' id='line_1_35' title="bbox 699 4628 2353 4718; baseline 0.003 -25"><span class='ocrx_word' id='word_1_349' title='bbox 699 4628 743 4694; x_wconf 88' lang='lat' dir='ltr'>ad</span> <span class='ocrx_word' id='word_1_350' title='bbox 761 4628 929 4714; x_wconf 89' lang='lat' dir='ltr'>sepedicto</span> <span class='ocrx_word' id='word_1_351' title='bbox 953 4631 1176 4696; x_wconf 87' lang='lat' dir='ltr'>monastherio</span> <span class='ocrx_word' id='word_1_352' title='bbox 1194 4629 1430 4717; x_wconf 87' lang='lat' dir='ltr'>delegavimus,</span> <span class='ocrx_word' id='word_1_353' title='bbox 1455 4653 1515 4695; x_wconf 90' lang='lat' dir='ltr'>nec</span> <span class='ocrx_word' id='word_1_354' title='bbox 1532 4654 1613 4695; x_wconf 91' lang='lat' dir='ltr'>seva</span> <span class='ocrx_word' id='word_1_355' title='bbox 1635 4631 1800 4718; x_wconf 89' lang='lat' dir='ltr'>cupiditas</span> <span class='ocrx_word' id='word_1_356' title='bbox 1817 4653 1877 4695; x_wconf 92' lang='lat' dir='ltr'>nec</span> <span class='ocrx_word' id='word_1_357' title='bbox 1899 4631 1991 4696; x_wconf 91' lang='lat' dir='ltr'>nulla</span> <span class='ocrx_word' id='word_1_358' title='bbox 2007 4631 2180 4696; x_wconf 85' lang='lat' dir='ltr'>iudiciaria</span> <span class='ocrx_word' id='word_1_359' title='bbox 2197 4642 2353 4716; x_wconf 87' lang='lat' dir='ltr'>potestas</span> 
     </span>
     <span class='ocr_line' id='line_1_36' title="bbox 698 4733 2412 4822; baseline 0.002 -25"><span class='ocrx_word' id='word_1_360' title='bbox 698 4733 823 4799; x_wconf 91' lang='lat' dir='ltr'>nullum</span> <span class='ocrx_word' id='word_1_361' title='bbox 847 4757 1000 4821; x_wconf 91' lang='lat' dir='ltr'>umquam</span> <span class='ocrx_word' id='word_1_362' title='bbox 1038 4747 1183 4822; x_wconf 89' lang='lat' dir='ltr'>tempore</span> <span class='ocrx_word' id='word_1_363' title='bbox 1207 4736 1352 4801; x_wconf 61' lang='grc' dir='ltr'>66616661ς</span> <span class='ocrx_word' id='word_1_364' title='bbox 1373 4736 1503 4800; x_wconf 85' lang='grc'><strong><em>6161666.</em></strong></span> <span class='ocrx_word' id='word_1_365' title='bbox 1552 4734 1619 4800; x_wconf 83' lang='lat' dir='ltr'>Sed</span> <span class='ocrx_word' id='word_1_366' title='bbox 1642 4747 1678 4800; x_wconf 90' lang='lat' dir='ltr'>ut</span> <span class='ocrx_word' id='word_1_367' title='bbox 1701 4737 1831 4803; x_wconf 81' lang='lat' dir='ltr'>Christo</span> <span class='ocrx_word' id='word_1_368' title='bbox 1860 4735 2035 4802; x_wconf 90' lang='lat' dir='ltr'>adiovante</span> <span class='ocrx_word' id='word_1_369' title='bbox 2064 4736 2107 4800; x_wconf 90' lang='lat' dir='ltr'>ad</span> <span class='ocrx_word' id='word_1_370' title='bbox 2138 4757 2198 4801; x_wconf 90' lang='lat' dir='ltr'>nos</span> <span class='ocrx_word' id='word_1_371' title='bbox 2226 4736 2281 4801; x_wconf 90' lang='lat' dir='ltr'>vel</span> <span class='ocrx_word' id='word_1_372' title='bbox 2305 4736 2354 4802; x_wconf 68' lang='lat' dir='ltr'>ah</span> <span class='ocrx_word' id='word_1_373' title='bbox 2378 4758 2412 4805; x_wconf 80' lang='grc'>36</span> 
     </span>
     <span class='ocr_line' id='line_1_37' title="bbox 700 4837 2355 4925; baseline 0.003 -24"><span class='ocrx_word' id='word_1_374' title='bbox 700 4837 947 4903; x_wconf 88' lang='lat' dir='ltr'>successoribus</span> <span class='ocrx_word' id='word_1_375' title='bbox 972 4840 1094 4903; x_wconf 87' lang='lat' dir='ltr'>nostris</span> <span class='ocrx_word' id='word_1_376' title='bbox 1112 4842 1334 4925; x_wconf 88' lang='lat' dir='ltr'>progenieque</span> <span class='ocrx_word' id='word_1_377' title='bbox 1358 4851 1545 4906; x_wconf 87' lang='lat' dir='ltr'>nostrorum</span> <span class='ocrx_word' id='word_1_378' title='bbox 1563 4841 1716 4925; x_wconf 90' lang='lat' dir='ltr'>omnique</span> <span class='ocrx_word' id='word_1_379' title='bbox 1740 4851 1888 4925; x_wconf 87' lang='lat' dir='ltr'>ternpore</span> <span class='ocrx_word' id='word_1_380' title='bbox 1905 4840 2097 4905; x_wconf 90' lang='lat' dir='ltr'>aelimosina</span> <span class='ocrx_word' id='word_1_381' title='bbox 2121 4852 2235 4905; x_wconf 88' lang='lat' dir='ltr'>nostra</span> <span class='ocrx_word' id='word_1_382' title='bbox 2256 4841 2355 4906; x_wconf 89' lang='lat' dir='ltr'>salva</span> 
     </span>
     <span class='ocr_line' id='line_1_38' title="bbox 699 4942 2354 5030; baseline 0.004 -25"><span class='ocrx_word' id='word_1_383' title='bbox 699 4950 731 5005; x_wconf 91' lang='lat' dir='ltr'>et</span> <span class='ocrx_word' id='word_1_384' title='bbox 755 4942 949 5007; x_wconf 92' lang='lat' dir='ltr'>inconvulsa</span> <span class='ocrx_word' id='word_1_385' title='bbox 974 4942 1110 5008; x_wconf 88' lang='lat' dir='ltr'>stabelis</span> <span class='ocrx_word' id='word_1_386' title='bbox 1134 4945 1327 5030; x_wconf 86' lang='lat' dir='ltr'>permaniat,</span> <span class='ocrx_word' id='word_1_387' title='bbox 1357 4965 1489 5007; x_wconf 91' lang='lat' dir='ltr'>manum</span> <span class='ocrx_word' id='word_1_388' title='bbox 1514 4946 1682 5030; x_wconf 89' lang='lat' dir='ltr'>propriam</span> <span class='ocrx_word' id='word_1_389' title='bbox 1706 4944 1819 5008; x_wconf 90' lang='lat' dir='ltr'>subter</span> <span class='ocrx_word' id='word_1_390' title='bbox 1842 4967 1915 5009; x_wconf 89' lang='lat' dir='ltr'>eam</span> <span class='ocrx_word' id='word_1_391' title='bbox 1944 4944 2147 5009; x_wconf 89' lang='lat' dir='ltr'>decrevimus</span> <span class='ocrx_word' id='word_1_392' title='bbox 2171 4945 2354 5011; x_wconf 73' lang='lat' dir='ltr'>adfirmare</span> 
     </span>
     <span class='ocr_line' id='line_1_39' title="bbox 698 5046 1509 5134; baseline 0.002 -24"><span class='ocrx_word' id='word_1_393' title='bbox 698 5055 731 5110; x_wconf 87' lang='lat' dir='ltr'>et</span> <span class='ocrx_word' id='word_1_394' title='bbox 754 5046 794 5111; x_wconf 90' lang='lat' dir='ltr'>de</span> <span class='ocrx_word' id='word_1_395' title='bbox 817 5047 939 5113; x_wconf 93' lang='lat' dir='ltr'>annulo</span> <span class='ocrx_word' id='word_1_396' title='bbox 962 5056 1075 5112; x_wconf 89' lang='lat' dir='ltr'>nostro</span> <span class='ocrx_word' id='word_1_397' title='bbox 1100 5047 1268 5133; x_wconf 86' lang='lat' dir='ltr'>siggillaro</span> <span class='ocrx_word' id='word_1_398' title='bbox 1290 5050 1509 5134; x_wconf 88' lang='lat' dir='ltr'>precipemus.</span> 
     </span>
    </p>
   </div>
   <div class='ocr_carea' id='block_1_9' title="bbox 800 5185 2414 5394">
    <p class='ocr_par' dir='ltr' id='par_1_9' title="bbox 800 5185 2414 5394">
     <span class='ocr_line' id='line_1_40' title="bbox 802 5185 1972 5272; baseline 0.003 -25"><span class='ocrx_word' id='word_1_399' title='bbox 802 5187 860 5263; x_wconf 85' lang='lat'><em>(0.)</em></span> <span class='ocrx_word' id='word_1_400' title='bbox 882 5186 895 5270; x_wconf 68' lang='grc' dir='ltr'>ξ</span> <span class='ocrx_word' id='word_1_401' title='bbox 919 5185 1090 5251; x_wconf 88' lang='lat' dir='ltr'>Hitherius</span> <span class='ocrx_word' id='word_1_402' title='bbox 1113 5189 1292 5272; x_wconf 89' lang='lat' dir='ltr'>recognovi</span> <span class='ocrx_word' id='word_1_403' title='bbox 1316 5198 1348 5251; x_wconf 89' lang='lat' dir='ltr'>et</span> <span class='ocrx_word' id='word_1_404' title='bbox 1370 5188 1383 5270; x_wconf 64' lang='grc' dir='ltr'><strong>ξ</strong></span> <span class='ocrx_word' id='word_1_405' title='bbox 1406 5192 1475 5265; x_wconf 85' lang='lat' dir='ltr'><strong>(SR.</strong></span> <span class='ocrx_word' id='word_1_406' title='bbox 1498 5192 1578 5253; x_wconf 82' lang='lat' dir='ltr'><strong>NT.:</strong></span> <span class='ocrx_word' id='word_1_407' title='bbox 1603 5193 1760 5250; x_wconf 78' lang='lat' dir='ltr'>Hitherius</span> <span class='ocrx_word' id='word_1_408' title='bbox 1783 5189 1972 5268; x_wconf 81' lang='lat' dir='ltr'>subscripsi).</span> 
     </span>
     <span class='ocr_line' id='line_1_41' title="bbox 800 5305 2414 5394; baseline 0.003 -23"><span class='ocrx_word' id='word_1_409' title='bbox 800 5307 814 5390; x_wconf 79' lang='lat'>}{</span> <span class='ocrx_word' id='word_1_410' title='bbox 837 5305 974 5392; x_wconf 87' lang='lat' dir='ltr'>Signum</span> <span class='ocrx_word' id='word_1_411' title='bbox 999 5312 1089 5385; x_wconf 74' lang='lat' dir='ltr'><strong>(MP.)</strong></span> <span class='ocrx_word' id='word_1_412' title='bbox 1114 5307 1225 5373; x_wconf 77' lang='lat' dir='ltr'>Caroli</span> <span class='ocrx_word' id='word_1_413' title='bbox 1248 5308 1478 5394; x_wconf 88' lang='lat' dir='ltr'>gloriosissimi</span> <span class='ocrx_word' id='word_1_414' title='bbox 1501 5309 1597 5392; x_wconf 89' lang='lat' dir='ltr'>regis.</span> <span class='ocrx_word' id='word_1_415' title='bbox 1622 5308 1635 5387; x_wconf 59' lang='lat' dir='ltr'>{l</span> <span class='ocrx_word' id='word_1_416' title='bbox 1657 5314 1714 5385; x_wconf 82' lang='lat' dir='ltr'><strong>(SI.</strong></span> <span class='ocrx_word' id='word_1_417' title='bbox 1738 5314 1788 5386; x_wconf 86' lang='lat' dir='ltr'>D.)</span> <span class='ocrx_word' id='word_1_418' title='bbox 2378 5329 2414 5377; x_wconf 76' lang='lat' dir='ltr'>to</span> 
     </span>
    </p>
   </div>
   <div class='ocr_carea' id='block_1_10' title="bbox 698 5444 2354 5635">
    <p class='ocr_par' dir='ltr' id='par_1_10' title="bbox 698 5444 2354 5635">
     <span class='ocr_line' id='line_1_42' title="bbox 802 5444 2354 5532; baseline 0.004 -23"><span class='ocrx_word' id='word_1_419' title='bbox 802 5446 924 5509; x_wconf 88' lang='lat' dir='ltr'>Datavi</span> <span class='ocrx_word' id='word_1_420' title='bbox 947 5447 979 5508; x_wconf 93' lang='lat' dir='ltr'>in</span> <span class='ocrx_word' id='word_1_421' title='bbox 1004 5468 1089 5513; x_wconf 89' lang='lat' dir='ltr'>anno</span> <span class='ocrx_word' id='word_1_422' title='bbox 1116 5467 1162 5511; x_wconf 88' lang='lat' dir='ltr'>vu</span> <span class='ocrx_word' id='word_1_423' title='bbox 1193 5449 1284 5532; x_wconf 89' lang='lat' dir='ltr'>regni</span> <span class='ocrx_word' id='word_1_424' title='bbox 1308 5449 1410 5512; x_wconf 88' lang='lat' dir='ltr'>nostri</span> <span class='ocrx_word' id='word_1_425' title='bbox 1442 5448 1503 5513; x_wconf 90' lang='lat' dir='ltr'>sub</span> <span class='ocrx_word' id='word_1_426' title='bbox 1528 5447 1580 5513; x_wconf 93' lang='lat' dir='ltr'>die</span> <span class='ocrx_word' id='word_1_427' title='bbox 1603 5470 1706 5512; x_wconf 90' lang='lat' dir='ltr'>nonas</span> <span class='ocrx_word' id='word_1_428' title='bbox 1730 5448 1913 5518; x_wconf 84' lang='lat' dir='ltr'>ianoarias;</span> <span class='ocrx_word' id='word_1_429' title='bbox 1950 5447 2083 5512; x_wconf 91' lang='lat' dir='ltr'>hactum</span> <span class='ocrx_word' id='word_1_430' title='bbox 2107 5445 2151 5510; x_wconf 90' lang='lat' dir='ltr'>ad</span> <span class='ocrx_word' id='word_1_431' title='bbox 2173 5444 2354 5515; x_wconf 85' lang='lat' dir='ltr'>Oariciaco</span> 
     </span>
     <span class='ocr_line' id='line_1_43' title="bbox 698 5548 1442 5635; baseline 0.004 -22"><span class='ocrx_word' id='word_1_432' title='bbox 698 5549 813 5634; x_wconf 88' lang='lat' dir='ltr'>palatii</span> <span class='ocrx_word' id='word_1_433' title='bbox 837 5548 977 5635; x_wconf 91' lang='lat' dir='ltr'>publioi;</span> <span class='ocrx_word' id='word_1_434' title='bbox 1006 5551 1039 5614; x_wconf 93' lang='lat' dir='ltr'>in</span> <span class='ocrx_word' id='word_1_435' title='bbox 1064 5550 1115 5615; x_wconf 92' lang='lat' dir='ltr'>dei</span> <span class='ocrx_word' id='word_1_436' title='bbox 1139 5554 1269 5615; x_wconf 87' lang='lat' dir='ltr'>nomine</span> <span class='ocrx_word' id='word_1_437' title='bbox 1293 5551 1442 5616; x_wconf 88' lang='lat' dir='ltr'>feliciter.</span> 
     </span>
    </p>
   </div>
   <div class='ocr_carea' id='block_1_11' title="bbox 792 5737 2412 6153">
    <p class='ocr_par' dir='ltr' id='par_1_11' title="bbox 792 5737 2412 6153">
     <span class='ocr_line' id='line_1_44' title="bbox 792 5737 2354 5810; baseline 0.003 -19"><span class='ocrx_word' id='word_1_438' title='bbox 792 5737 833 5791; x_wconf 78' lang='lat' dir='ltr'>to.</span> <span class='ocrx_word' id='word_1_439' title='bbox 855 5738 1169 5807; x_wconf 68' lang='grc'><strong><em>6116666666116666,</em></strong></span> <span class='ocrx_word' id='word_1_440' title='bbox 1189 5758 1206 5791; x_wconf 90' lang='grc'>6</span> <span class='ocrx_word' id='word_1_441' title='bbox 1225 5740 1292 5793; x_wconf 77' lang='lat' dir='ltr'>ether</span> <span class='ocrx_word' id='word_1_442' title='bbox 1312 5740 1361 5793; x_wconf 84' lang='lat' dir='ltr'>der</span> <span class='ocrx_word' id='word_1_443' title='bbox 1380 5742 1456 5793; x_wconf 71' lang='lat' dir='ltr'>Zeile</span> <span class='ocrx_word' id='word_1_444' title='bbox 1475 5742 1682 5809; x_wconf 76' lang='grc'><strong><em>6661666166666</em></strong></span> <span class='ocrx_word' id='word_1_445' title='bbox 1770 5742 1797 5807; x_wconf 92' lang='lat' dir='ltr'>b)</span> <span class='ocrx_word' id='word_1_446' title='bbox 1817 5740 1892 5794; x_wconf 85' lang='lat' dir='ltr'>Locb</span> <span class='ocrx_word' id='word_1_447' title='bbox 1910 5741 1948 5794; x_wconf 82' lang='lat' dir='ltr'>im</span> <span class='ocrx_word' id='word_1_448' title='bbox 1966 5742 2132 5810; x_wconf 76' lang='lat' dir='ltr'>Perponsesst</span> <span class='ocrx_word' id='word_1_449' title='bbox 2229 5743 2257 5805; x_wconf 88' lang='lat' dir='ltr'>c)</span> <span class='ocrx_word' id='word_1_450' title='bbox 2274 5745 2354 5795; x_wconf 84' lang='lat' dir='ltr'>visus</span> 
     </span>
     <span class='ocr_line' id='line_1_45' title="bbox 852 5809 2355 5878; baseline 0.005 -19"><span class='ocrx_word' id='word_1_451' title='bbox 852 5815 894 5859; x_wconf 88' lang='lat' dir='ltr'>est</span> <span class='ocrx_word' id='word_1_452' title='bbox 913 5809 1067 5859; x_wconf 82' lang='lat' dir='ltr'>aedificasse</span> <span class='ocrx_word' id='word_1_453' title='bbox 1086 5824 1136 5861; x_wconf 82' lang='grc'>666</span> <span class='ocrx_word' id='word_1_454' title='bbox 1157 5810 1299 5862; x_wconf 79' lang='grc'><strong><em>6166661666</em></strong></span> <span class='ocrx_word' id='word_1_455' title='bbox 1319 5810 1410 5863; x_wconf 82' lang='lat' dir='ltr'>Haud</span> <span class='ocrx_word' id='word_1_456' title='bbox 1429 5810 1491 5864; x_wconf 81' lang='grc'><strong><em>66661</em></strong></span> <span class='ocrx_word' id='word_1_457' title='bbox 1509 5809 1561 5863; x_wconf 76' lang='lat' dir='ltr'>mit</span> <span class='ocrx_word' id='word_1_458' title='bbox 1579 5810 1696 5877; x_wconf 74' lang='grc'><strong><em>91616166</em></strong></span> <span class='ocrx_word' id='word_1_459' title='bbox 1716 5810 1798 5862; x_wconf 81' lang='lat' dir='ltr'>Tisste</span> <span class='ocrx_word' id='word_1_460' title='bbox 1816 5812 1867 5862; x_wconf 80' lang='lat' dir='ltr'>mit</span> <span class='ocrx_word' id='word_1_461' title='bbox 1893 5810 2194 5878; x_wconf 76' lang='lat' dir='ltr'>Verwes‘suupsseieheu</span> <span class='ocrx_word' id='word_1_462' title='bbox 2212 5811 2281 5864; x_wconf 75' lang='grc'><strong><em>611666</em></strong></span> <span class='ocrx_word' id='word_1_463' title='bbox 2301 5812 2355 5866; x_wconf 83' lang='lat' dir='ltr'>der</span> 
     </span>
     <span class='ocr_line' id='line_1_46' title="bbox 853 5876 2412 5949; baseline 0.002 -21"><span class='ocrx_word' id='word_1_464' title='bbox 853 5876 927 5929; x_wconf 82' lang='lat' dir='ltr'>Zes‘le</span> <span class='ocrx_word' id='word_1_465' title='bbox 945 5878 1151 5946; x_wconf 74' lang='grc'><strong><em>6661666166666</em></strong></span> <span class='ocrx_word' id='word_1_466' title='bbox 1258 5881 1284 5947; x_wconf 83' lang='grc'>61)</span> <span class='ocrx_word' id='word_1_467' title='bbox 1303 5896 1355 5931; x_wconf 76' lang='lat' dir='ltr'>ron</span> <span class='ocrx_word' id='word_1_468' title='bbox 1374 5879 1519 5933; x_wconf 75' lang='lat' dir='ltr'>desselben</span> <span class='ocrx_word' id='word_1_469' title='bbox 1537 5879 1629 5931; x_wconf 77' lang='lat' dir='ltr'>Horrd</span> <span class='ocrx_word' id='word_1_470' title='bbox 1648 5894 1701 5932; x_wconf 81' lang='grc'>666</span> <span class='ocrx_word' id='word_1_471' title='bbox 1720 5896 1813 5931; x_wconf 88' lang='lat' dir='ltr'>omnes</span> <span class='ocrx_word' id='word_1_472' title='bbox 1832 5895 1903 5932; x_wconf 81' lang='lat' dir='ltr'>corr.</span> <span class='ocrx_word' id='word_1_473' title='bbox 1992 5881 2017 5946; x_wconf 89' lang='grc'>6)</span> <span class='ocrx_word' id='word_1_474' title='bbox 2035 5878 2085 5947; x_wconf 73' lang='lat' dir='ltr'>ool.</span> <span class='ocrx_word' id='word_1_475' title='bbox 2105 5880 2246 5949; x_wconf 73' lang='lat' dir='ltr'>Dueaupe</span> <span class='ocrx_word' id='word_1_476' title='bbox 2266 5878 2353 5935; x_wconf 74' lang='grc'><strong><em>(1166-</em></strong></span> <span class='ocrx_word' id='word_1_477' title='bbox 2378 5886 2412 5931; x_wconf 75' lang='lat' dir='ltr'>to</span> 
     </span>
     <span class='ocr_line' id='line_1_47' title="bbox 852 5946 2251 6017; baseline 0.003 -20"><span class='ocrx_word' id='word_1_478' title='bbox 852 5946 962 5999; x_wconf 80' lang='lat' dir='ltr'>sarium</span> <span class='ocrx_word' id='word_1_479' title='bbox 982 5962 1008 5997; x_wconf 82' lang='lat' dir='ltr'>rs.</span> <span class='ocrx_word' id='word_1_480' title='bbox 1029 5947 1068 5998; x_wconf 84' lang='lat' dir='ltr'>e&#39;d.</span> <span class='ocrx_word' id='word_1_481' title='bbox 1090 5953 1113 6008; x_wconf 86' lang='lat'>1,</span> <span class='ocrx_word' id='word_1_482' title='bbox 1133 5952 1185 6000; x_wconf 80' lang='grc'>154</span> <span class='ocrx_word' id='word_1_483' title='bbox 1205 5948 1265 6001; x_wconf 73' lang='lat' dir='ltr'>arrd</span> <span class='ocrx_word' id='word_1_484' title='bbox 1284 5948 1488 6002; x_wconf 78' lang='lat' dir='ltr'>Dietiormaire</span> <span class='ocrx_word' id='word_1_485' title='bbox 1506 5948 1571 6001; x_wconf 78' lang='lat' dir='ltr'>hist.</span> <span class='ocrx_word' id='word_1_486' title='bbox 1592 5948 1625 6000; x_wconf 87' lang='lat' dir='ltr'>de</span> <span class='ocrx_word' id='word_1_487' title='bbox 1643 5947 1672 6000; x_wconf 88' lang='grc'>16</span> <span class='ocrx_word' id='word_1_488' title='bbox 1691 5948 1794 6017; x_wconf 78' lang='lat' dir='ltr'>leupus</span> <span class='ocrx_word' id='word_1_489' title='bbox 1812 5948 1919 6015; x_wconf 70' lang='lat' dir='ltr'>Fruere.</span> <span class='ocrx_word' id='word_1_490' title='bbox 1938 5952 1966 6014; x_wconf 83' lang='lat'>2,</span> <span class='ocrx_word' id='word_1_491' title='bbox 1986 5952 2037 6002; x_wconf 76' lang='lat'>641</span> <span class='ocrx_word' id='word_1_492' title='bbox 2057 5963 2078 6001; x_wconf 85' lang='lat' dir='ltr'>s.</span> <span class='ocrx_word' id='word_1_493' title='bbox 2099 5966 2121 6000; x_wconf 86' lang='grc'>6.</span> <span class='ocrx_word' id='word_1_494' title='bbox 2141 5952 2251 6001; x_wconf 78' lang='grc'><strong><em>6166666</em></strong></span> 
     </span>
     <span class='ocr_line' id='line_1_48' title="bbox 849 6016 2278 6086; baseline 0.003 -20"><span class='ocrx_word' id='word_1_495' title='bbox 849 6016 871 6082; x_wconf 88' lang='grc'>1)</span> <span class='ocrx_word' id='word_1_496' title='bbox 888 6017 931 6083; x_wconf 84' lang='lat' dir='ltr'>ipa</span> <span class='ocrx_word' id='word_1_497' title='bbox 944 6030 996 6067; x_wconf 82' lang='lat' dir='ltr'>oon</span> <span class='ocrx_word' id='word_1_498' title='bbox 1016 6016 1158 6069; x_wconf 75' lang='lat' dir='ltr'>desselben</span> <span class='ocrx_word' id='word_1_499' title='bbox 1172 6017 1262 6071; x_wconf 82' lang='lat' dir='ltr'>Haud</span> <span class='ocrx_word' id='word_1_500' title='bbox 1281 6017 1342 6071; x_wconf 71' lang='lat' dir='ltr'>used</span> <span class='ocrx_word' id='word_1_501' title='bbox 1354 6017 1405 6070; x_wconf 78' lang='lat' dir='ltr'>mit</span> <span class='ocrx_word' id='word_1_502' title='bbox 1424 6017 1542 6085; x_wconf 77' lang='lat' dir='ltr'>pleicher</span> <span class='ocrx_word' id='word_1_503' title='bbox 1557 6016 1638 6069; x_wconf 80' lang='lat' dir='ltr'>Tisvte</span> <span class='ocrx_word' id='word_1_504' title='bbox 1657 6017 1724 6071; x_wconf 75' lang='grc'><strong><em>611666</em></strong></span> <span class='ocrx_word' id='word_1_505' title='bbox 1742 6018 1987 6085; x_wconf 76' lang='lat' dir='ltr'>ursprrtrspliehem</span> <span class='ocrx_word' id='word_1_506' title='bbox 2006 6036 2022 6068; x_wconf 85' lang='lat' dir='ltr'>a</span> <span class='ocrx_word' id='word_1_507' title='bbox 2092 6018 2121 6085; x_wconf 86' lang='lat' dir='ltr'>g)</span> <span class='ocrx_word' id='word_1_508' title='bbox 2139 6028 2239 6086; x_wconf 80' lang='lat' dir='ltr'>augeat</span> <span class='ocrx_word' id='word_1_509' title='bbox 2253 6024 2278 6071; x_wconf 77' lang='lat' dir='ltr'><em>A</em></span> 
     </span>
     <span class='ocr_line' id='line_1_49' title="bbox 851 6084 1318 6153; baseline 0.011 -18"><span class='ocrx_word' id='word_1_510' title='bbox 851 6084 879 6150; x_wconf 90' lang='lat' dir='ltr'>h)</span> <span class='ocrx_word' id='word_1_511' title='bbox 896 6085 1097 6153; x_wconf 72' lang='grc' dir='ltr'><strong><em>666666166ρὶ166</em></strong></span> <span class='ocrx_word' id='word_1_512' title='bbox 1116 6088 1159 6149; x_wconf 85' lang='lat' dir='ltr'>ad,</span> <span class='ocrx_word' id='word_1_513' title='bbox 1176 6088 1194 6137; x_wconf 90' lang='lat' dir='ltr'>d</span> <span class='ocrx_word' id='word_1_514' title='bbox 1212 6086 1318 6140; x_wconf 77' lang='lat' dir='ltr'>rodirt.</span> 
     </span>
    </p>
   </div>
   <div class='ocr_carea' id='block_1_12' title="bbox 0 0 2826 7159">
    <p class='ocr_par' dir='ltr' id='par_1_12' title="bbox 0 0 2826 7159">
     <span class='ocr_line' id='line_1_50' title="bbox 0 0 2826 7159; baseline 0 1"><span class='ocrx_word' id='word_1_515' title='bbox 0 0 2826 7159; x_wconf 95' lang='lat' dir='ltr'> </span> 
     </span>
    </p>
   </div>
  </div>
 </body>
</html>
