5642 7159
718 759 762 855 'a
1334 794 1762 855 xlrsnnnnunnnnn.

720 998 802 1048 sentis
825 996 909 1048 seculi
931 1001 1040 1047 aeterna
1062 997 1229 1062 conquiritur
1251 996 1327 1046 iuxta
1348 979 1541 1062 praeceptumb
1564 997 1664 1047 domini
1687 997 1813 1049 dicentis:
1843 998 1944 1061 ‚Facite
1966 999 2043 1048 vobis
2066 1000 2168 1049 amicus
2190 998 2223 1049 ds
2246 1014 2369 1049 mamona

719 1089 885 1167 iniquitatis‘.
908 1083 1001 1167 Ergo⁰
1022 1099 1056 1151 ds
1078 1116 1215 1152 mamonae
1238 1101 1392 1167 iniquitates
1414 1103 1491 1152 iuxta
1511 1103 1597 1168 ipsius
1619 1102 1719 1153 dictum
1743 1119 1792 1153 nos
1815 1104 1915 1167 oportit
1936 1118 2053 1153 mercare
2076 1108 2184 1153 aeterua
2206 1103 2316 1153 celestia
2332 1107 2367 1166 et,

719 1204 782 1256 dum
805 1204 973 1256 sacerdotum
989 1220 1133 1270 congruam
1155 1206 1312 1271 inpertimus
1327 1205 1465 1264 beneficia.
1488 1207 1679 1258 retributorum
1702 1206 1809 1257 domino
1825 1223 1858 1257 ex
1873 1207 1925 1257 hoc
1939 1206 2037 1258 habere
2052 1222 2200 1257 mereamur
2215 1208 2243 1256 in
2259 1211 2368 1256 aeterna

718 1310 899 1362 tabernacula
921 1309 1008 1376 Igitur
1029 1309 1195 1360 venerabiles
1218 1312 1260 1360 vir
1281 1309 1424 1373 Fulradus‚
1447 1311 1519 1361 abba
1540 1311 1573 1361 de
1596 1311 1710 1361 basilica
1731 1311 1880 1376 peculiares
1902 1311 2008 1375 patroni
2031 1311 2115 1360 nostri
2137 1309 2227 1360 domni
2249 1309 2366 1358 Dionisii

718 1396 863 1478 marunsl,
886 1415 933 1465 ubi
956 1415 1013 1480 ipso
1035 1418 1172 1480 preciosus
1195 1414 1308 1465 domnus
1330 1416 1357 1465 in
1381 1408 1512 1480 corpore⁰
1533 1417 1684 1481 requiescit,
1708 1415 1848 1467 climencia
1869 1417 1944 1481 regni
1967 1416 2051 1465 nostri
2066 1415 2223 1480 supleeavit,
2246 1412 2366 1478 eoquod
2389 1411 2405 1460 b

717 1521 751 1570 ab
775 1520 974 1571 antecesoribus
1002 1520 1110 1586 regibus
1132 1536 1149 1570 a
1169 1519 1250 1585 longo
1274 1525 1391 1585 tempore
1415 1520 1500 1570 omnia
1523 1522 1654 1571 emunitas
1677 1518 1709 1571 de
1732 1501 1830 1570 ιίΙΙιιιί
1849 1519 1962 1584 praelati
1978 1520 2064 1570 sancti
2088 1512 2214 1569 ιιιιίιίοἰ8
2237 1518 2289 1568 fnit
2303 1534 2365 1568 eon·

718 1641 835 1689 cessum3
857 1605 928 1674 unde
951 1629 977 1674 et
999 1625 1071 1689 ipsas
1093 1625 1276 1689 precepcionis
1298 1630 1414 1674 manos
1437 1607 1610 1674 roboratas
1633 1618 1667 1674 et
1688 1608 1774 1674 bone
1798 1608 1974 1673 memoriae
1997 1617 2150 1694 genetore
2172 1603 2268 1672 meol
2296 1604 2364 1691 glo·

717 1713 888 1778 riesisslmi
911 1713 1042 1799 Pippinl
1064 1714 1153 1798 regis
1176 1744 1205 1778 se
1227 1743 1275 1792 per
1297 1728 1420 1777 manibus
1442 1727 1548 1778 habere
1564 1727 1686 1778 adfirmat
1708 1733 1734 1779 et
1755 1727 1807 1778 hoc
1829 1743 1931 1794 usquae
1953 1744 2025 1778 nnnc
2047 1726 2239 1778 inviolabiliter
2266 1727 2366 1776 adserit

718 1849 775 1884 esse
791 1839 984 1884 conservatum.
1007 1832 1085 1883 Unde
1108 1815 1209 1898 petiit¹,
1231 1838 1262 1882 ut
1283 1832 1334 1883 hoe
1356 1847 1405 1897 per
1426 1838 1519 1883 nostra
1541 1834 1699 1883 auctoritate
1722 1831 1805 1882 dinuo
1827 1847 1876 1897 pro
1899 1846 1927 1881 ro
1950 1829 2073 1880 firmitate
2096 1831 2167 1880 circa
2189 1831 2248 1894 ipso
2272 1834 2365 1879 sancto

717 1936 777 1989 loco
800 1939 844 1989 vel
866 1939 995 2002 homines,
1017 1940 1063 2004 qui
1097 1955 1126 1989 aa
1149 1955 1209 1989 curn
1232 1939 1368 1988 sustancia
1391 1917 1505 1987 eorum¹¹
1527 1936 1561 1986 ad
1583 1938 1642 2002 ipsa
1665 1937 1778 1986 basilica
1804 1935 1913 1985 uadunt
1935 1935 1978 1985 vel
2001 1934 2162 1997 condonant,
2195 1935 2272 1984 iuxta
2293 1932 2367 1998 quod
2391 1934 2423 1982 10

718 2044 864 2094 anteriores
887 2045 956 2109 regis
979 2059 1026 2108 per
1048 2059 1139 2093 eorum
1163 2043 1330 2093 auctoritatis
1352 2040 1386 2092 ad
1409 2043 1469 2107 ipsa
1489 2040 1603 2092 basilica
1624 2042 1676 2092 hoc
1698 2041 1872 2106 prestiterunt
1894 2045 1921 2090 et
1943 2038 2139 2102 confirmarunt,
2173 2039 2224 2089 hoc
2245 2038 2368 2089 hiteratis

718 2150 789 2198 circa
810 2149 868 2212 ipso
892 2148 990 2198 abbate
1024 2145 1168 2199 concedere
1191 2152 1217 2198 et
1249 2147 1403 2197 confirmare
1428 2145 1592 2196 deberemus.
1636 2144 1701 2196 Ideo
1724 2149 1871 2210 cognuscat
1899 2143 2054 2210 magnitudo
2077 2159 2124 2194 seu
2146 2143 2252 2194 utilitas
2269 2147 2368 2205 vestra,

717 2251 789 2317 quod
812 2267 861 2301 ιιοι
883 2267 932 2317 pro
956 2253 1111 2302 reverencia
1133 2251 1217 2316 ipsius
1240 2251 1325 2301 sancti
1348 2250 1400 2300 loci
1423 2250 1467 2301 rel
1489 2266 1537 2315 pro
1560 2251 1671 2315 quietim
1694 2249 1794 2300 ibidem
1822 2249 1901 2299 deum
1924 2248 2114 2299 lamulancium
2141 2248 2368 2313 promptissimam

717 2354 888 2406 volomtatem
911 2354 993 2406 dinuo
1017 2357 1179 2406 concessisse
1202 2361 1228 2405 et
1250 2357 1278 2404 in
1302 2354 1425 2404 omnibus
1448 2352 1618 2404 confirmasse
1633 2358 1723 2404 vestra
1745 2357 1892 2419 cognuscat
1906 2352 2027 2404 solercia.
2050 2353 2220 2417 Quapropter
2235 2351 2368 2417 perhanc

718 2465 880 2526 preceptum,
908 2460 979 2526 quod
1002 2460 1144 2526 specialius
1166 2460 1333 2511 decernimus
1361 2463 1387 2509 et
1408 2459 1437 2507 in
1460 2462 1617 2523 perpetuum
1640 2458 1764 2508 volumus
1787 2475 1845 2509 esse
1868 2473 2030 2520 mansurum,
2062 2458 2194 2520 iubemus,
2228 2461 2259 2506 ut
2280 2472 2367 2522 neque
2392 2453 2423 2504 15

717 2580 766 2615 vos
792 2580 878 2630 neque
906 2545 1059 2624 i[uniores]¹
1082 2579 1129 2614 seu
1158 2579 1324 2614 successores
1346 2564 1427 2613 vestri
1454 2579 1503 2613 nec
1526 2563 1653 2628 quislibet
1687 2563 1719 2614 de
1741 2563 1883 2614 iudiciaria
1904 2568 2036 2628 potestate
2065 2564 2202 2613 accinctus
2227 2563 2257 2611 in
2279 2567 2368 2611 curtes

718 2669 831 2733 praefati
855 2669 942 2718 saneti
963 2668 1069 2718 basilici
1092 2667 1181 2718 domni
1204 2667 1319 2717 Dionisii
1343 2667 1390 2717 ubi
1413 2672 1440 2716 et
1462 2667 1509 2717 ubi
1531 2667 1560 2716 in
1583 2683 1766 2733 quascumque
1787 2683 1873 2735 pagus
1896 2669 1924 2717 in
1946 2684 2028 2734 regno
2051 2666 2100 2718 deo
2123 2667 2243 2732 propicio
2266 2671 2367 2729 nostro,

718 2769 790 2838 quod
806 2771 840 2822 ad
856 2771 915 2822 diae
931 2761 1088 2836 [praesente]
1104 2786 1166 2836 pars
1180 2772 1266 2836 ipsius
1281 2772 1435 2821 monasterii
1457 2771 1594 2836 possidere
1609 2772 1652 2823 vel
1667 2772 1804 2824 dominare
1826 2773 1932 2824 videtur
1949 2773 1993 2824 vel
2007 2772 2080 2838 quod
2095 2771 2130 2822 ad
2145 2771 2194 2823 deo
2209 2771 2367 2821 timentibus

717 2877 871 2927 hominibus
886 2891 933 2942 per
955 2875 1075 2943 legitima
1090 2877 1266 2926 instrumenta
1287 2875 1385 2926 ibidem
1401 2875 1453 2924 luit
1475 2869 1659 2926 conoessumm
1681 2883 1729 2927 aut
1747 2877 1851 2926 inantia
1873 2876 1953 2926 fuerit
1967 2874 2086 2926 additum
2103 2875 2190 2940 adque
2213 2874 2367 2940 dilegatum,

718 2997 768 3032 nec
790 2980 824 3030 ad
846 2995 942 3032 causas
965 2979 1127 3032 audiendum
1160 2997 1209 3032 nee
1232 2979 1266 3030 ad
1288 2978 1442 3030 fldeioaores
1472 2979 1620 3030 tollendum
1643 2996 1693 3031 nec
1721 2981 1755 3030 ad
1783 2981 1859 3032 freda
1886 2980 2045 3048 exigendum
2071 2997 2121 3031 nec
2149 2979 2184 3029 ad
2212 2980 2364 3029 mansiones
2388 2975 2421 3025 20

717 3085 869 3136 laciendum
885 3102 934 3137 nec
949 3091 1057 3151 paratas
1071 3102 1120 3137 nee
1142 3084 1212 3135 ullas
1227 3084 1414 3135 redebucionis
1437 3083 1626 3149 requirendum
1640 3085 1779 3150 ingredere
1802 3102 1852 3136 nec
1867 3087 1973 3152 exigere
1995 3101 2101 3150 quoque
2116 3089 2235 3148 tempore
2257 3084 2365 3147 penitus

717 3205 771 3240 non
793 3196 969 3256 presumatur,
991 3191 1044 3240 nisi
1066 3188 1196 3255 quidquid
1218 3187 1298 3239 fiscus
1320 3193 1411 3239 noster
1433 3187 1530 3239 exinde
1551 3191 1669 3254 potuerit
1684 3205 1799 3255 sperare,
1824 3192 1914 3241 omnia
1928 3196 1956 3240 at
1978 3206 2010 3241 ex
2026 3189 2149 3239 omnibus
2171 3204 2219 3253 pro
2235 3186 2365 3237 mercides

718 3295 802 3344 nostri
817 3293 994 3359 conpendium
1011 3310 1070 3345 cum
1087 3295 1172 3343 omnis
1194 3293 1285 3344 fredus
1300 3293 1334 3343 ad
1357 3294 1490 3359 integrum
1505 3288 1634 3345 sibimet¹¹
1656 3310 1807 3358 concessus,
1830 3299 1861 3344 ut
1876 3293 1977 3344 dictum
1992 3299 2040 3357 eat,
2062 3295 2196 3358 inspectas
2219 3293 2291 3357 ipsas
2306 3306 2365 3356 pre-

717 3399 853 3465 cepcionis
875 3399 1039 3449 anteriorum
1065 3413 1157 3465 regum
1180 3397 1223 3448 vel
1246 3399 1322 3448 iuxta
1344 3397 1416 3463 quod
1438 3415 1547 3463 presens
1569 3404 1661 3449 nostra
1683 3405 1825 3450 contenere
1847 3399 1954 3450 videtur
1976 3400 2129 3461 auctoritas,
2158 3395 2286 3462 quiequid
2309 3397 2366 3460 ipss

717 3487 825 3554 sauctus
847 3491 923 3554 locus
944 3503 978 3553 ad
1001 3503 1061 3555 dise
1083 3507 1213 3568 presente,
1237 3507 1267 3552 ut
1289 3493 1414 3565 diximus,
1436 3503 1535 3554 babere
1557 3502 1662 3553 videtur
1678 3520 1757 3569 quam
1779 3503 1851 3569 quod
1866 3505 1894 3553 iu
1916 3503 2084 3568 postmodum
2108 3501 2188 3552 adeo
2211 3497 2367 3550 timentibus
2389 3497 2423 3579 td

716 3608 870 3659 bominibus
893 3608 934 3659 vel
959 3623 975 3658 a
997 3609 1074 3658 nobis
1108 3608 1206 3658 ibidem
1230 3607 1310 3658 fuerit
1333 3607 1452 3658 additum
1475 3609 1517 3659 vel
1552 3608 1686 3659 conlatum
1710 3625 1757 3658 seu
1786 3610 1999 3674 quibuscumque
2020 3609 2090 3657 iuste
2120 3612 2147 3657 at
2169 3604 2369 3656 racionabiliter
2421 3577 2424 3581 ¹

718 3729 778 3762 cum
801 3728 879 3763 omne
901 3713 1037 3762 svvstaucia
1059 3727 1109 3762 sua
1131 3711 1165 3761 ad
1186 3713 1245 3776 ipso
1268 3713 1430 3762 monasterio
1453 3728 1482 3763 se
1503 3711 1650 3762 tradederit
1672 3718 1699 3762 et
1722 3728 1763 3763 res
1786 3727 1849 3762 suas
1863 3727 1911 3777 per
1932 3711 2053 3777 legitima
2070 3713 2248 3760 instrumenta
2269 3707 2368 3758 ibidem

718 3815 881 3882 delegaverit
910 3815 953 3866 vel
976 3815 1128 3878 firmaverit,
1162 3815 1212 3866 sub
1236 3809 1359 3880 integra⁰
1382 3817 1528 3866 emunitate
1555 3817 1589 3865 ad
1612 3816 1655 3867 die
1677 3821 1800 3881 presente
1829 3816 1919 3879 valeat
1939 3814 2061 3866 resedere
2087 3816 2195 3880 quietus
2218 3812 2305 3879 adque
2328 3827 2368 3861 ae-

718 3935 812 3986 curus;
852 3925 887 3982 et,
916 3925 947 3969 ut
969 3919 1068 3970 dictum
1092 3924 1139 3982 est,
1167 3919 1297 3985 quidquid
1320 3919 1416 3970 exinde
1438 3921 1550 3971 lorsitan
1573 3919 1653 3971 liseur
1676 3927 1766 3971 noster
1788 3935 1894 3986 sperare
1917 3925 2048 3986 potuerat,
2071 3920 2099 3968 in
2121 3916 2300 3967 luminaribus
2323 3915 2367 3965 vel

716 4023 744 4072 in
766 4023 905 4088 stipendiis
928 4039 975 4074 seu
992 4029 1018 4074 et
1040 4025 1068 4073 iu
1091 4021 1221 4074 elimoniis
1237 4038 1383 4088 pauperum
1406 4025 1491 4088 ipsius
1514 4025 1667 4074 monasterii
1682 4025 1835 4089 perenniter
1855 4040 1903 4088 pro
1919 4025 2017 4073 nostris
2040 4022 2156 4073 oraculis
2178 4020 2213 4071 ad
2234 4022 2367 4085 integrum
2390 4019 2424 4067 80

718 4128 745 4176 iu
769 4129 858 4177 omnia
881 4132 908 4178 et
930 4144 963 4178 ex
987 4129 1110 4179 omnibus
1135 4130 1169 4178 sit
1191 4144 1345 4178 concessum
1369 4126 1456 4193 adque
1479 4128 1620 4192 indultum,
1655 4134 1685 4178 nt
1708 4131 1765 4179 eins
1788 4129 1883 4179 melius
1911 4128 2019 4179 dilectet
2041 4143 2089 4192 pro
2117 4126 2263 4177 stabilitate
2292 4124 2368 4190 regni

717 4233 801 4281 nostri
823 4232 867 4282 vel
890 4247 938 4296 pro
961 4233 1072 4298 quietim
1094 4231 1260 4298 quibuslibet
1282 4233 1385 4282 cunctis
1408 4233 1494 4284 leodis
1516 4240 1622 4284 nostros
1644 4233 1745 4284 domini
1768 4233 1977 4284 misericordiam
1999 4232 2134 4283 adtentius
2157 4231 2308 4296 deprecare.
2331 4229 2369 4278 Et

717 4339 747 4385 ut
769 4335 835 4386 baec
857 4337 1003 4385 auctoritas
1026 4338 1126 4386 nostris
1160 4341 1187 4388 st
1208 4337 1305 4386 futuris
1327 4338 1492 4401 temporibus
1525 4339 1598 4388 circa
1618 4339 1677 4402 ipso
1701 4341 1793 4388 sancto
1824 4337 1883 4387 loco
1906 4338 2058 4401 perenniter
2087 4333 2163 4385 firma
2185 4340 2212 4385 et
2237 4333 2369 4383 inviolata

717 4444 871 4502 permaneat
894 4437 935 4488 vel
958 4454 1006 4503 per
1028 4445 1148 4504 tempora
1170 4439 1256 4490 inlesa
1279 4441 1447 4491 custodiatur
1469 4446 1549 4507 atque
1571 4447 1744 4503 conservetur
1766 4447 1793 4493 et
1807 4442 1841 4492 ab
1866 4442 1989 4492 omnibus
2005 4440 2101 4491 iudicia
2123 4441 2218 4490 melius
2234 4438 2367 4500 credatur,
2396 4412 2399 4418 Ι

716 4543 825 4607 propria
847 4556 925 4592 mano
948 4543 1125 4593 annotacione
1148 4542 1301 4594 studuimus
1324 4544 1491 4595 adumbrare.
1935 4531 1938 4534 ⁴
2390 4540 2424 4591 at

819 4669 833 4752 d
855 4666 992 4753 Signum
1016 4666 1107 4754 (llll.)
1131 4668 1250 4733 domno
1275 4665 1519 4734 carolomanno
1542 4669 1781 4755 gloriosissimo
1804 4671 1930 4756 rege}

820 4809 878 4886 (0.)
892 4803 907 4886 d
921 4805 1125 4892 Maginarius
1141 4808 1319 4893 recognovi
1335 4806 1392 4890 eti
1407 4811 1475 4886 (SR.
1490 4812 1568 4874 NTa
1586 4813 1778 4886 alapiam-ias
1793 4810 1967 4889 recognovi).
1981 4812 2052 4887 (Sl.)
2065 4807 2181 4892 [Belne
2196 4805 2368 4890 [v]al[e]at.

756 5023 765 5038 ἱ
819 4943 909 5010 Data
931 4945 964 5010 in
993 4967 1106 5011 mense
1129 4947 1280 5011 ianuario
1310 4969 1397 5011 anno
1422 4948 1527 5032 primo
1550 4948 1644 5032 regni
1673 4949 1796 5031 nostri3
1833 4955 1943 5012 actum
1967 4945 2202 5030 Salmunciago
2236 4943 2367 5030 palacio

715 5046 864 5134 publico;
891 5049 925 5114 in
948 5048 1001 5116 dei
1024 5051 1157 5115 nomine
1180 5048 1332 5115 feliciter.

1509 5242 1570 5317 tn.
2389 5264 2423 5313 ιο

715 5396 919 5469 Karlmenn
952 5396 1111 5490 destdtipt
1142 5399 1221 5470 dom
1247 5399 1463 5473 Kldstertein
1495 5402 1703 5473 Milnster·
1734 5403 1780 5474 in
1819 5399 2167 5491 Greporientbol
2199 5399 2268 5470 otte
2297 5397 2368 5468 Er-

715 5517 920 5612 wartengeis
946 5543 1012 5592 uon
1038 5519 1241 5593 Fiscalinen
1267 5523 1321 5594 als
1351 5523 1532 5594 imm—enen
1559 5522 1691 5594 Besitz.

1921 5625 2047 5701 Attiqny
2070 5627 2133 5685 769
2156 5624 2248 5686 littra
2268 5627 2321 5686 22.

727 5777 728 5780 ’
810 5777 852 5831 ll.
871 5777 899 5842 b)
916 5783 1086 5844 preaoeptum
1106 5777 1132 5830 A
1236 5779 1261 5846 c)
1278 5795 1342 5846 argo
1361 5779 1388 5832 A
1491 5778 1519 5845 d)
1536 5793 1608 5833 corr.
1632 5794 1686 5832 aaa
1712 5782 1833 5832 martires
1938 5779 1964 5845 s)
1985 5794 2131 5845 corpopore
2150 5778 2177 5831 A
2280 5776 2369 5844 odic

872 5845 1024 5916 Oderldaqe
1043 5844 1091 5899 des
1110 5851 1202 5899 ersten
1220 5847 1230 5899 l
1248 5848 1309 5901 aad
1328 5848 1376 5902 dea
1395 5865 1407 5898 ι
1426 5846 1523 5901 radirt
1645 5849 1673 5916 g)
1691 5852 1700 5900 i
1718 5849 1750 5901 ia
1768 5850 1855 5900 sancti
1878 5846 1940 5900 aad
1958 5848 1975 5898 b
1993 5847 2025 5900 ιἰι
2038 5848 2150 5904 ‚basilici
2166 5847 2240 5901 ancli
2259 5862 2365 5916 erogas,
2390 5842 2423 5891 45

870 5914 916 5968 dia
933 5915 1115 5969 ocrwiaclsteu
1132 5930 1184 5969 ars
1205 5916 1370 5986 rrtuqlictca
1381 5916 1563 5970 Bactatabea
1579 5917 1659 5971 ιιιοιιι
1676 5917 1752 5971 metr
1769 5915 1926 5971 arterrnbar
2030 5917 2059 5982 h)
2074 5916 2142 5970 riter
2159 5915 2209 5969 der
2222 5865 2299 5970 dete
2315 5932 2371 5971 voa

870 5982 1012 6038 dersclten
1025 5983 1116 6038 Herod
1133 5932 1204 6038 used
1212 5986 1263 6038 mit
1280 5985 1399 6055 pleicbcr
1413 5985 1496 6039 Tiate
1513 5987 1719 6056 aacbpetraqen
1805 5988 1826 6054 i)
1843 6001 1915 6039 corr.
1928 5988 2080 6052 auspstiet
2166 5987 2324 6054 blesorum
2341 5985 2370 6040 A

870 6053 891 6116 l)
908 6056 1026 6106 iunioras
1044 6053 1150 6118 radin,
1168 6070 1226 6108 asur
1244 6054 1294 6108 der
1312 6054 1599 6124 Arafaaqsbacbatote
1616 6056 1742 6110 aiebtbar
1851 6056 1888 6123 m)
1905 6056 1958 6106 fuit
1975 6071 2025 6106 con
2044 6070 2090 6107 um
2104 6054 2292 6110 Ζιιιιιιναιιιιι
2309 6071 2369 6109 ser·

867 6121 956 6177 diasat
1060 6124 1088 6191 ιι)
1105 6127 1185 6175 simet
1203 6125 1229 6177 A
1333 6127 1360 6191 o)
1377 6127 1456 6193 ingra
1475 6127 1510 6178 A.
2248 6132 2251 6138 '
2398 6124 2401 6130 “
