5642 7159
1051 752 1171 812 KABL
1193 751 1474 813 venenosas
1497 748 1569 812 802.
2064 748 2128 813 383

475 938 637 1005 aecclesie
659 938 864 1005 subtractum
894 938 992 1004 stab
1016 938 1104 1003 illius
1127 937 1353 1003 dominatione
1375 948 1409 1004 et
1430 947 1595 1025 potestate
1623 939 1783 1004 hactenus
1807 938 1948 1004 fuisset·
1978 937 2129 1003 dilatum.

475 1041 587 1128 thue
614 1042 702 1131 quod
731 1040 904 1109 asserebat
930 1043 1095 1109 veraciter
1122 1040 1221 1108 nobis
1249 1049 1446 1128 patesceret,
1482 1040 1600 1108 detulit
1630 1041 1801 1108 obtutibus
1834 1042 1956 1107 nostris
1987 1038 2128 1127 quedam

475 1155 642 1212 cartarum
665 1147 867 1213 monimenta
889 1167 1079 1233 regumque,
1103 1146 1315 1211 decessorum
1340 1145 1466 1210 seilicet
1488 1155 1685 1229 nostrorum,
1716 1144 1878 1233 quasdam
1901 1146 2128 1227 auctoritates,

475 1249 594 1337 quibus
618 1250 778 1337 inspectis
801 1258 901 1336 atque
923 1250 1055 1316 relectis
1078 1249 1248 1316 evidenter
1269 1248 1456 1315 ostenditur
1477 1248 1662 1336 predictum
1686 1250 1922 1315 monasterium
1944 1250 2025 1315 iuris
2050 1271 2128 1335 sepe

437 1367 454 1418 t
477 1351 562 1419 dicte
579 1354 668 1421 sedis
692 1352 936 1421 Oenomannice
953 1353 1014 1420 sibi
1038 1355 1215 1420 commisse
1231 1376 1306 1419 esse
1329 1355 1410 1419 etin
1432 1354 1539 1441 ipsius
1555 1354 1781 1419 dominatione
1806 1352 1925 1419 debere
1941 1355 2126 1440 persistere.

477 1457 680 1545 Suppliciter
701 1482 779 1545 ergo
803 1468 954 1525 nostram
977 1480 1120 1524 exorans
1144 1458 1363 1539 clementiam,
1393 1468 1439 1535 ut,
1475 1458 1563 1544 quod
1586 1468 1655 1524 tam
1684 1457 1891 1524 evidentibus
1918 1458 2049 1524 indiciis
2073 1458 2127 1524 de-

476 1563 630 1648 claratur,
664 1571 780 1629 nostra
811 1565 934 1651 quippe
963 1564 1165 1645 assensione,
1199 1564 1298 1627 immo
1327 1564 1526 1627 auctoritate
1556 1561 1664 1628 denuo
1698 1562 1883 1646 roboretur,
1918 1584 1981 1649 qus
2008 1564 2056 1628 ita
2084 1561 2129 1627 ad

475 1665 636 1753 liquidum
672 1678 911 1753 cognoscentes
941 1669 1037 1755 eique
1066 1668 1108 1734 ob
1142 1687 1287 1733 amorem
1318 1666 1372 1732 dei
1399 1677 1433 1732 et
1461 1666 1609 1733 eiusdem
1644 1676 1757 1752 sancte
1793 1667 1883 1733 sedis
1910 1668 2127 1733 reverentiam

476 1772 625 1838 favorem
652 1781 765 1838 nostre
793 1774 1003 1839 auctoritatis
1033 1771 1191 1838 adhibere
1220 1770 1354 1857 dignum
1376 1770 1564 1838 iudicantes
1592 1772 1656 1839 hoc
1678 1781 1790 1839 nostre
1818 1773 2028 1840 auctoritatis
2057 1796 2127 1860 pre-

422 1892 455 1941 1o
477 1885 609 1964 ceptum
632 1878 662 1942 ei
685 1878 820 1963 suisque
843 1900 902 1963 per
925 1886 1074 1963 tempora
1104 1874 1353 1941 successoribus
1375 1875 1446 1941 fieri
1476 1897 1516 1942 ac
1539 1876 1611 1941 dari
1635 1878 1846 1964 precipimus,
1876 1901 1936 1965 per
1958 1877 2046 1965 quod
2074 1878 2128 1943 de·

477 1981 639 2045 cernimus
654 1991 753 2067 atque
769 1980 930 2065 iubemus,
954 1990 991 2045 ut
1006 1988 1222 2045 memoratum
1237 1979 1509 2045 monasteriolum
1524 1982 1631 2045 sancti
1648 1979 1808 2064 Karileffi,
1833 1981 1921 2068 quod
1936 1979 2128 2067 aliquandiu

478 2105 498 2148 a
520 2084 668 2171 predicte
692 2084 780 2150 sedis
804 2083 964 2170 aecclesie
987 2086 1059 2150 iure
1081 2095 1115 2151 et
1137 2085 1359 2152 dominatione
1383 2085 1592 2152 subtractum
1615 2086 1733 2170 fuerat,
1763 2086 1882 2153 abhinc
1905 2089 1938 2152 in
1961 2096 2127 2173 posterum

476 2185 622 2254 habeant
644 2198 744 2274 atque
765 2187 961 2276 possideant
983 2199 1016 2254 et
1038 2189 1196 2276 quicquid
1218 2188 1466 2255 aecclesiastico
1490 2189 1560 2256 iure
1584 2190 1624 2256 de
1646 2213 1685 2257 eo
1708 2190 1885 2278 disponere
1912 2190 2127 2274 decreverint,

478 2294 617 2361 liberam
641 2295 674 2358 in
700 2294 851 2359 omnibus
875 2292 1021 2360 habeant
1042 2302 1241 2380 potestatem
1264 2291 1408 2358 faciendi
1438 2314 1546 2379 neque
1568 2293 1636 2359 ullo
1660 2294 1816 2380 deinceps
1845 2304 1992 2381 tempore
2015 2316 2036 2359 a
2058 2296 2128 2360 iure

423 2413 456 2463 ro
477 2400 604 2486 prefate
626 2401 743 2465 matris
765 2397 927 2483 aecclesie
944 2398 1081 2484 eiusque
1103 2406 1268 2463 rectorum
1285 2396 1433 2483 qualibet
1457 2398 1631 2464 occasione
1651 2407 1710 2464 aut
1732 2398 1889 2465 violentia
1903 2421 1925 2463 a
1947 2398 2043 2465 nobis
2059 2400 2128 2463 sive

477 2526 498 2569 a
529 2503 780 2570 successoribus
814 2505 937 2569 nostris
967 2512 1168 2590 segregetur,
1203 2502 1263 2569 sed
1293 2525 1423 2588 semper
1455 2504 1489 2568 in
1518 2501 1605 2569 illius
1640 2504 1897 2590 pontificumque
1925 2502 1996 2569 eius
2031 2511 2129 2589 atque

477 2616 641 2674 rectorum
665 2604 849 2693 potestate‘
869 2616 903 2672 et
925 2606 1145 2693 dispositione
1168 2628 1208 2671 ac
1232 2605 1404 2672 voluntate
1427 2606 1472 2672 ad
1494 2606 1643 2673 divinum
1666 2607 1792 2673 cultum
1816 2608 2012 2694 propensius
2036 2629 2129 2672 exer-

478 2711 618 2778 cendum
652 2734 727 2778 cum
756 2712 910 2778 omnibus
944 2711 988 2777 ad
1017 2734 1052 2778 se
1081 2710 1324 2799 pertinentibus
1348 2711 1557 2796 integerrime
1591 2720 1624 2776 et
1652 2710 1780 2798 absque
1814 2711 1882 2776 ulla
1914 2711 2129 2777 diminutione

477 2816 599 2881 nostris
622 2815 807 2902 futurisque
830 2816 991 2881 consistat
1013 2815 1229 2902 temporibus.
1257 2814 1303 2879 Et
1319 2822 1354 2880 nt
1376 2814 1437 2899 hec
1459 2814 1654 2880 redditionis
1677 2823 1789 2880 nostre
1812 2817 1995 2880 auctoritas
2018 2814 2129 2880 verius

422 2935 457 2985 ao
478 2919 633 2986 credatur
656 2930 690 2986 et
713 2920 901 3007 diligentius
928 2929 1141 2986 conservetur
1162 2941 1221 3006 per
1250 2920 1362 2984 omnia
1385 2927 1419 2983 et
1440 2919 1565 2985 firmius
1594 2919 1712 2985 futuris
1740 2918 1943 3005 temporibus
1966 2927 2128 3001 teneatur,

478 3046 580 3089 manu
603 3024 737 3110 propria
761 3024 875 3091 subter
898 3025 1103 3091 firmavimus
1127 3033 1159 3090 et
1183 3024 1224 3090 de
1246 3022 1346 3089 anulo
1370 3032 1484 3090 nostro
1509 3023 1654 3110 sigillare
1677 3024 1844 3090 iussimus.

580 3161 719 3249 Signum
743 3165 809 3246 (n.)
831 3164 948 3229 Karoli
972 3164 1222 3250 gloriosissimi⁸
1243 3163 1464 3250 imperatoris.

581 3300 747 3368 Genesius
770 3302 920 3369 advicem
944 3303 1170 3370 Erchanbaldi
1192 3305 1370 3390 recognovi
1393 3313 1427 3369 et
1450 3303 1642 3391 subscripsi.

581 3441 673 3507 Data
694 3443 729 3507 in
752 3465 865 3509 mense
888 3445 1005 3509 martio
1022 3461 1084 3507 xvr
1106 3442 1631 3530 kalend.april.ann010hristo
1655 3441 1797 3529 propitio
1821 3441 1956 3528 gloriosi
1979 3438 2130 3529 imperii1¹

425 3557 459 3608 ao
480 3545 584 3610 nostri
608 3554 641 3611 et
663 3563 794 3611 xxxrnr
816 3548 908 3633 regni
931 3549 1035 3613 nostri
1059 3546 1092 3612 in
1115 3547 1262 3613 Francia
1285 3556 1317 3613 et
1339 3564 1456 3611 xxvm
1484 3547 1518 3612 in
1541 3545 1653 3629 ltalia;
1691 3545 1726 3609 in
1749 3544 1802 3609 dei
1833 3546 1964 3611 nomine
1992 3546 2131 3611 feliciter

478 3671 586 3715 amen.

1267 3946 1354 4020 aot.

1214 4103 1396 4184 (Unecbt.)

481 4240 576 4312 Kcrl
601 4242 666 4312 der
697 4239 823 4314 Grosse
851 4241 1010 4334 bestdtipt
1036 4244 1114 4313 dom
1140 4241 1285 4313 Kloster
1310 4241 1367 4313 st.
1396 4241 1530 4314 Peter
1562 4244 1608 4314 tu
1634 4241 1784 4315 Monte
1811 4242 2038 4315 Piciueuli
2062 4245 2130 4315 den

426 4379 461 4429 no
482 4362 603 4433 Besits
629 4363 694 4433 mit
721 4363 875 4436 Zeluteu
902 4365 977 4436 und
1002 4364 1221 4456 Erstlinpcu
1248 4363 1462 4435 Immunitclt
1490 4366 1566 4436 und
1590 4363 1679 4453 freis
1706 4362 1896 4435 Abtswclrl.

1653 4536 1695 4546 -
1719 4506 1783 4564 702
1808 4498 1894 4584 [802]
1920 4502 2011 4562 More
2032 4504 2085 4564 25.

584 4693 777 4768 Aspebliclres
802 4693 939 4769 0ιὶρίηώ
961 4694 1011 4753 des
1034 4698 1183 4757 res-13.
1207 4694 1261 4756 Jt.
1284 4696 1326 4753 im
1351 4692 1568 4767 Capitulurclric
1588 4712 1629 4753 su
1651 4691 1765 4755 Aresso
1788 4691 1852 4773 (A).

583 4832 759 4907 Murparini
780 4833 864 4895 Ball.
889 4832 1049 4893 desinaus
1070 4838 1101 4906 2,
1126 4839 1166 4896 19
1194 4840 1229 4893 κθ
1242 4839 1286 4897 23
1317 4852 1353 4893 ec
1381 4834 1463 4896 aret.
1486 4833 1613 4895 cathedr.
1638 4833 1719 4895 Aret.
1748 4830 1802 4911 (B)
1829 4865 1865 4877 -
1895 4832 2011 4906 Pusqoi
2032 4832 2130 4892 Dora·

584 4939 678 4995 menti
694 4955 752 5011 per
774 4936 804 4996 lu
825 4938 920 4996 storia
941 4936 974 4995 di
996 4936 1112 4997 Arme
1135 4942 1166 5011 1,
1188 4941 1231 4999 38
1252 4939 1293 4999 N.
1316 4942 1334 4997 1
1359 4955 1416 4998 aas
1440 4937 1477 4997 A.
1501 4971 1542 4980 —
1565 4936 1760 4997 Mahlluolrer
1780 4936 1854 5010 neq.
1877 4938 1940 4996 384
1965 4934 2065 5015 (377).

584 5075 644 5135 Die
659 5074 774 5147 Sutria
795 5092 852 5134 oon
865 5076 892 5135 A
916 5077 957 5135 ist
979 5077 1044 5135 eino
1066 5075 1218 5135 dortheus
1239 5077 1437 5136 vertumade
1452 5077 1525 5136 ohne
1547 5078 1694 5137 bestimmt
1716 5080 1936 5149 uaspeprdptcn
1952 5073 2131 5145 (literalem,-

585 5178 641 5239 das
668 5179 827 5253 Umtiepen
849 5197 906 5239 oon
933 5178 1161 5252 Ueterschoftea
1182 5179 1246 5239 arrd
1268 5179 1323 5239 dus
1345 5179 1515 5240 Aa'ssr'elsen
1537 5180 1587 5239 des
1611 5181 1717 5239 letstm
1740 5178 1876 5252 Sotades
1898 5197 1954 5239 oon
1975 5197 2002 5239 m
2024 5177 2089 5237 arrd
2110 5194 2132 5237 n

583 5283 666 5342 scrut
689 5282 810 5355 darcss
826 5284 889 5355 hin,
913 5284 983 5344 dass
1005 5286 1050 5344 sie
1070 5285 1151 5343 nieht
1172 5301 1225 5342 vor
1247 5283 1295 5342 die
1316 5285 1417 5344 sweite
1439 5283 1548 5356 Hdlfte
1570 5283 1619 5343 des
1642 5287 1693 5345 12.
1718 5283 1773 5345 Jls.
1798 5283 1901 5343 dutirt.
1936 5282 2002 5342 Das
2024 5283 2131 5341 Mono-

581 5403 710 5461 prumm,
733 5388 827 5447 neten
848 5387 914 5445 dem
935 5387 991 5447 dus
1008 5387 1102 5462 Siepel
1123 5385 1324 5461 auspedrttclct
1346 5407 1419 5459 soar,
1443 5390 1483 5447 ist
1506 5387 1571 5447 dan
1591 5388 1904 5461 Kaisermonopramm
1920 5386 2079 5445 Heimicha
2095 5386 2137 5445 ΙΙ

583 5490 785 5564 mctueahmt.
808 5490 873 5549 Der
882 5468 988 5550 Daseia
999 5490 1189 5565 Morparints
1204 5493 1309 5552 beruht
1324 5492 1411 5552 ulem
1423 5492 1589 5553 Arachotos
1602 5492 1678 5551 nach
1693 5489 1757 5563 aas
1767 5490 1812 5563 A,·
1835 5492 1881 5550 die
1893 5489 2132 5563 Atweiclumpea

583 5595 627 5651 im
653 5594 773 5653 Numen
799 5593 849 5654 dea
877 5594 1029 5667 Klostsrs,
1064 5595 1118 5655 dus
1145 5596 1335 5670 Marparr'ni,
1369 5596 1610 5657 waltreclreinticls
1637 5598 1766 5669 pestdtst
1794 5593 1859 5667 aas
1883 5594 1931 5652 dic
1967 5592 2131 5655 Urlrunden

585 5696 758 5757 Friedrichs
780 5699 804 5757 I
821 5698 898 5776 (luter
918 5716 981 5757 nur
1001 5701 1052 5758 ein
1072 5699 1302 5776 Montispincoli)
1333 5700 1398 5758 aad
1420 5699 1606 5759 Alexanders
1629 5698 1685 5759 ΙΙΙ
1707 5699 1784 5777 (tier
1806 5699 1855 5757 ein
1877 5697 2081 5758 monasterium
2103 5716 2127 5759 s.

584 5800 733 5862 Michaelis
747 5802 779 5863 in
795 5806 890 5863 monte
904 5802 1037 5880 Pinooli),
1061 5804 1177 5881 Pacuui
1192 5804 1211 5864 l.
1228 5823 1251 5864 e.
1270 5805 1343 5877 515,
1368 5806 1432 5865 516
1447 5809 1481 5863 η’
1495 5806 1568 5876 386,
1592 5807 1665 5875 387,
1689 5804 1735 5865 uls
1749 5802 1783 5864 8.
1796 5804 1897 5863 Pistw
1912 5803 1946 5861 in
1960 5802 2130 5877 Monteptn·

555 5984 618 6043 m
635 5986 760 6110 pluisse
771 5987 816 6070 B,
825 5989 967 6059 albaspip
984 6006 1039 6045 coa
1055 5994 1192 6059 suggessit
1208 5992 1295 6053 nobis,
1313 6008 1347 6044 eo
1363 5992 1447 6061 quod,
1467 5990 1529 6045 eins
1547 5990 1652 6045 modus
1669 5988 1834 6077 stilisttsclss
1847 5950 2036 6073 Es'rsrsnlsunp
2054 5989 2131 6073 ultre

655 6055 725 6111 ursle
738 6054 907 6129 Strssclrassp
917 6074 973 6113 soa
983 6075 1016 6113 eo
1027 6062 1098 6129 quod
1108 6060 1225 6129 pepusa
1283 6062 1478 6131 operestatem
1491 6060 1518 6114 B
1578 6058 1812 6130 g)glornss1m1B
1865 6059 1894 6126 Ιι)
1911 6064 2081 6126 smperstorrs
2094 6055 2129 6109 Β.
