5642 7159
678 775 744 842 230
1286 777 1727 838 KAISERURKUNDEN.

679 965 770 1030 circa
791 965 900 1051 ipsum
934 975 1087 1029 sanctum
1110 964 1229 1047 locum,
1264 963 1422 1050 quiequid
1444 961 1630 1028 antedictus
1652 962 1842 1028 Hilderious
1870 973 1902 1028 et
1931 965 2001 1028 eius
2030 965 2174 1049 genitrix
2203 986 2328 1051 suaque

679 1071 803 1136 coniux
826 1068 870 1134 ad
891 1069 979 1134 idem
1002 1070 1236 1135 monasterium
1259 1069 1322 1132 visi
1346 1077 1424 1133 sunt
1440 1066 1622 1152 delegasse,
1646 1068 1680 1131 in
1695 1065 1903 1153 helymoeina
1925 1076 2040 1132 nostra
2063 1067 2180 1133 cedere
2203 1077 2236 1134 et
2252 1090 2328 1135 con-

679 1174 812 1239 firmare
835 1172 1040 1239 deberemus.
1087 1173 1235 1255 Quorum
1257 1173 1448 1258 petitionem
1473 1171 1636 1257 denegare
1658 1169 1833 1255 noluimus,
1865 1170 1925 1237 sed
1948 1193 2007 1258 pro
2030 1172 2193 1238 mercedis
2216 1183 2327 1259 nostre

680 1288 857 1364 augmento
880 1278 928 1344 ita
942 1278 1147 1344 concessisse
1170 1286 1270 1363 atque
1293 1279 1327 1342 in
1351 1276 1503 1342 omuibus
1526 1272 1762 1342 confirmassel
1786 1276 1985 1361 cognoscite.
2011 1276 2232 1362 Pracipientes
2249 1298 2327 1362 ergo

680 1383 840 1466 iubemus,
875 1392 911 1446 ut
932 1381 1043 1447 nullus
1071 1382 1227 1469 quislibet
1250 1382 1290 1448 de
1317 1381 1472 1447 fidelibus
1495 1382 1619 1447 nostris
1647 1379 1833 1467 predictum
1860 1379 2080 1448 venerabilem
2104 1381 2210 1446 virum
2233 1380 2366 1446 Mau-o

679 1479 830 1554 roaldum
855 1486 1010 1552 abbatem
1033 1509 1177 1573 suosque
1201 1506 1422 1569 successores,
1457 1487 1512 1571 qui
1535 1485 1658 1550 iirerint
1679 1494 1825 1551 rectores
1848 1507 1907 1570 per
1934 1494 2085 1573 tempora
2112 1487 2327 1573 suprascripti

680 1593 871 1657 monasterii
895 1600 1010 1676 sancte
1031 1590 1148 1675 Mariq,
1183 1600 1243 1656 aut
1264 1590 1446 1655 monachos
1476 1587 1559 1654 inibi
1587 1589 1805 1655 consistentes
1836 1588 1877 1654 de
1899 1590 1966 1654 iam
1994 1590 2072 1654 fatis
2098 1589 2209 1664 rebus,
2244 1612 2327 1676 quas

679 1695 848 1781 predictus
871 1692 1062 1760 Hilderious
1086 1704 1119 1759 et
1142 1695 1287 1780 genitrix
1310 1715 1372 1759 sua
1394 1702 1494 1780 atque
1518 1695 1588 1758 eius
1605 1693 1728 1758 coniux
1750 1692 1796 1758 ad
1817 1693 1925 1780 ipsum
1941 1703 2093 1759 sanctum
2115 1694 2226 1759 locum
2242 1693 2327 1759 dele-

679 1809 853 1886 gaverunt,
877 1800 1028 1884 inspecta
1043 1799 1118 1884 ipsa
1135 1798 1323 1880 traditione,
1348 1797 1435 1862 sieut
1449 1819 1508 1884 per
1524 1795 1663 1861 eandem
1680 1794 1878 1879 declaratur,
1901 1797 1992 1862 nullo
2007 1819 2164 1884 umquam
2180 1805 2328 1884 tempore

678 1904 861 1991 inquietare
884 1912 943 1967 aut
958 1902 1084 1989 aliquid
1103 1900 1317 1968 subtrahere⁰
1338 1900 1391 1966 vel
1408 1903 1553 1965 minuere
1569 1909 1747 1985 presumat,
1772 1899 1831 1965 sed
1845 1922 1905 1987 per
1927 1900 1990 1965 hoc
2005 1909 2117 1986 nostre
2140 1902 2326 1967 serenitatis
2352 1917 2384 1966 ιο

679 2019 780 2095 atque
802 2007 1061 2074 confirmationis
1077 2015 1269 2092 preceptum
1293 2003 1337 2071 ad
1353 2027 1432 2091 sepe
1448 2003 1572 2070 dictum
1596 2003 1832 2069 monasterium
1856 2005 1890 2068 in
1912 1999 2108 2070 helimosina
2134 2014 2249 2070 nostra
2271 2026 2328 2069 seu

680 2110 846 2198 stipendia
870 2132 1040 2176 serrorum
1063 2109 1116 2175 dei
1139 2107 1374 2196 perpetualiter
1396 2107 1574 2193 proficiant
1597 2107 1630 2172 in
1654 2107 1850 2193 augmentis,
1875 2110 2031 2195 quatinus
2046 2109 2163 2174 melius
2187 2108 2330 2173 delectet

680 2217 754 2302 ipsa
777 2225 895 2281 sancta
917 2216 1130 2301 congregatio
1153 2236 1213 2302 pro
1236 2212 1333 2279 nobis
1356 2233 1526 2299 uxoreque
1550 2221 1583 2277 et
1605 2210 1719 2277 liberis
1735 2213 1857 2279 nostris
1881 2216 2039 2278 attentius
2058 2212 2180 2278 domini
2204 2213 2327 2278 miseri-

680 2320 828 2387 cordiam
851 2340 998 2386 exorare.
1044 2320 1088 2385 nt
1109 2329 1147 2384 ut
1168 2317 1229 2403 hec
1252 2320 1420 2405 preceptio
1444 2317 1569 2382 firmior
1591 2315 1755 2382 habeatur
1776 2317 1830 2382 vel
1853 2341 1912 2404 per
1934 2329 2084 2404 tempora
2110 2316 2228 2383 melius
2252 2338 2328 2383 con-

681 2435 839 2509 servetur,
863 2447 962 2489 manu
985 2424 1120 2510 propria
1143 2420 1277 2488 subter⁶
1299 2422 1502 2488 firmavimus
1526 2430 1559 2486 et
1582 2419 1622 2486 de
1646 2419 1745 2486 anulo
1767 2431 1880 2488 nostro
1905 2422 2049 2508 sigillare
2072 2423 2236 2488 iussimus.
2353 2438 2385 2485 ιδ
2429 2479 2430 2482 ,

782 2562 920 2650 Signum
943 2566 1009 2642 (ll.)
1031 2561 1149 2628 Karoli
1171 2561 1400 2648 gloriosissimi
1422 2563 1519 2647 regis.

787 2704 897 2792 (Ego>
922 2703 1137 2769 Heriambeld
1160 2702 1312 2768 advicem
1334 2701 1483 2768 Redonis
1506 2704 1695 2788 recognovi.

781 2843 873 2908 Data
894 2844 929 2908 in
952 2865 1063 2908 mense
1085 2864 1160 2926 aug.
1183 2863 1270 2907 anno
1286 2859 1377 2905 xxm
1400 2850 1434 2906 et
1449 2858 1538 2905 xvln
1560 2844 1652 2927 regni
1675 2840 1796 2924 nostri3
1827 2849 1938 2906 actum
1953 2839 2172 2926 Regansburg
2193 2841 2329 2906 civitate

626 2950 628 2953 ’
680 2948 804 3034 palatio
829 2946 980 3034 publico;
1002 2947 1036 3012 in
1060 2945 1112 3011 dei
1135 2946 1278 3011 nomine.

1460 3205 1547 3278 172.
2351 3229 2386 3276 so

679 3366 774 3438 Kurl
804 3368 868 3438 der
899 3364 1027 3438 Grosse
1061 3365 1194 3455 befieblt
1221 3366 1288 3437 den
1315 3365 1498 3450 Bronten,
1533 3364 1731 3449 Hilderiob,
1768 3365 1846 3436 dem
1873 3386 1912 3434 er·
1945 3364 2001 3436 dio
2035 3362 2243 3454 Vertrotuup
2269 3365 2330 3436 des

679 3488 840 3560 Klosters
866 3486 1011 3576 Furfo
1038 3487 1227 3578 onerosa,
1255 3488 1295 3557 iu
1321 3487 1415 3558 allen
1443 3485 1696 3558 Reobtssaobcn
1723 3507 1768 3556 au
1794 3491 2043 3556 untersttitaen.

1788 3625 1980 3698 Reuerssbury
2004 3627 2064 3684 791
2090 3622 2210 3697 August
2232 3628 2284 3686 28,

782 3819 956 3892 nequirem
978 3816 1129 3889 Farfsse
1157 3832 1214 3876 aas
1242 3816 1308 3873 usn
1331 3814 1419 3873 naas
1446 3814 1497 3875 aa
1527 3820 1576 3876 11.
1601 3815 1655 3878 Jn.
1683 3816 1718 3873 a
1732 3791 1812 3874 ‘coa
1842 3814 1935 3874 Varro.
1960 3815 2046 3874 saer
2068 3812 2093 3886 f.
2117 3809 2190 3876 471¹
2217 3817 2250 3873 a
2277 3813 2330 3872 aer

787 3924 1012 3981 Vaticanischea
1040 3920 1209 3980 Bibliothols
1234 3937 1275 3978 su
1304 3919 1381 3978 Rom
1404 3917 1472 3996 (B).
1507 3952 1548 3962 —
1583 3916 1749 3978 chronicon
1772 3917 1920 3989 Forfense
1947 3935 2004 3978 aas
2033 3918 2099 3976 aas
2122 3917 2248 3992 Ausona
2277 3917 2327 3977 des
2351 3931 2384 3980 25

783 4030 835 4088 12.
859 4027 912 4086 Jlr.
938 4025 962 4098 f.
987 4029 1050 4087 130
1072 4027 1106 4084 in
1129 4026 1182 4083 der
1203 4024 1369 4083 Biblioteca
1396 4023 1701 4082 Vitiatio-Emonam
1723 4041 1764 4081 aa
1787 4023 1865 4082 Rom
1889 4019 1952 4101 (G).
2403 4025 2404 4028 ’

781 4165 935 4225 Muratori
950 4165 1005 4227 SS.
1020 4159 1069 4244 2⁶,
1094 4168 1158 4225 412
1180 4181 1237 4223 oua
1254 4161 1279 4223 0
1299 4186 1341 4218 =
1363 4165 1468 4237 Misus
1484 4162 1596 4223 Patrol.
1614 4167 1666 4233 97,
1691 4166 1776 4223 1023
1797 4168 1832 4220 a⁰
1846 4164 1897 4223 15.
1922 4195 1965 4205 -
1988 4163 2112 4236 Reqesto
2133 4163 2165 4220 di
2180 4160 2281 4234 Furfo
2297 4165 2326 4232 5,

781 4273 846 4332 216
867 4276 902 4328 a⁰
916 4273 1002 4330 1228
1024 4287 1081 4329 aas
1104 4270 1143 4330 B.
1171 4303 1206 4313 —
1231 4267 1427 4328 Mthlboolrer
1448 4269 1521 4342 Ray.
1544 4272 1609 4328 313
1632 4266 1732 4346 (304).

785 4408 976 4482 Gloichscitip
997 4409 1052 4466 mit
1073 4413 1109 4464 πθ
1125 4412 1196 4479 171,
1231 4425 1275 4466 wo
1297 4409 1373 4467 aucis
1395 4408 1552 4467 Hilderiolr
1572 4411 1704 4482 emant
1726 4409 1776 4487 ist,
1811 4407 1859 4465 die
1881 4406 2080 4466 abueiolrcnde
2103 4405 2329 4479 Jotresuaqabc

781 4515 815 4570 in
839 4512 864 4570 0
884 4512 946 4571 also
973 4512 1116 4571 Versetea
1138 4512 1187 4570 des
1210 4512 1377 4573 Sobreibers
1399 4513 1454 4586 nJl.
1479 4512 1555 4570 auch
1570 4511 1767 4570 Mrtblbacber
1781 4510 1800 4572 l.
1818 4529 1842 4572 c.
1875 4511 1967 4570 Uebar
1989 4510 2046 4569 dea
2069 4508 2328 4584 unqewttulichea
2350 4521 2384 4569 30

783 4615 946 4705 Ausdruolr
969 4615 1095 4691 sigillum
1119 4617 1153 4674 in
1176 4616 1228 4675 der
1251 4614 1480 4676 corroboratus
1503 4616 1599 4677 Siolrel
1627 4615 1691 4677 UL.
1715 4619 1778 4675 199
1802 4614 1841 4675 N.
1867 4617 1896 4676 6.

780 4802 926 4868 Karolus
948 4803 1055 4887 gratia
1078 4801 1131 4868 dei
1160 4825 1220 4868 rex
1242 4803 1448 4867 Francorum
1476 4812 1509 4867 et
1532 4801 1828 4887 Langobardorum
1855 4822 1896 4866 ae
1923 4803 2082 4889 patricius
2104 4802 2327 4867 Romanorum

680 4905 832 4972 omnibus
856 4905 994 4971 ducibus
1017 4905 1213 4991 gastaldiis·
1235 4908 1425 4972 actionariis
1450 4928 1508 4971 seu
1522 4905 1658 4992 reliquis
1681 4905 1833 4972 iidelibus
1849 4907 1970 4971 nostris
1993 4904 2050 4971 ubi
2065 4905 2123 4970 ubi
2147 4907 2327 4970 consisten-

679 5012 777 5076 tibus.
883 5010 1006 5076 Notum
1029 5009 1125 5075 vobis
1149 5010 1200 5084 sit,
1225 5011 1302 5097 quie
1323 5011 1367 5076 ad
1391 5010 1657 5096 deprecationem
1681 5010 1741 5074 viri
1766 5009 1964 5075 venerabilis
1987 5010 2173 5075 Mauroaldi
2196 5009 2328 5075 abbatis

677 5117 814 5201 eiusque
837 5115 1103 5199 congregationis
1127 5115 1326 5200 precipimus
1349 5114 1520 5179 Hilderico
1544 5113 1632 5178 fideli
1653 5122 1777 5196 nostro,
1800 5122 1837 5178 ut
1857 5135 1977 5179 causas
2000 5115 2189 5179 monasterii
2213 5121 2327 5196 sancte
2350 5127 2384 5176 35

678 5219 783 5302 Maria
807 5219 859 5283 vel
880 5218 987 5304 ipsius
1010 5215 1143 5283 abbatis
1172 5217 1347 5303 diligenter
1368 5219 1533 5304 requirere
1561 5227 1595 5282 et
1617 5217 1766 5284 exaltare
1796 5218 1917 5284 debeat
1938 5221 1971 5283 in
1994 5221 2231 5306 cuiuscumque
2254 5218 2327 5283 loco

677 5323 730 5388 vel
752 5324 936 5388 ministerio
962 5345 1021 5388 seu
1044 5330 1219 5408 potestate.
1242 5321 1424 5407 Propterea
1448 5319 1508 5386 has
1531 5321 1657 5386 litteras
1680 5322 1751 5387 fieri
1767 5324 1984 5409 precepimus,
2008 5346 2066 5409 per
2089 5345 2171 5409 quas
2196 5322 2326 5389 omnino

677 5423 837 5509 iubemus,
869 5423 938 5500 utl,
969 5425 1165 5512 ubicumque
1187 5427 1222 5489 in
1249 5435 1360 5490 vestra
1384 5425 1567 5490 ministeria
1594 5424 1647 5491 vel
1674 5435 1839 5513 potestate
1868 5426 2040 5492 advenerit
2068 5437 2101 5492 et
2130 5427 2171 5492 de
2192 5425 2327 5491 iustitiis

677 5530 816 5616 predicti
844 5532 1035 5596 monasterii
1066 5531 1118 5597 vel
1148 5532 1251 5617 ipsius
1278 5529 1412 5596 abbatis
1441 5532 1576 5617 suisque
1604 5529 1775 5594 monacbis
1804 5529 1899 5596 vobis
1929 5530 2119 5596 condixerit
2148 5530 2201 5595 vel
2229 5530 2326 5594 inter·

677 5632 861 5720 pellaverit,
895 5633 1069 5720 diligenter
1087 5645 1186 5719 atque
1210 5635 1334 5721 puriter
1357 5633 1402 5699 ad
1430 5644 1557 5720 partem
1583 5633 1762 5719 supradicti
1786 5637 1977 5700 monasterii
2006 5635 2167 5700 iustitiam
2188 5632 2326 5699 reddere
2349 5647 2384 5695 40

679 5737 842 5802 studeatis
865 5735 992 5824 absque
1014 5737 1084 5802 ulla
1107 5738 1296 5803 marritione
1319 5737 1370 5803 vel
1396 5737 1554 5803 dilatione
1578 5747 1610 5803 et
1625 5737 1750 5804 nullam
1773 5739 2032 5824 inquietudinem
2048 5748 2106 5805 aut
2128 5737 2326 5803 calumniam

755 5926 815 5980 171.
834 5925 862 5992 b)
879 5926 1043 5978 deliberasse
1062 5924 1089 5978 B
1192 5926 1218 5992 c)
1235 5927 1391 5994 suptrahere
1409 5925 1437 5979 B
1540 5927 1569 5993 d)
1586 5931 1677 5994 supter
1695 5924 1731 5978 Β.

753 6029 813 6085 172.
832 6030 859 6097 a)
876 6031 1007 6096 gastaldis
1024 6029 1059 6094 B,
1078 6028 1249 6082 casalono
1342 6032 1370 6097 b)
1387 6032 1692 6100 Propterea-iubemus
1711 6037 1741 6082 ut
1758 6029 1827 6096 saliit
1848 6029 1876 6092 0,
1904 6047 1943 6084 aa
1965 6036 2098 6098 potestate
2116 6029 2243 6083 schliesst
2266 6027 2326 6082 oieb

831 6099 1014 6152 uumittelbar
1032 6107 1060 6150 st
1077 6100 1239 6164 ubicumque
1258 6115 1297 6152 oa
