5642 7159
647 699 722 802 ‘218
1260 733 1705 798 nursnnnnnnnnsu.

760 924 1016 993 Hercanbaldus
1039 923 1191 989 advicem
1214 921 1372 988 Radonis.

762 1065 853 1132 Data
867 1083 891 1128 v
912 1063 980 1130 lral.
997 1063 1110 1150 aprilis
1127 1085 1215 1128 anno
1231 1079 1280 1126 xx
1303 1069 1336 1127 et
1351 1077 1430 1125 xnn
1446 1061 1539 1146 regni
1555 1061 1680 1143 nostri;
1704 1069 1816 1126 actum
1831 1055 2064 1144 Ingbilinhaim
2080 1034 2158 1125 villa
2179 1067 2307 1133 nostra;

659 1173 694 1236 in
717 1169 770 1236 dei
792 1169 924 1235 nominc
946 1167 1095 1235 feliciter.

1439 1458 1526 1536 161.

660 1622 755 1694 Korl
788 1623 852 1695 dor
883 1620 1011 1695 Grosse
1044 1620 1203 1710 beatatipt
1233 1620 1333 1690 elaea
1359 1641 1437 1690 oom
1463 1605 1677 1704 Erebisoleos
1696 1613 1899 1706 Aaqilroaa
1933 1637 1999 1685 ooo
2025 1613 2124 1686 Meta
2155 1613 2220 1702 fair
2245 1616 2349 1686 dors

660 1742 805 1815 Kiostcr
836 1741 972 1815 Gerae
998 1742 1161 1812 mildam
1182 1738 1335 1828 Biscltof
1348 1738 1471 1809 Boreo
1498 1760 1564 1809 ooo
1587 1736 1676 1808 Toul
1705 1736 2000 1828 obpesclrlosseaeu
2024 1735 2308 1827 Toosclloertrop.

1959 1909 1999 1918 —
2024 1879 2088 1937 788
2111 1876 2193 1936 June·
2215 1879 2267 1937 11.

769 2074 882 2134 Gorzer
906 2071 1068 2130 Cirnaba
1090 2087 1148 2130 aas
1171 2069 1224 2128 der
1244 2071 1369 2129 sueton
1392 2066 1502 2141 Hulfte
1523 2067 1574 2127 dea
1597 2071 1647 2128 12.
1672 2067 1727 2128 le.
1745 2084 1779 2140 p.
1805 2071 1844 2127 41
1870 2069 1904 2125 ia
1926 2068 1979 2126 der
2000 2067 2245 2127 Stodtbihlt'otlrek
2271 2087 2312 2127 aa

765 2178 847 2235 Meta
871 2175 935 2254 (Β).

766 2312 961 2393 (Tobooillot)
984 2314 1065 2374 Hist.
1089 2314 1124 2372 de
1146 2314 1230 2372 Mete
1252 2317 1281 2385 4,
1306 2318 1348 2373 17
1370 2329 1427 2371 aas
1451 2311 1489 2371 B.
1513 2343 1554 2353 —
1582 2310 1684 2370 Gallio
1707 2311 1806 2372 christ.
1829 2305 1896 2382 13⁶,
1920 2313 1984 2371 446
2006 2313 2075 2371 a⁰2
2098 2309 2169 2389 (aas
2191 2309 2244 2389 B).
2269 2343 2308 2354 -
2334 2324 2367 2372 ιο

765 2415 970 2478 D’Herbomea
991 2417 1076 2478 Cart.
1093 2418 1129 2476 de
1151 2415 1235 2477 tabo.
1252 2416 1288 2476 cle
1313 2416 1410 2477 Gerae
1432 2417 1473 2476 55
1496 2421 1530 2473 πθ
1547 2417 1592 2475 27
1614 2432 1670 2475 aus
1687 2415 1725 2477 Β.
1748 2448 1791 2458 -
1817 2415 2009 2474 Μᾱῖιὶὺασὴεν
2031 2415 2104 2489 Rep.
2121 2419 2185 2475 294
2209 2412 2310 2494 (285).

765 2556 931 2616 Ferreolor
953 2578 993 2609 =
1016 2559 1117 2627 a⁰79‚
1133 2557 1206 2615 136.
1230 2553 1289 2613 Die
1304 2555 1468 2633 Dotirunp,
1493 2557 1547 2614 wie
1569 2573 1598 2614 es
1622 2555 1675 2614 der
1691 2552 2001 2615 Obortolorsolrreiber
2022 2553 2101 2624 lieet,
2126 2554 2220 2612 durch
2235 2553 2312 2612 Eia·

765 2661 924 2733 sohicbanp
946 2659 1172 2731 ouscbiedeaer,
1195 2677 1251 2718 oon
1273 2660 1336 2718 ilem
1358 2659 1542 2748 berechneter
1565 2658 1767 2718 Jabresdotca
1789 2660 1941 2717 ersoeitert.

767 2863 913 2930 Karalus
935 2864 1044 2948 gratia
1068 2862 1120 2928 dei
1143 2887 1204 2929 rex
1226 2864 1433 2931 Francorum
1461 2874 1494 2930 et
1517 2863 1814 2952 Langobardorum
1833 2885 1874 2928 ac
1905 2865 2065 2950 patricius
2089 2866 2313 2931 Romanorum

666 2969 818 3036 omnibus
840 2966 992 3034 fidelibus
1020 2968 1143 3032 nostris
1173 2968 1383 3054 presentibus
1411 2979 1445 3033 et
1475 2969 1604 3034 futuris.
1712 2967 1747 3032 Si
1776 2967 1849 3050 hoc,
1881 2967 1969 3053 quod
1998 2977 2143 3034 rectores
2174 2969 2313 3034 ecclesie
2338 2983 2369 3034 15

665 3095 724 3161 pro
749 3073 973 3159 oportunitate
995 3070 1232 3136 venorabilium
1255 3071 1406 3137 locorum
1435 3073 1520 3137 inter
1543 3081 1602 3137 se*
1624 3081 1843 3155 commutant,
1873 3074 1995 3138 nostris
2028 3074 2169 3139 oraculis
2197 3075 2314 3139 confir·

664 3199 804 3260 mamus,
836 3176 962 3261 regiam
985 3175 1256 3241 consuetudinem
1279 3198 1473 3242 exercemus
1507 3185 1540 3241 et
1562 3176 1596 3241 id
1630 3178 1664 3241 in
1686 3175 1896 3261 postmodum
1920 3178 1990 3240 iure
2013 3178 2200 3243 firmissimo
2225 3201 2314 3243 man-

666 3304 777 3348 surum
793 3303 866 3346 esse
882 3279 1056 3345 credimus.
1074 3279 1179 3367 Igitur
1193 3289 1306 3345 uotum
1323 3283 1367 3345 sit
1383 3282 1529 3345 omnium
1545 3290 1689 3345 vestrum
1706 3279 1935 3366 magnitudini,
1953 3279 2092 3365 qualiter
2108 3281 2314 3348 venerabiles

666 3387 726 3452 viri
741 3385 977 3469 Angilrannus,
996 3382 1170 3448 Mettensis
1194 3384 1332 3450 ecclesie
1350 3385 1620 3472 archiepiscopus
1644 3393 1743 3470 atque
1760 3383 1953 3469 capellanus
1976 3383 2098 3469 palacii
2115 3386 2230 3468 nostri,
2253 3409 2314 3452 nco

665 3512 732 3557 non
749 3497 781 3554 et
795 3489 915 3573 Borno,
931 3487 1097 3553 Tullensis
1113 3487 1250 3553 ecclesie
1266 3490 1454 3575 episcopus,
1473 3490 1506 3553 in
1522 3497 1667 3554 nostram
1684 3498 1898 3554 accesserunt
1914 3489 2114 3574 presentiam
2131 3500 2316 3556 asserentes
2338 3507 2372 3558 ao

668 3620 702 3662 sc
725 3616 785 3681 pro
809 3596 1031 3680 oportunitate
1055 3589 1227 3656 ambarum
1251 3594 1394 3678 partium
1418 3590 1633 3658 ecclesiarum
1656 3614 1710 3656 res
1733 3591 1862 3678 aliquas
1890 3593 1976 3656 inter
2000 3614 2035 3656 se
2058 3592 2315 3660 concamiasscl.

667 3698 764 3766 Unde
787 3707 820 3763 et
841 3700 932 3783 ipsas
956 3696 1230 3761 commutationes
1245 3696 1406 3762 bonorum
1430 3695 1598 3762 hominum
1615 3695 1776 3770 manibus¹
1791 3695 1967 3761 roboratas
1990 3697 2022 3760 in
2038 3700 2185 3782 presenti
2210 3708 2316 3764 osten-

668 3805 786 3869 derunt
800 3800 1005 3886 relegendas,
1029 3799 1085 3864 ubi
1102 3809 1135 3864 et
1150 3801 1373 3885 eognovimus,
1397 3801 1539 3887 qualiter
1554 3800 1645 3865 dedit
1659 3801 1771 3865 Borno
1787 3799 1954 3865 Tullensis
1977 3799 2116 3866 ecclesie
2139 3803 2316 3888 episcopus

668 3906 712 3971 ad
734 3915 862 3991 partem
879 3905 985 3968 sancti
1003 3903 1163 3988 Stephani
1182 3904 1234 3969 vel
1258 3905 1364 3969 sancti
1380 3905 1470 3970 Petri
1493 3907 1683 3970 monasterii
1702 3904 1893 3970 Gorziensis
1915 3927 1968 3969 res
1986 3905 2115 3991 aliquas
2132 3905 2172 3971 de
2187 3909 2317 3973 ratione

667 4012 773 4097 ipsius
797 4008 937 4074 ecclesie
959 4006 1125 4073 Tullensis
1150 4010 1257 4072 sancti
1274 4007 1434 4094 Stephani
1458 4008 1511 4074 vel
1535 4009 1640 4074 sancti
1657 4009 1738 4093 Apri
1760 4010 1794 4072 in
1818 4030 1904 4094 pago
1921 4009 2089 4094 Vongensi
2112 4011 2145 4075 in
2169 4010 2242 4076 loco
2260 4013 2314 4097 qui
2338 4029 2371 4077 ao

667 4121 807 4178 vocatur
822 4110 971 4189 Stilonio,
995 4111 1154 4196 quiequid
1175 4134 1254 4197 pars
1276 4113 1380 4198 ipsius
1404 4113 1543 4178 ecclesie
1566 4114 1599 4177 in
1622 4112 1770 4198 predicto
1787 4111 1860 4178 loeo
1884 4115 1957 4177 visa
1980 4123 2031 4178 est
2054 4115 2241 4200 possedisse
2264 4115 2317 4180 vel

669 4218 825 4297 tenuisse,
849 4237 924 4280 cum
948 4216 1035 4279 omni
1059 4216 1247 4300 integritate
1270 4216 1321 4281 vel
1346 4217 1513 4283 soliditate
1538 4238 1608 4283 sna.
1644 4216 1801 4283 Similiter
1819 4227 1953 4282 econtra
1976 4219 2009 4282 in
2025 4240 2206 4304 compensa
2227 4218 2318 4285 dedit

669 4324 736 4386 iam
759 4321 846 4386 fatus
863 4319 1087 4404 Angilrannus
1104 4319 1276 4386 Mettensis
1300 4320 1439 4387 ecclesie
1458 4321 1725 4408 archiepiscopus
1747 4343 1800 4386 res
1817 4318 1945 4406 aliquas
1970 4321 2010 4386 de
2026 4324 2154 4387 ratione
2178 4322 2317 4388 ecclesio

670 4426 777 4491 sancti
793 4423 952 4510 Stephani
968 4423 1140 4490 Mettensis
1163 4424 1216 4489 vel
1240 4429 1346 4490 sancti
1371 4426 1458 4491 Petri
1482 4427 1674 4491 monasterii
1697 4423 1889 4490 Gorziensis
1912 4426 1945 4490 in
1969 4434 2077 4512 pago⁶
2099 4424 2317 4512 Suggcntensi

669 4531 703 4594 in
725 4529 798 4594 loco
823 4529 877 4614 qui
900 4537 1040 4593 vocatur
1062 4527 1207 4604 Siavolo,
1232 4551 1368 4594 mansus
1392 4552 1475 4618 quas
1492 4529 1643 4616 Alpaidis
1667 4529 1832 4616 quondam
1857 4529 1979 4594 femina
2002 4531 2045 4596 ad
2069 4541 2195 4616 partem
2215 4533 2318 4617 ipsius
2340 4549 2374 4599 3ο

669 4632 862 4698 monasterii
887 4631 994 4697 sancti
1010 4633 1098 4697 Petri
1115 4632 1250 4699 tradidit
1273 4633 1325 4699 vel
1342 4634 1516 4720 delegavit,
1539 4656 1613 4699 cnm
1631 4633 1718 4698 omni
1734 4635 1925 4720 integritate
1948 4634 1999 4700 vel
2017 4634 2181 4701 soliditate
2197 4658 2318 4719 carum,

671 4737 825 4823 quicquid
849 4757 926 4822 pars
949 4737 1052 4822 ipsius
1076 4738 1266 4802 monasterii
1291 4739 1325 4802 in
1349 4740 1507 4803 iamfato
1531 4738 1604 4804 loeo
1630 4739 1700 4802 visa
1723 4746 1774 4803 est
1796 4737 1997 4823 possedisse.
2027 4738 2093 4803 Sed
2108 4762 2167 4827 pro
2191 4741 2320 4826 integra

670 4842 827 4908 firmitate
856 4840 1026 4905 iamdicti
1055 4842 1116 4905 viri
1140 4843 1308 4926 petierunt
1330 4843 1558 4908 celsitudinem
1581 4852 1738 4926 nostram,
1768 4853 1804 4908 ut
1827 4841 1889 4907 hoo
1918 4864 1976 4928 per
2003 4851 2149 4907 nostram
2179 4845 2320 4909 auetori-

671 4945 772 5012 tatem
795 4945 990 5010 confirmare
1013 4945 1220 5012 deberemus.
1259 4947 1408 5029 Quorum
1431 4969 1492 5014 nos
1517 4945 1735 5033 peticionibus
1759 4947 1902 5031 gratanti
1932 4947 2042 5010 animo
2065 4947 2113 5010 ita
2136 4948 2320 5032 prestitisse

671 5049 724 5115 vel
747 5049 959 5115 confirmasse
976 5051 1174 5135 cognoscite.
1198 5051 1422 5138 Precipicntes
1442 5072 1519 5135 ergo
1537 5051 1697 5135 iubemus,
1721 5059 1766 5134 ut,
1783 5048 1937 5137 quicquid
1961 5071 2038 5134 pars
2061 5048 2157 5115 alteri
2180 5050 2319 5116 contulit
2341 5069 2374 5117 35

671 5153 757 5239 parti
779 5162 838 5218 aut
860 5163 995 5218 econtra
1019 5155 1051 5219 in
1076 5176 1255 5240 compensa
1277 5159 1412 5243 recepit,
1437 5156 1479 5221 ab
1503 5156 1565 5220 hac
1582 5155 1634 5220 die
1658 5177 1716 5240 per
1737 5154 1845 5219 hano⁸
1867 5162 2015 5218 nostram
2036 5154 2319 5220 confirmationem

670 5257 815 5322 habeant
826 5266 1025 5342 potestatem
1041 5257 1183 5323 habendi
1201 5260 1334 5324 tenendi
1351 5259 1450 5326 dandi
1470 5259 1692 5325 commutandi
1709 5257 1761 5323 vel
1778 5257 1935 5345 quicquid
1951 5257 2070 5322 exinde
2083 5259 2318 5345 unusquisque,

673 5359 797 5447 quoda
813 5362 883 5445 pari
908 5381 967 5426 suo
985 5363 1123 5448 accepit,
1147 5361 1191 5427 ad
1206 5364 1389 5450 profectum
1413 5364 1591 5429 earundem
1608 5363 1821 5428 eeclesiarum
1838 5384 1992 5427 exercere
2007 5361 2158 5444 voluerit,
2182 5361 2320 5428 liberem

672 5487 712 5529 ac
735 5464 957 5528 firmissimam
981 5466 1015 5529 in
1040 5465 1192 5530 omnibus
1215 5465 1361 5532 habeant
1383 5477 1582 5553 potestatem
1607 5467 1749 5532 faciendi
1780 5476 1813 5531 ct
1836 5487 1941 5552 neque
1964 5488 1984 5530 a
2006 5465 2161 5552 predictis
2185 5489 2319 5532 venora-

671 5566 793 5632 bilibus
817 5569 894 5634 viris
913 5592 1019 5656 neque
1042 5570 1084 5634 ab
1108 5593 1219 5636 eorum
1237 5572 1487 5639 successorihus
1511 5572 1577 5637 ullo
1603 5593 1758 5658 umquam
1782 5581 1929 5656 tempore
1949 5572 2021 5656 ipse
2044 5571 2317 5637 commutationes
2342 5589 2377 5638 to

672 5667 844 5735 violentur.
868 5671 964 5738 Unde
980 5682 1013 5737 et
1036 5672 1119 5737 duas
1135 5675 1401 5741 confirmationes
1425 5699 1489 5741 uno
1513 5675 1648 5742 tenore‘¹
1672 5676 1878 5762 conscriptas
1901 5675 1971 5740 lieri
1987 5675 2154 5758 iussimus,
2179 5698 2264 5762 quas
2288 5687 2322 5742 ct

672 5795 774 5838 manu
796 5776 931 5861 propria
952 5776 1157 5842 firmavimus
1180 5778 1276 5844 etde
1300 5779 1399 5844 anulo
1423 5777 1546 5845 nostro
1563 5780 1700 5865 sigillari
1723 5780 1890 5846 iussimus.

750 5961 810 6018 1⁶1.
829 5964 856 6029 a)
874 5979 928 6017 voa
946 5968 1074 6032 apoterer
1093 5965 1185 6019 Hoad
1202 5967 1270 6020 siber
1288 5967 1338 6020 der
1356 5967 1431 6021 Zeile
1449 5968 1655 6038 aoohpetropea
1743 5970 1772 6034 b)
1789 5984 1961 6022 concamasse
1980 5968 2008 6023 B
2088 5969 2113 6034 c)
2131 5971 2160 6020 in
2179 5985 2249 6036 pago
2267 5985 2321 6023 voa

827 6037 956 6101 apoterer
976 6034 1067 6088 Hortd
1085 6035 1153 6089 uber
1172 6035 1223 6089 der
1240 6036 1315 6090 Zeila
1332 6037 1540 6106 rtoclrpetropca
1644 6039 1672 6106 d)
1690 6045 1810 6106 tompore
1828 6037 1863 6092 B.
