5642 7159
740 754 802 823 128
1341 760 1770 822 Knlsuausnuuonn.

841 954 904 1012 814
928 950 999 1009 Dec.
1023 955 1053 1021 1,
1076 948 1353 1023 Mottoacnerneq.
1378 953 1442 1013 552
1465 949 1568 1030 (533),
1592 952 1732 1011 crndtnt.
1784 952 1876 1012 Ucber
1897 952 1946 1011 die
1968 951 2062 1010 duret
2087 949 2163 1011 Titel
2184 950 2249 1010 nnd
2270 951 2382 1023 Recon-

840 1056 937 1113 nition
956 1056 1097 1129 praebens
1118 1055 1306 1131 Einrcibnnp
1329 1055 1426 1134 (Jnni
1447 1053 1631 1135 774-775)
1654 1055 1847 1116 Montana
1867 1057 1941 1131 Iton.
1965 1059 2029 1117 174
2053 1054 2150 1134 (170).

840 1246 897 1321 (O.)
929 1242 943 1325 }{
971 1241 1111 1308 Carolus
1141 1246 1251 1329 gratia
1287 1244 1340 1310 dei
1367 1267 1427 1310 rex
1457 1245 1659 1310 Francorum
1695 1254 1727 1309 et
1757 1243 2053 1330 Longabardorum
2082 1243 2190 1330 adque
2222 1243 2383 1329 patricius

738 1348 969 1413 Romanorum.
992 1344 1006 1426 ξ
1109 1345 1192 1413 Cum
1216 1350 1250 1413 in
1273 1347 1326 1413 dei
1354 1350 1487 1413 nomine
1510 1348 1682 1415 Uermeria
1709 1350 1741 1413 iu
1770 1348 1894 1434 palatio
1923 1359 2039 1413 nostro
2062 1347 2294 1428 resideremus,
2329 1370 2384 1412 ve·

736 1452 865 1517 nientes
880 1460 1017 1536 agentes
1034 1453 1140 1517 sancti
1159 1452 1301 1517 Dionisii
1317 1460 1351 1518 et
1365 1451 1549 1537 F[olradi]·
1571 1452 1704 1518 abbatis
1721 1462 1964 1539 suggesserunt,
1989 1475 2027 1518 eo
2044 1451 2132 1539 quod
2147 1473 2168 1516 a
2183 1450 2385 1538 quibusdam
2407 1467 2423 1515 o

737 1552 898 1620 teloneisb
920 1555 1204 1621 contradiceretur
1233 1579 1275 1621 ex
1302 1566 1448 1622 mercato
1477 1558 1584 1621 sancti
1609 1556 1762 1622 Dionisii.
1808 1557 1953 1643 Ideoque
1982 1567 2095 1622 notum
2129 1579 2202 1622 esse
2230 1554 2385 1621 volumus

737 1658 888 1724 omnibus
911 1661 1075 1745 episcopis
1097 1660 1273 1725 comitibus
1296 1659 1474 1726 abbatibus
1497 1662 1629 1726 vicariis
1652 1661 1849 1727 centenariis
1873 1661 2061 1727 teloneariis
2085 1670 2118 1726 et
2140 1661 2260 1726 ceteris
2284 1680 2385 1725 exae-

737 1762 863 1829 toribus
886 1763 1027 1850 publicis
1043 1765 1130 1830 inira
1152 1786 1272 1851 pagum
1289 1765 1494 1831 Parisiacum
1518 1765 1660 1831 bonores
1676 1762 1875 1831 habentibus
1891 1788 1931 1829 ac
1946 1765 2091 1851 reliquos
2107 1764 2222 1830 fideles
2240 1774 2384 1845 nostros,

737 1869 879 1956 qualiter
901 1869 995 1935 vobis
1026 1868 1214 1935 ordinamus
1243 1880 1342 1956 atque
1372 1869 1580 1952 mandamus,
1610 1880 1655 1944 ut,
1691 1870 1889 1956 ubicumque
1920 1870 2006 1935 infra
2034 1892 2156 1955 pagum
2181 1869 2385 1933 Parisiacum

736 1974 827 2038 missi
851 1976 956 2039 sancti
980 1974 1122 2040 Dionisii
1146 1974 1275 2040 telonea
1301 1974 1451 2059 accipere
1474 1974 1589 2056 solent,
1614 1975 1752 2061 abipso
1776 1976 1955 2041 diemissa
1978 1974 2089 2040 domni
2113 1973 2254 2040 Dionisii
2278 1995 2384 2059 usque
2410 1988 2440 2038 ιο

738 2077 814 2143 dum
830 2078 902 2164 ipse
925 2088 1088 2144 mercatus
1104 2080 1248 2162 finiatur,
1271 2078 1476 2145 nullomodo
1493 2080 1540 2145 eis
1557 2078 1803 2160 contradicatis,
1826 2080 1984 2144 rotaticos
2000 2078 2176 2143 vultaticos
2193 2078 2383 2164 pontaticos

737 2183 916 2268 portaticos
941 2192 973 2248 et
996 2192 1124 2249 ceteros
1147 2182 1294 2249 teloneos
1310 2204 1351 2249 ac
1373 2184 1621 2270 bargauiaticos
1646 2185 1714 2250 sive
1736 2184 1822 2249 infra
1846 2184 1992 2249 Parisios
2015 2193 2048 2249 et
2071 2206 2129 2270 per
2151 2182 2249 2249 villas
2265 2205 2286 2248 a
2302 2184 2384 2248 foris

738 2288 901 2353 contraire
924 2309 983 2353 vos
1006 2287 1058 2353 vel
1081 2289 1175 2352 missi
1192 2289 1293 2353 vestri
1316 2288 1504 2353 nullatenus
1520 2288 1684 2373 audeatis,
1709 2289 1768 2355 sed
1783 2289 1870 2355 sicut
1892 2310 2004 2354 coram
2028 2286 2200 2354 Grimoldo
2223 2288 2383 2353 maiorem

737 2390 854 2457 domus
887 2393 994 2477 ipsum
1030 2401 1211 2457 mercatum
1246 2416 1320 2459 cum
1355 2392 1507 2459 omnibus
1541 2392 1679 2458 teloneis
1713 2392 1862 2479 legaliter
1896 2393 2165 2458 evindicaverunt
2198 2401 2231 2457 et
2264 2401 2384 2476 postea

737 2516 850 2560 coram
884 2494 1004 2561 domno
1034 2508 1066 2561 ct
1099 2498 1247 2582 genitore
1275 2507 1387 2563 nostro
1414 2490 1563 2583 Pippino'
1585 2519 1662 2580 rege
1691 2505 1821 2562 actores
1854 2498 1960 2562 sancti
1989 2497 2130 2562 Dionisii
2159 2506 2192 2562 et
2212 2494 2383 2562 Folleradi
2407 2511 2438 2559 15

737 2598 870 2665 abbatis
893 2600 1000 2685 ipsum
1030 2600 1194 2666 teloneum
1223 2602 1267 2668 ad
1289 2603 1450 2688 integrum
1482 2602 1731 2685 elidicaverunt,
1758 2604 1806 2667 ita
1827 2603 1948 2668 nostris
1978 2611 2011 2668 et
2032 2602 2150 2667 futuris
2178 2599 2382 2687 temporibus

736 2704 902 2791 perhanc
925 2714 1075 2770 nostram
1098 2707 1329 2772 auctoritatem
1353 2718 1422 2773 tam
1444 2708 1530 2774 infra
1553 2708 1698 2774 Parisius
1722 2730 1821 2794 quam
1843 2717 1876 2772 et
1898 2731 1920 2773 a
1942 2707 2022 2772 soris
2047 2709 2235 2794 peripsum
2259 2728 2383 2793 pagum

735 2810 864 2874 firmum
880 2819 980 2895 atque
1002 2830 1196 2876 concessum
1213 2811 1300 2875 omni
1323 2821 1470 2899 tempore
1486 2811 1639 2878 babeant.
1668 2812 1813 2900 Ideoque
1829 2835 1888 2899 per
1909 2812 1996 2877 hanc
2010 2812 2200 2878 tractoriam
2224 2833 2383 2897 expresse

737 2913 937 2999 precipimus
959 2922 1059 3000 atque
1082 2914 1361 2999 commendamus,
1385 2925 1422 2981 ut
1444 2917 1552 3003 ipsum
1575 2926 1756 2982 mercatum
1777 2938 1850 2981 cum
1875 2939 1988 2982 ornnes
2012 2939 2090 2981 suos
2113 2915 2272 2996 teloneos,
2297 2918 2384 2980 sicut

736 3018 917 3083 anteriores
939 3039 1035 3103 reges
1058 3038 1099 3082 ac
1115 3016 1287 3105 'principes
1312 3020 1462 3105 partibus
1487 3021 1593 3085 sancti
1611 3019 1751 3085 Dionisii
1774 3020 1994 3102 contulerunt,
2017 3022 2065 3085 ita
2088 3021 2122 3085 in
2145 3020 2297 3085 omnibus
2317 3020 2384 3084 sint
2406 3036 2439 3085 ro

735 3122 885 3187 concessi
920 3131 1020 3209 atque
1043 3121 1172 3187 indulti.
1220 3124 1354 3209 Siquis
1388 3147 1466 3191 vero
1490 3135 1606 3190 contra
1635 3134 1792 3213 precepta
1821 3126 2019 3191 anteriorum
2048 3148 2163 3211 regum
2192 3124 2246 3190 vel
2268 3134 2383 3189 nostro

736 3225 862 3312 aliquid
884 3227 993 3314 facere
1006 3238 1076 3292 aut
1097 3230 1261 3294 contraire
1285 3228 1435 3310 voluerit,
1458 3240 1537 3295 tunc
1560 3231 1681 3296 missus
1704 3239 1817 3295 noster
1840 3230 1892 3295 vel
1911 3230 2043 3295 comitis
2066 3251 2165 3315 super
2187 3238 2303 3294 noctes
2319 3245 2384 3292 xxl

736 3340 812 3396 ante
835 3352 896 3395 nos
927 3354 988 3417 per
1008 3330 1153 3397 bannum
1181 3342 1332 3398 nostrum
1355 3336 1467 3399 venire
1495 3334 1598 3400 faeiat
1620 3337 1653 3399 in
1675 3335 1821 3401 rationes
1844 3344 1960 3402 contra
1983 3335 2083 3401 misso
2108 3335 2215 3399 sancti
2239 3335 2385 3400 Dionisii

736 3443 768 3500 et
782 3432 949 3499 Folleradi
972 3433 1114 3500 abbatis.
1139 3436 1295 3501 Similiter
1310 3446 1343 3502 et
1359 3438 1386 3503 si
1409 3437 1495 3504 ullus
1512 3438 1710 3503 telonearius
1733 3438 1785 3504 vel
1801 3439 1921 3525 aliquis
1943 3438 2042 3504 homo
2064 3439 2171 3524 ipsam
2195 3439 2385 3524 inrumpere

735 3540 956 3626 temptaverit,
980 3550 1059 3605 tunc
1083 3540 1175 3605 missi
1198 3543 1303 3606 nostri
1327 3540 1509 3627 supradicti
1532 3540 1623 3607 illum
1639 3565 1698 3628 per
1720 3541 1930 3609 fideiussores
1945 3544 2074 3608 mittere
2097 3543 2232 3626 faciant,
2257 3552 2293 3607 ut
2310 3545 2383 3630 ipse
2405 3559 2438 3608 sn

738 3645 887 3711 similiter
914 3646 1026 3710 veniat
1048 3646 1134 3711 infra
1162 3655 1276 3711 noctes
1299 3664 1362 3710 xxl
1391 3655 1468 3712 ante
1492 3669 1553 3713 nos
1576 3648 1609 3712 in
1632 3648 1787 3713 rationes.
1824 3646 1950 3712 Taliter
1973 3645 2095 3712 exinde
2116 3648 2215 3731 agite,
2239 3647 2385 3733 qualiter

735 3749 842 3833 gratia
865 3756 979 3813 nostra
1000 3747 1100 3814 vultis
1123 3747 1253 3813 babere.
1277 3748 1323 3814 Et
1344 3759 1381 3814 ut
1402 3749 1485 3815 haec
1508 3753 1668 3817 tractoria
1689 3752 1810 3817 nostris
1834 3760 1867 3816 et
1888 3752 2007 3817 suturis
2031 3751 2235 3837 temporibus
2256 3753 2385 3818 firmior

735 3852 897 3918 habeatur
919 3861 952 3918 et
974 3854 1085 3919 verius
1107 3851 1269 3935 credatur,
1294 3852 1334 3919 de
1358 3853 1457 3919 anulo
1480 3863 1593 3919 nostro
1619 3856 1735 3921 subter
1758 3877 1831 3921 eam
1854 3856 2011 3921 iussimus
2035 3855 2196 3943 sigellare.

838 3995 895 4069 (O.)
918 3989 932 4074 Ξ
954 3991 1048 4057 Rado
1073 3991 1223 4059 advicem
1246 3992 1388 4059 Hitherii
1411 3997 1426 4079 ll
1448 3994 1541 4079 (sn).
1566 3999 1623 4074 (st.
1648 3999 1697 4074 D.)
1780 4004 1783 4009 ’

1528 4288 1590 4364 89.
2410 4321 2446 4372 so

734 4448 830 4519 Korl
855 4450 919 4520 der
943 4446 1070 4520 Gnosso
1096 4448 1221 4519 nimmt
1239 4449 1303 4520 dos
1330 4448 1402 4519 ilnn
1421 4448 1625 4541 sii-berpebenc
1643 4451 1789 4524 Kloster
1807 4451 1852 4521 H
1854 4452 1956 4541 cras
1958 4453 1996 4524 el
2002 4454 2028 4526 d
2053 4454 2091 4525 in
2109 4455 2227 4525 acinon
2244 4452 2385 4540 Sobata,

734 4568 859 4641 siolert
886 4590 921 4639 es
944 4591 1049 4660 papan
1083 4568 1293 4660 Ueberpriffo
1321 4568 1564 4659 bischofliclrer
1595 4570 1730 4645 Gewolt
1755 4574 1830 4645 nnd
1855 4574 2000 4645 oerlcilrt
2024 4573 2113 4662 freis
2139 4573 2332 4647 Abtswnltl.

1923 4714 2053 4789 Qnierry
2076 4717 2139 4774 775
2162 4714 2289 4774 Jonnnr
2308 4718 2341 4777 5.

843 4896 980 4971 Oriyinol
1002 4895 1066 4975 (A).
1097 4930 1141 4941 -
1172 4898 1350 4957 Tronssnrnt
1383 4917 1441 4958 ons
1469 4899 1523 4958 der
1555 4904 1652 4959 ersten
1680 4900 1788 4973 Hnlste
1817 4902 1867 4961 des
1893 4905 1945 4963 14.
1976 4902 2029 4963 Jlr.
2059 4902 2124 4980 (B).
2161 4936 2199 4946 -
2227 4902 2387 4977 Abscbrist

837 5002 888 5061 des
909 5003 962 5062 15.
986 5000 1039 5061 Jlr.
1065 5000 1242 5080 (Nachtraq)
1266 5003 1308 5061 im
1330 5001 1509 5077 Hersfelder
1531 5004 1695 5065 Cloantnlar
1716 5006 1741 5078 f.
1766 5012 1806 5068 40
1828 5006 1892 5086 (O),
1922 5008 2089 5067 summunt
2111 5008 2154 5065 in
2176 5007 2385 5070 Stoatsarclrto
2409 5026 2445 5073 ao

836 5124 878 5164 tn
899 5105 1056 5179 Morbnrp.
2419 5108 2422 5113 ’

845 5234 953 5295 Wenclc
969 5235 1054 5295 Hess.
1072 5235 1286 5310 Landesyescb.
1303 5232 1351 5310 3⁶,
1376 5242 1396 5299 6
1417 5244 1486 5299 n⁰4
1509 5257 1566 5300 ans
1581 5241 1618 5311 A,
1642 5235 1690 5312 3⁶,
1714 5246 1735 5301 3
1757 5246 1827 5303 n⁰2
1848 5260 1907 5302 ans
1923 5243 1960 5314 B,
1985 5238 2031 5314 2⁶,
2057 5245 2160 5304 5n⁰3
2182 5262 2241 5303 ons
2259 5245 2384 5306 iterna.

839 5342 993 5399 ronnas
1018 5338 1172 5417 (Fossnnp
1196 5363 1235 5395 =
1259 5340 1307 5420 O).
1335 5374 1371 5387 -
1396 5344 1485 5404 Face.
1508 5346 1597 5419 Kopp
1618 5344 1832 5419 Sobritltnsaln
1856 5350 1884 5417 7,
1910 5348 2086 5408 Kniaernrk.
2110 5350 2144 5406 in
2167 5350 2285 5409 Attila.
2304 5350 2332 5420 Ι,
2350 5352 2384 5410 2.

838 5476 881 5485 -
901 5442 1097 5502 Mttblboclter
1118 5445 1191 5518 Rep-
1215 5450 1278 5506 176
1302 5446 1404 5525 (172).

838 5580 897 5641 Die
911 5582 1105 5655 Recopnition
1127 5602 1182 5643 oon
1198 5584 1365 5657 Hitherins,
1391 5586 1444 5645 der
1459 5585 1584 5646 Oontect
1600 5590 1645 5647 bis
1660 5587 1724 5661 anf
1734 5590 1789 5649 dns
1805 5588 1999 5649 Schlnsswort
2014 5590 2152 5665 siggilare
2167 5608 2222 5649 oon
2238 5590 2381 5650 anderen
2406 5607 2443 5657 4ο

838 5684 992 5746 Schraiber
1014 5685 1109 5765 (HR),
1133 5686 1282 5764 siggilarc,
1307 5689 1507 5763 Sipnnmseile
1529 5692 1593 5750 und
1614 5692 1769 5768 Dotirnnp
1790 5711 1846 5753 oon
1868 5695 1964 5754 tinem
1987 5694 2098 5753 dritten
2121 5693 2274 5754 Schneider
2295 5694 2385 5775 (Ηο)

836 5791 1032 5864 pescltrieben,
1067 5790 1122 5851 dos
1145 5793 1332 5854 Eschotokoll
1355 5797 1410 5853 mit
1431 5794 1569 5854 liclsterer
1593 5796 1687 5869 Tinte,
1722 5797 1777 5857 das
1799 5797 2006 5873 Monoqromm
2029 5816 2101 5871 soar,
2131 5800 2185 5857 wie
2207 5816 2237 5859 es
2259 5800 2384 5872 arhcint,

838 5895 1061 5970 cornereicltnet.
1090 5898 1130 5956 In
1152 5898 1182 5956 B
1203 5900 1242 5957 ist
1264 5899 1317 5959 der
1343 5900 1415 5959 Text
1438 5899 1635 5960 aberarbattct
1657 5902 1721 5960 nnd
1741 5903 1884 5973 verderbt,
1907 5905 1940 5962 in
1965 5902 2155 5976 cyneam
2177 5904 2384 5979 oernnaclttet3

830 6079 871 6136 88.
891 6083 918 6146 a)
935 6082 1081 6150 andiunt,
1100 6083 1212 6153 Spnren
1232 6086 1282 6139 der
1301 6084 1443 6140 einzelnen
1461 6086 1644 6142 Bnclrsteben
1660 6090 1732 6143 noch
1750 6088 1893 6143 lrenntlicls
1997 6091 2024 6157 b)
2042 6092 2052 6142 i
2071 6105 2142 6144 corr.
2162 6106 2217 6144 ens
2235 6108 2262 6144 n.
