5642 7159
1044 744 1160 803 ulau
1183 742 1272 803 DEB
1293 742 1460 805 GBOSSE
1483 740 1556 806 794.
2066 742 2130 807 359

480 952 524 995 ex
548 928 729 1015 Anglorum
752 937 850 1014 gente
873 927 1071 1012 adduxerat,
1094 927 1178 994 ahos
1194 929 1460 1017 circumquaque,
1485 931 1588 1017 quiin
1611 929 1843 996 solitudinibus
1866 939 1900 996 et
1921 932 1955 995 in
1977 934 2130 997 cavernis

480 1042 567 1100 terre
590 1056 649 1121 pro
674 1032 797 1101 Christi
820 1053 933 1099 amore
956 1032 1143 1116 latitabant,
1171 1042 1209 1098 ut
1232 1034 1424 1119 supradicto
1449 1034 1629 1101 diversorio
1653 1043 1766 1101 nostro
1790 1034 1884 1121 quasi
1906 1032 2042 1101 terreni¹
2064 1035 2130 1101 cul·
2180 1039 2183 1049 ’

479 1145 571 1204 tores
594 1147 718 1225 quanto
751 1138 911 1204 secretius
935 1146 1191 1221 commanentes,
1226 1146 1318 1203 tanto
1342 1137 1478 1204 liberius
1505 1160 1564 1226 pro
1589 1146 1678 1205 statu
1700 1139 1807 1204 tocius
1835 1141 1929 1225 regni
1951 1148 2131 1227 nostraque

480 1241 616 1308 salutem
639 1242 736 1308 deum
759 1265 899 1309 exorare
922 1241 1079 1326 valerent,
1104 1241 1222 1329 quibus
1246 1241 1346 1309 etiam
1361 1242 1596 1328 Meingaudum
1619 1252 1778 1328 rogantel
1802 1243 2017 1311 dilectissima
2040 1244 2128 1331 geni·

442 1346 561 1412 atrise
590 1356 703 1413 nostra
725 1347 889 1414 Bertrada
916 1346 1073 1413 abbatem
1100 1346 1305 1433 pretulimus,
1340 1355 1418 1433 post
1445 1350 1539 1413 cuius
1564 1347 1690 1415 obitum
1720 1359 1914 1435 perpetuam
1938 1360 1971 1415 et
1992 1348 2129 1415 liberam

479 1448 544 1515 illis
568 1450 737 1517 monachis
753 1451 906 1538 eligendi,
931 1474 1006 1519 cum
1023 1474 1105 1539 opus
1121 1452 1230 1533 fuerit,
1254 1450 1410 1517 abbatem
1434 1453 1518 1517 inter
1534 1475 1569 1517 se
1585 1451 1753 1518 licentiam
1770 1462 1803 1519 et
1817 1452 1992 1518 arbitrium
2013 1452 2130 1539 regali·

479 1557 558 1621 tatis
574 1566 686 1623 nostre
708 1559 832 1644 pietate
847 1558 1071 1624 concedimus.
1098 1556 1305 1644 Sumpsimus
1321 1565 1434 1623 autem
1456 1557 1497 1623 de
1514 1558 1683 1643 capsella⁰
1704 1568 1821 1625 nostra
1835 1559 1992 1646 reliquias
2017 1567 2130 1624 sancte

480 1659 587 1726 Maria
614 1671 773 1749 perpetue
802 1663 940 1749 virginis
970 1663 1144 1751 sanctique
1167 1661 1304 1728 Martini
1333 1661 1534 1728 confessoris
1557 1659 1682 1727 Christi
1711 1662 1913 1749 aliorumque
1941 1673 2129 1729 sanctorum

481 1766 706 1853 plurimorum,
730 1791 813 1855 quas
837 1770 881 1836 ad
903 1780 1120 1838 memoratum
1143 1769 1252 1835 locum
1277 1768 1405 1833 delatas
1428 1766 1602 1832 ecclesiam
1625 1766 1658 1831 in
1681 1765 1805 1832 honore
1821 1765 2005 1834 Salvatoris
2028 1768 2130 1833 nostri

425 1884 459 1933 10
481 1880 514 1936 et
537 1882 650 1938 sancte
673 1874 778 1940 Marie
802 1876 916 1940 matris
940 1875 1012 1941 eius
1034 1898 1094 1961 per
1109 1873 1242 1939 Lullum
1266 1871 1555 1958 archiepiscopum
1579 1878 1612 1934 et
1628 1868 1858 1936 Willibaldum
1882 1872 2075 1957 episcopum
2097 1871 2129 1935 in

480 1978 648 2059 presentia
675 1979 778 2043 nostri
807 1996 845 2042 xl
873 1978 940 2043 kal.
966 1988 1049 2065 sept.
1074 1978 1261 2045 consecrari
1292 1977 1459 2040 iussimus.
1503 1975 1542 2040 In
1572 1974 1667 2039 cuius
1700 1974 1811 2041 dotem
1840 1976 1979 2041 ecclesie
2002 1984 2130 2061 partem

481 2078 607 2164 praedii
623 2080 656 2144 in
674 2079 759 2146 silva
773 2080 934 2168 Speshart
948 2082 1101 2148 venando
1119 2092 1219 2169 atque
1234 2081 1417 2169 piscandol’
1440 2080 1650 2167 proprietatis
1666 2080 1736 2145 iure
1752 2080 1989 2165 perpetualiter
2005 2080 2131 2168 absque

482 2183 743 2250 contradictione
771 2184 1008 2271 possidendum
1031 2186 1135 2273 regali
1165 2187 1363 2252 auctoritate
1385 2194 1501 2250 nostra
1529 2186 1766 2267 concessimus,
1801 2185 1890 2271 quod
1912 2184 1954 2250 ab
1982 2185 2045 2250 hiis
2068 2194 2132 2250 ter·

480 2287 576 2352 minis
592 2288 831 2356 circumdatur:
858 2312 879 2356 a
893 2290 994 2357 fluvio
1011 2290 1145 2357 Mceinq
1160 2313 1259 2378 super
1274 2289 1474 2373 Lachberer,
1499 2288 1575 2355 inde
1591 2287 1633 2353 ad
1650 2287 1929 2375 Erphenburnen¹
1944 2311 2004 2374 per
2022 2289 2131 2376 ipsum

428 2404 459 2453 to
480 2389 730 2477 Erphenbuch‘,
747 2393 823 2460 inde
839 2393 882 2459 ad
896 2394 1156 2478 Bennenbettel,
1172 2395 1249 2461 inda
1265 2394 1420 2460 deorsum
1431 2392 1691 2479 Wigolwesdal'
1707 2416 1806 2479 super
1819 2393 1992 2461 fluviolum
2004 2394 2132 2471 Lara',

480 2494 557 2560 inde
588 2518 718 2562 sursum
746 2498 789 2565 ad
816 2498 1051 2584 Langenrein¹
1084 2522 1187 2586 supra
1209 2498 1447 2586 Stoypheliney
1481 2497 1525 2563 ad
1553 2498 1661 2565 locum
1689 2498 1745 2584 qui
1774 2497 1894 2563 dicitur
1920 2498 2020 2582 Turn,
2055 2498 2132 2564 inde

482 2598 636 2665 deorsum
659 2599 923 2668 Schonnolsdal¹
946 2604 978 2668 in
1002 2602 1242 2670 Wacbenbach
1269 2612 1302 2668 et
1325 2604 1372 2667 sic
1396 2602 1561 2684 deorsum,
1596 2624 1702 2688 usque
1726 2625 1788 2688 quo
1813 2601 1993 2670 Steinbach
2015 2602 2131 2686 influit,

480 2703 556 2769 inde
579 2727 680 2792 supra
702 2715 847 2772 montem
870 2707 1039 2774 Trahere·
1061 2707 1105 2773 ad
1129 2729 1318 2793 supremum
1341 2702 1527 2791 Altphildil
1556 2706 1589 2770 in
1612 2703 1916 2791 Kunilingesbach⁰
1946 2716 1979 2771 et
2002 2706 2050 2772 sic
2073 2730 2133 2793 per

481 2806 657 2873 decursum
680 2811 751 2876 eius
773 2811 807 2876 in
830 2811 966 2877 fluvium
983 2812 1085 2898 Moyn
1109 2834 1184 2878 cum
1207 2812 1331 2877 villulis
1354 2811 1442 2876 infra
1461 2812 1579 2897 positis
1603 2820 1661 2876 aut
1684 2810 1858 2897 ponendis,
1882 2832 1955 2877 cnm
1980 2813 2132 2879 omnibus

426 2928 460 2976 uu
482 2913 551 2979 suis
580 2914 777 2980 utensilibus
806 2913 861 2981 et⁶
889 2918 1093 3003 pertinentiis
1122 2927 1189 2982 tarn
1221 2919 1316 2983 terris
1340 2939 1439 3003 quam
1469 2915 1605 2981 edificiis
1636 2917 1721 2981 areis
1749 2918 1853 3003 pratis
1882 2918 2015 3003 pascuis
2040 2918 2131 2982 silvis

481 3018 578 3102 aquia
601 3040 806 3105 aquarumve
830 3019 1026 3086 decursibus
1048 3022 1215 3087 montibus
1238 3029 1271 3087 et
1293 3020 1460 3087 vallibus⁹
1491 3018 1589 3084 cultis
1612 3028 1646 3084 et
1673 3019 1806 3084 incultis
1829 3020 2007 3086 mobilibus
2031 3030 2063 3086 et
2086 3023 2130 3086 in-

480 3120 658 3187 mobilibus
674 3123 820 3189 exitibus
843 3134 876 3189 et
892 3123 1105 3211 egressibus‘,
1130 3147 1204 3191 cum
1221 3124 1384 3207 omnibus,
1409 3147 1473 3211 que
1490 3122 1797 3210 quomodocumque
1814 3123 1877 3189 dici
1901 3124 1954 3190 vel
1969 3125 2132 3190 nominari

480 3234 629 3311 possunt,
653 3226 852 3293 utilitatibus
875 3231 909 3294 in
933 3231 1006 3315 ipso
1029 3230 1143 3317 predio
1167 3232 1354 3296 constitutis
1376 3240 1435 3295 aut
1457 3228 1711 3301 constituendis;
1746 3228 1855 3293 locum
1877 3232 1977 3295 etiam
2000 3230 2130 3296 Hohen·

480 3328 605 3395 burch⁸
626 3332 831 3399 nominatum
854 3355 929 3401 cum
952 3336 1041 3400 omni
1065 3346 1183 3422 questu
1198 3335 1364 3401 Burkardi
1388 3334 1537 3420 episcopi
1553 3331 1764 3397 scabinorum
1787 3332 1907 3398 iudicio
1932 3333 2131 3400 hereditario

427 3450 460 3496 ro
482 3434 553 3498 iure
585 3434 629 3499 ad
657 3456 718 3501 nos
747 3436 995 3523 pertinenteml.
1034 3438 1154 3506 Omnia
1180 3440 1241 3506 hee
1271 3442 1304 3506 in
1333 3439 1444 3505 dotem
1474 3448 1654 3504 memorate
1683 3437 1823 3503 ecclesie
1851 3436 2069 3503 Nuowenstat
2090 3462 2132 3504 ex

481 3539 608 3623 integro
626 3542 825 3608 contulimus
841 3566 903 3610 nec
918 3544 995 3610 inde
1011 3544 1136 3631 aliquid
1159 3565 1316 3630 umquam
1331 3545 1365 3608 in
1387 3546 1439 3608 ius
1454 3539 1544 3607 fisci¹
1568 3542 1691 3628 regalis
1708 3540 1905 3627 exigendum
1922 3542 2132 3629 precipimus,

482 3642 608 3708 scilicet
630 3654 667 3709 ut
689 3645 724 3710 in
747 3645 937 3713 alimoniam
961 3671 1142 3735 pauperum
1166 3658 1199 3716 et
1222 3649 1389 3736 stipendia
1408 3648 1645 3713 monachorum
1669 3645 1793 3712 ibidem
1816 3646 1878 3712 deo
1902 3647 2133 3713 famulantium

481 3744 703 3832 perhennibus
726 3751 930 3837 temporibus
953 3753 1106 3839 proficiat
1128 3755 1161 3818 in
1184 3754 1378 3840 augmentis.
1427 3753 1623 3837 Preceptum
1647 3760 1757 3817 autem
1786 3750 1849 3816 hcc
1872 3751 2049 3838 specialius
2075 3774 2134 3839 per

480 3851 566 3917 hanc
594 3864 780 3940 presentem
815 3868 942 3924 cartam
971 3858 1179 3924 decernimus
1211 3858 1441 3941 ordinandum,
1477 3856 1566 3943 quod
1593 3857 1627 3921 in
1654 3864 1851 3942 perpetuum
1878 3855 2031 3921 volumus
2061 3880 2133 3922 esse

426 3971 683 4041 remansurum,
718 3970 754 4024 ut
776 3984 906 4047 semper
932 3960 1044 4029 ideml
1071 3962 1163 4027 locus
1187 3984 1207 4027 a
1234 3961 1331 4028 nobis
1355 3962 1495 4028 dilectus
1525 3961 1585 4027 sub
1610 3971 1723 4027 nostro
1753 3960 1972 4027 mundiburde
1998 3962 2050 4027 vel
2079 3960 2132 4026 de

481 4060 631 4126 fensione
655 4063 786 4148 quietus
811 4064 980 4130 subsistat.
1015 4065 1200 4130 Statuimus
1225 4068 1327 4130 etiam
1355 4066 1558 4153 episcopum,
1587 4067 1621 4130 in
1643 4066 1736 4130 cuius
1759 4064 1936 4152 parrochia
1959 4068 2057 4130 situm
2082 4073 2134 4128 est

481 4167 728 4250 monasterium,
763 4191 806 4233 ex
830 4168 979 4255 qualibet
1008 4172 1185 4236 occasione
1210 4168 1255 4234 ibi
1284 4172 1467 4257 irrumpere
1492 4193 1551 4236 seu
1581 4170 1762 4235 monachos
1790 4168 2060 4233 irrationabiliter
2087 4169 2132 4232 in·

482 4269 629 4354 quietare
657 4293 723 4336 non
748 4271 867 4338 debere
898 4295 959 4339 nec
982 4297 1025 4339 ex
1052 4273 1152 4340 rebus
1185 4276 1379 4341 monasterii
1402 4276 1436 4340 in
1466 4275 1553 4339 omni
1582 4273 1675 4357 regni
1703 4275 1809 4338 nostri
1839 4272 1962 4336 ditione
1991 4271 2132 4336 thelonei

482 4372 705 4439 exactionem¹
718 4375 791 4441 fieri
806 4397 868 4442 nec
882 4376 1052 4463 publicum
1068 4379 1210 4444 iudicem
1229 4388 1318 4445 seu¹¹²
1342 4377 1521 4465 quemlibet
1537 4401 1580 4442 ex
1595 4376 1767 4440 iudiciaria
1783 4384 1948 4461 potestate
1965 4373 2015 4438 vel
2033 4372 2133 4437 aliam

426 4492 460 4541 aa
483 4477 627 4565 aliquam
644 4502 817 4566 personam
841 4482 1017 4568 quicquam
1034 4485 1209 4568 potestatis
1232 4494 1291 4548 aut
1305 4482 1429 4569 negotii
1453 4482 1523 4548 sine
1539 4480 1710 4545 voluntate
1734 4502 1775 4544 ac
1791 4480 1979 4565 permissu¹¹
2001 4476 2132 4543 abbatis

482 4603 638 4648 exercere
662 4582 782 4649 debere
805 4585 838 4649 in
860 4584 960 4651 rebus
985 4609 1062 4673 sepe
1086 4585 1164 4651 dicti
1187 4588 1390 4670 monasterii,
1422 4594 1526 4672 quas⁰
1548 4587 1580 4649 in
1604 4586 1749 4670 presenti
1772 4593 1920 4668 tempore
1943 4585 1976 4648 in
2000 4581 2133 4669 quibus·

482 4685 562 4751 libet
584 4688 681 4773 pagis
711 4697 790 4752 antp
823 4690 998 4754 territoriis
1020 4690 1175 4756 videturq
1208 4690 1331 4756 habere
1361 4690 1415 4756 vel
1438 4699 1573 4777 postear
1604 4688 1828 4775 comparando
1857 4696 1915 4753 aut
1938 4708 1957 4750 a
1979 4685 2134 4753 fidelibus

482 4790 592 4856 dando
623 4792 787 4858 attrahere
815 4795 968 4879 potuerit,
1004 4794 1170 4860 homines·
1205 4816 1335 4883 quoque
1363 4797 1525 4881 ingenuos
1560 4817 1617 4860 seu
1652 4815 1765 4859 servos
1799 4794 1832 4857 in
1865 4790 2133 4878 possessionibus

482 4897 672 4961 monasterii
702 4906 948 4963 commanentes
982 4898 1104 4964 iniusta
1135 4899 1329 4985 distringere
1363 4923 1420 4965 seu
1451 4901 1559 4985 ipsas¹
1591 4900 1821 4984 possessiones
1850 4904 1967 4962 contra
2001 4895 2134 4962 abbatis

427 5015 461 5063 to
483 4998 650 5064 decretum
679 5001 802 5065 intrare
827 5023 886 5066 eeu
915 5001 959 5067 ad
988 5023 1110 5068 causas
1139 5003 1323 5069 audiendas
1354 5027 1412 5069 seu
1442 5006 1653 5068 mansiones¹¹
1681 5001 1852 5067 faciendas
1881 5010 1939 5066 aut
1960 5000 2053 5066 freda
2081 4999 2134 5065 vel

483 5101 607 5168 tributa
623 5103 788 5189 exigenda
804 5104 856 5169 vel
872 5104 974 5171 ullam
998 5107 1032 5171 in
1049 5106 1158 5193 aliquo
1175 5108 1367 5173 violentiam
1383 5107 1570 5173 faciendam
1587 5106 1740 5173 omnibus
1761 5108 1924 5172 omninom
1947 5101 2133 5171 hominibus

557 5291 617 5347 252.
636 5292 773 5359 l)haremi
786 5291 821 5346 03
881 5292 1041 5359 m)felsltB
1101 5296 1306 5364 n)rogantes0
1368 5296 1394 5364 c)
1406 5296 1512 5363 capella
1525 5293 1561 5349 03
1621 5296 1648 5363 p)
1659 5296 1783 5347 venando
1796 5302 1877 5363 atque
1890 5295 2017 5361 piscando
2030 5293 2136 5358 sabito

637 5364 665 5428 q)
682 5363 784 5428 Moyna
803 5362 832 5425 0,
849 5364 948 5415 Moeno
968 5362 1011 5429 03,
1030 5364 1127 5419 eberiso
1145 5367 1175 5419 Z.
1189 5370 1225 5421 19
1293 5368 1317 5431 ι)
1334 5367 1473 5433 Lachpere
1487 5364 1516 5430 0,
1534 5366 1676 5431 Lachbarg
1689 5364 1730 5429 0¹,
1749 5365 1892 5432 Lachperg
1905 5362 1947 5428 0²,
1965 5363 2133 5430 Lachbergk‚

638 5432 781 5483 Lachberlr
800 5430 835 5485 03
922 5435 946 5499 s)
963 5434 1143 5500 Erphanbrun
1165 5435 1192 5500 0,
1211 5437 1416 5503 Erphanburne,
1434 5436 1614 5502 Erpheubrun
1634 5432 1670 5487 03
1765 5436 1787 5499 t)
1804 5434 1977 5501 Erpfanbuch
1997 5432 2031 5486 0¹

639 5503 669 5565 u)
686 5502 858 5554 Benneubatt
877 5501 905 5569 0,
925 5505 1115 5567 Benninbette,
1133 5506 1292 5558 Bennenbet
1310 5505 1344 5558 03
1426 5506 1454 5571 ν)
1473 5505 1628 5571 Wigcltstal
1648 5504 1676 5567 0,
1698 5504 1859 5570 Wigolffstal
1881 5502 1925 5565 03,
1945 5502 2134 5568 Wigolvestal,

637 5571 804 5638 Wigclt'ltall
817 5571 851 5623 03
920 5574 1060 5637 w)LarG
1121 5575 1341 5642 x)Langenreyn
1355 5574 1383 5637 0,
1400 5575 1782 5641 Langeureym‚Langenrein
1796 5572 1831 5625 03
1899 5574 1927 5639 y)
1940 5572 2092 5637 Stauh'lyug
2105 5570 2135 5634 0,

639 5640 811 5704 Stsufflinck,
830 5642 965 5709 Staufling
984 5641 1018 5695 0³
1087 5645 1114 5709 a)
1133 5645 1304 5696 Schonofstal
1318 5645 1346 5707 0,
1366 5644 1575 5708 Shcnolvelstal,
1596 5643 1775 5695 Schonoffstal
1789 5641 1823 5694 0³
1892 5644 1919 5705 a)
1935 5642 2087 5708 Trautbsrg
2105 5639 2133 5703 0,

636 5710 783 5778 Τιιιιιῐιοις,
801 5712 948 5763 Trautbarc
968 5710 1003 5764 03
1072 5713 1100 5776 b)
1118 5714 1252 5780 Aliphildi
1270 5712 1305 5777 B,
1324 5714 1453 5764 Alterille
1474 5710 1564 5780 Gopl.
1585 5712 1649 5766 Urit.
1671 5711 1749 5766 Ottoa
1769 5709 1825 5763 ΙΙΙ
1839 5710 1881 5763 Μ.
1898 5708 1930 5763 G.
1945 5710 2014 5764 DD.
2034 5712 2062 5777 2,
2083 5712 2134 5763 784

636 5790 670 5831 ιιι
683 5783 738 5833 354
841 5781 867 5848 c)
884 5782 1103 5846 Kuuiglursbach
1124 5780 1152 5849 0,
1176 5784 1395 5850 Kuniglnrspach
1415 5780 1458 5846 0²,
1482 5782 1704 5843 Chunilinsbach‚
1729 5782 1975 5847 Knnigsstursbach
1998 5779 2032 5833 03

639 5849 667 5915 d)
683 5847 790 5914 [chito
857 5850 883 5917 a)
901 5853 929 5900 in
949 5852 1125 5902 montibuaat
1142 5851 1295 5904 collibusC
1361 5853 1567 5918 Oregressibus
1580 5850 1607 5905 B
1675 5852 1704 5919 g)
1721 5851 1879 5918 Hoemburg
1892 5849 1920 5914 0,
1940 5846 2135 5915 HoanburgO8

638 5919 667 5986 h)
685 5921 846 5984 pertinentis
865 5918 918 5971 B.
962 5922 983 5986 i)
1001 5921 1088 5987 phiaci
1108 5920 1135 5972 B
1213 5923 1243 5987 h)
1261 5922 1346 5973 isdem
1364 5920 1391 5974 Β
1461 5920 1482 5987 l)
1500 5922 1631 5973 theolcnii
1650 5918 1830 5973 accionemG
1902 5920 1939 5987 ιιι)
1956 5918 2067 5985 [etue

637 5990 666 6052 n)
684 5987 901 6054 permissicnaB
971 5990 999 6056 o)
1016 5988 1135 6057 qnamB
1206 5993 1234 6058 p)
1252 6008 1283 6042 ac
1301 5990 1328 6043 B
1397 5992 1426 6058 q)
1443 5990 1567 6043 videatur
1585 5989 1612 6043 B
1682 5990 1705 6057 r)
1723 5997 1784 6057 post
1802 5990 1851 6043 hec
1869 5989 1896 6043 B
1966 5991 1990 6057 s)
2007 5988 2136 6042 omnesb'

636 6059 659 6123 t)
676 6059 742 6123 ipsis
762 6055 789 6109 B
875 6058 906 6125 u)
923 6059 956 6109 ad
975 6063 1129 6111 mansiones
1148 6058 1176 6112 B
