5642 7159
1052 698 1173 760 raah
1196 698 1286 759 DEB
1308 696 1478 758 880887]
1502 691 1575 758 804.
2069 691 2136 757 403

481 886 530 951 its
552 894 718 972 utusque
745 885 881 952 navalia
902 884 1033 951 telonea
1067 906 1130 972 qus
1152 884 1311 970 ripaticos
1339 894 1463 950 vocant
1496 893 1597 971 atque
1619 884 1790 951 terrestria
1819 905 1925 970 nsque
1952 883 1987 948 in
2014 884 2134 949 transi-

481 988 571 1054 tibus
601 1001 771 1076 portarum
799 990 851 1055 vel
886 990 998 1076 pontis
1025 988 1117 1056 urbis
1146 989 1276 1074 Verone
1304 988 1358 1054 vel
1387 988 1566 1055 cuiuslibet
1592 988 1727 1055 alterius
1756 987 1901 1054 civitatis
1934 996 1994 1052 aut
2021 986 2133 1073 oppidi

482 1093 610 1178 aliquid
641 1093 720 1160 dare
743 1115 802 1158 seu
832 1093 1020 1179 persolvere
1044 1101 1215 1179 cogantur.
1260 1093 1362 1159 Aliud
1385 1103 1495 1158 sutem
1518 1092 1628 1160 nullus
1652 1095 1784 1158 omnino
1808 1093 1996 1179 episcopus,
2020 1112 2132 1158 comes

481 1198 535 1263 vel
557 1195 765 1283 gastaldiusb
787 1207 846 1261 aut
868 1197 1080 1271 actionarius,
1105 1195 1166 1262 sed
1187 1220 1248 1262 uec
1272 1197 1434 1284 quelibet⁰
1457 1197 1673 1264 ecclesiastici
1697 1197 1821 1264 ordinis
1838 1218 1898 1264 seu
1920 1195 2051 1282 publice
2075 1193 2133 1260 ad·

443 1302 731 1371 ministrationis
760 1323 903 1388 persona
929 1301 974 1366 ab
1000 1301 1187 1367 hominibus
1217 1301 1365 1367 eiusdem
1395 1301 1601 1368 sacrosancti
1629 1300 1759 1366 cenobii
1789 1302 1922 1386 exigere
1951 1309 2133 1385 presumat.

482 1405 646 1473 Addimus
670 1409 770 1472 etiam
794 1415 827 1471 et
849 1427 909 1492 pro
935 1405 1157 1472 stabilimento
1180 1406 1308 1492 imperii
1332 1416 1433 1492 atque
1454 1405 1600 1472 remedio
1625 1407 1732 1490 anime
1748 1413 1860 1491 nostre,
1885 1406 2062 1485 sancimus,
2087 1412 2133 1485 ut,

482 1511 683 1598 ubicumque
706 1511 750 1576 ad
773 1512 936 1597 prefatum
961 1510 1087 1596 aliquid
1116 1512 1259 1596 pertinet
1279 1512 1518 1576 monasterium
1548 1512 1618 1576 sive
1641 1512 1675 1575 in
1697 1508 1864 1575 montibus
1893 1531 1951 1574 seu
1973 1509 2006 1574 in
2030 1507 2133 1594 plani·

484 1615 607 1698 oiebus,
625 1615 806 1681 secundum
823 1615 933 1701 legum
949 1614 1231 1701 promulgationes
1243 1617 1478 1698 Romanarum,
1497 1617 1525 1680 si
1541 1614 1687 1702 quelibet
1702 1613 1778 1679 inde
1794 1613 1958 1700 particula
1974 1612 2134 1678 diminuta

482 1722 590 1804 fuerit,
620 1720 818 1807 requiratur,
852 1721 899 1785 ita
923 1729 959 1785 ut
981 1742 1040 1806 per
1068 1721 1361 1786 circummanentes
1384 1719 1463 1785 boui
1492 1721 1670 1786 testimonii
1694 1718 1845 1805 boneque
1868 1718 1955 1803 same
1984 1716 2132 1782 homines

431 1843 462 1891 ιο
483 1824 651 1910 inquisitio
680 1821 842 1888 derebus
871 1823 1019 1888 eiusdem
1047 1823 1107 1888 fiat
1135 1822 1286 1888 coenobii
1321 1826 1435 1910 sicque
1465 1823 1509 1889 ad
1536 1826 1588 1889 ius
1612 1833 1645 1889 et
1673 1823 1853 1889 dominium
1877 1833 1977 1907 atque
2006 1842 2133 1908 posses·

483 1930 608 1994 sionem
624 1937 819 2015 perpetuam
835 1928 941 2013 ipsius
956 1928 1148 1993 monasterii
1165 1926 1396 2008 devolvantur.¹
1420 1928 1683 1994 Permutationes
1699 1947 1776 1993 vero
1793 1924 2008 1991 immobilium
2025 1947 2133 1991 rerum

483 2032 631 2098 eiusdem
654 2032 858 2109 monasterii,
883 2054 946 2117 quo
969 2032 1057 2096 facte
1080 2041 1157 2097 sunt
1179 2042 1247 2097 tam
1270 2053 1344 2097 cum
1360 2032 1484 2119 prediis
1508 2033 1685 2119 potestatis
1701 2039 1812 2116 nostre
1836 2051 1937 2116 quam
1961 2050 2036 2094 cum
2058 2029 2133 2093 aliis

483 2135 680 2220 homiuibus,
698 2137 746 2201 ita
761 2135 874 2200 firmas
891 2146 924 2201 ot
940 2134 1077 2201 stabiles
1093 2137 1278 2221 perenniter
1294 2136 1364 2201 fore
1380 2135 1598 2220 decernimus,
1615 2158 1655 2201 sc
1674 2136 1700 2199 si
1717 2133 1759 2200 ab
1776 2132 1870 2199 initio
1887 2132 2133 2198 constitutionis

484 2241 555 2306 eius
579 2240 652 2326 ipse
674 2262 727 2304 res
750 2239 856 2305 eidem
879 2238 999 2306 collate
1023 2239 1162 2305 fuissent
1177 2239 1348 2306 coenobio.
1374 2239 1410 2306 si
1427 2240 1502 2327 quis
1524 2243 1625 2326 igitur
1647 2239 1845 2305 temerarius
1869 2235 1995 2324 aliquid
2017 2245 2133 2302 contra

431 2364 462 2411 ro
484 2344 581 2410 huius
597 2341 732 2429 nostrod
748 2344 929 2408 sanctionis
944 2344 1185 2430 pragmaticum
1202 2344 1385 2410 machinari
1399 2344 1453 2410 vel
1469 2367 1626 2431 peragere
1643 2343 1889 2430 presumpserit,
1910 2341 1992 2408 sciat
2009 2364 2044 2406 se
2059 2357 2133 2404 xxx

484 2448 640 2514 librarum
671 2447 861 2514 emunitatis
884 2458 996 2533 nostre
1025 2470 1164 2534 poenam
1194 2449 1447 2535 persoluturum,
1482 2448 1691 2515 medietatem
1720 2447 1807 2534 parti
1829 2446 1946 2532 palatii
1975 2446 2077 2510 nostri
2101 2453 2135 2509 et

482 2551 692 2645 medietatem
717 2574 794 2637 sepe
811 2550 900 2617 dicto
918 2560 1034 2616 sancto
1050 2551 1223 2618 coenobio.
1252 2553 1298 2618 Et
1312 2562 1349 2618 ut
1371 2554 1492 2619 certius
1508 2551 1663 2618 credatur
1685 2574 1744 2640 seu
1760 2549 1802 2616 ab
1821 2550 1973 2615 omuibus
1997 2547 2132 2613 inviola-

483 2655 592 2721 biliter
615 2655 819 2739 observetur,
844 2655 944 2721 anulo
969 2661 1082 2721 nostr‘o
1106 2666 1219 2743 supter
1242 2657 1491 2743 sigillavimus‘t

488 2846 490 2849 -
586 2793 722 2879 Signum
745 2795 823 2879 (11,).

426 3103 461 3150 ιο
804 3080 823 3113 ’
1268 3072 1357 3148 273.

1220 3213 1398 3292 (Uaectt.)

482 3354 577 3425 Korl
598 3356 662 3427 der
688 3353 815 3427 Grosse
835 3353 975 3426 scienti
994 3355 1058 3426 der
1078 3353 1209 3426 Kircho
1229 3377 1295 3426 voa
1326 3353 1582 3428 Oscobrotok
1608 3354 1707 3426 eicco
1729 3351 1929 3442 Boraforst
1949 3350 2133 3423 iaoerimlb

478 3484 674 3571 percontator
706 3475 867 3548 Greacoo
893 3477 969 3548 arrd
995 3475 1153 3567 bostdtipt
1179 3478 1257 3548 dem
1278 3476 1433 3564 Bisctos
1452 3478 1508 3548 die
1531 3476 1727 3568 Befrer'urop
1754 3499 1819 3547 voa
1842 3476 1960 3564 pedem
1984 3473 2134 3564 1100593-

481 3603 596 3673 dicuat
622 3622 745 3671 casser
771 3601 835 3671 der
868 3597 1104 3669 Uobcruohme
1130 3600 1194 3670 der
1226 3597 1498 3687 Gesondtsciuost
1524 3600 1574 3670 im
1600 3597 1703 3670 Foro
1735 3599 1832 3669 cicer
1865 3595 2135 3684 Vereheiicloursp

426 3743 459 3791 so
482 3745 549 3795 ooo
575 3722 741 3794 Kindcra
774 3722 835 3793 des
868 3721 1060 3793 romischorr
1094 3721 1245 3792 Koiscrs
1278 3723 1353 3794 uod
1386 3723 1446 3793 des
1473 3721 1609 3812 Ko'rrips
1642 3722 1707 3792 dor
1738 3717 1909 3791 Griselica
1938 3738 2045 3808 pepon
2078 3717 2134 3787 die

488 3844 763 3938 Verpflr'cttoap,
788 3843 997 3936 prieetisoioe
1023 3845 1099 3915 aad
1125 3842 1325 3916 zoroastreos
1351 3843 1501 3916 &tolera
1527 3865 1573 3914 aa
1598 3842 1729 3914 holten.

1625 3982 1746 4042 saara
1768 3984 1831 4042 801
1853 3980 2017 4040 December
2039 3983 2093 4042 19.

584 4173 775 4248 Anoebliohes
800 4172 939 4248 &ornat
968 4190 1025 4232 aas
1053 4173 1107 4232 der
1134 4175 1257 4233 awriten
1279 4171 1386 4246 Holfto
1415 4173 1465 4232 dos
1488 4177 1541 4232 11.
1564 4171 1619 4234 Ja.
1642 4173 1686 4230 im
1708 4171 1811 4232 Besits
1841 4171 1891 4230 deo
1914 4169 2055 4242 Bischoss
2077 4186 2135 4229 coa

586 4277 761 4338 Osaobrrtek
784 4275 848 4354 (A).
872 4310 914 4320 -
939 4275 1103 4337 Οὶιανιιιῑαν
1123 4293 1180 4336 aas
1203 4277 1269 4336 dem
1291 4277 1381 4337 Eride
1406 4277 1458 4337 dos
1481 4281 1532 4337 13.
1556 4277 1610 4338 Jt.
1636 4274 1661 4349 f.
1683 4280 1706 4336 2
1734 4278 1778 4335 s'm
1797 4276 1928 4350 pleioterr
1950 4275 2055 4334 Bess‘ts
2078 4273 2133 4352 (B)

583 4381 648 4439 aad
663 4397 721 4440 aas
736 4381 790 4439 dor
802 4381 926 4439 arorites
941 4379 1050 4453 Halfto
1065 4381 1116 4440 dee
1132 4383 1183 4442 15.
1197 4380 1250 4442 Jla
1267 4381 1329 4443 Me.
1345 4384 1409 4442 189
1426 4378 1450 4452 f.
1466 4383 1531 4441 210
1547 4382 1589 4439 im
1605 4379 1808 4441 Stactsorchr'o
1821 4397 1864 4438 su
1880 4377 2053 4438 Osaobrttot
2069 4376 2131 4456 (0)-

583 4519 704 4579 Kronts
724 4520 900 4593 Metropolis
924 4521 978 4582 i.1
1004 4539 1028 4581 o.
1044 4525 1075 4592 2,
1099 4520 1143 4582 ed.
1168 4522 1253 4581 1561
1272 4538 1304 4594 p.
1330 4523 1351 4580 3
1381 4542 1423 4574 =
1446 4521 1601 4580 Beronices
1624 4519 1704 4579 Arra.
1729 4519 1794 4580 eccl.
1817 4537 1859 4577 su
1881 4521 1944 4579 801
1967 4535 1990 4578 c.
2015 4522 2067 4588 11,
2091 4539 2132 4570 =

582 4621 762 4683 Formerius
778 4623 859 4684 Ana.
876 4625 975 4685 Pieris.
990 4629 1022 4696 2,
1040 4626 1091 4697 75,
1110 4647 1152 4679 -.
1175 4625 1314 4684 Mirocus
1330 4624 1404 4685 Ood.
1422 4625 1489 4685 dors.
1501 4627 1628 4698 piorum
1645 4627 1687 4684 18
1702 4642 1724 4682 o.
1743 4627 1794 4694 12,
1811 4622 1880 4684 Not.
1897 4622 1963 4684 ccci.
1979 4621 2062 4696 Belp.
2079 4624 2131 4692 37,

583 4729 880 4802 Mirooas-Foppcns
905 4728 960 4802 op.
983 4735 1014 4800 1,
1039 4732 1080 4789 16
1103 4747 1127 4791 c.
1151 4733 1202 4799 12,
1227 4751 1268 4783 =
1296 4729 1431 4803 Verbum
1453 4729 1534 4789 Hist.
1559 4732 1610 4800 10,
1634 4731 1707 4799 307,
1732 4749 1774 4783 =
1801 4728 1846 4788 Le
1872 4725 1974 4787 Goirrte
1995 4728 2077 4786 Arsa.
2102 4728 2132 4799 6,

583 4835 645 4892 825
669 4850 709 4891 su
732 4835 796 4893 803
817 4839 852 4892 u⁰
872 4836 924 4904 72,
960 4856 999 4886 =
1034 4833 1137 4906 Mipne
1158 4833 1272 4893 Potrol.
1296 4837 1348 4904 97,
1372 4833 1458 4894 1072
1479 4839 1515 4892 a⁰
1531 4837 1592 4905 22,·
1615 4835 1667 4904 98,
1691 4835 1753 4893 891
1776 4838 1811 4890 a⁰
1827 4835 1859 4894 2.
1894 4863 1937 4876 -
1972 4830 2133 4909 (Forum-

584 4937 664 5011 terp)
687 4935 771 4998 Mon.
794 4937 977 4998 Podcrborn.
1000 4941 1076 5008 201,
1108 4941 1140 4997 2.
1165 4936 1209 4995 ed.
1233 4938 1307 5007 327,
1342 4941 1372 4997 3.
1396 4937 1441 4998 ed.
1464 4941 1540 5008 299,
1575 4941 1604 4998 1.
1628 4937 1672 5000 od.
1695 4941 1757 4997 321
1790 4953 1847 4996 aas
1877 4935 1907 4994 A
1937 4936 1992 4994 mit
2021 4933 2133 5008 Siepet

583 5040 746 5114 obbiidunp
771 5063 810 5092 =
834 5041 951 5100 Beluae
974 5039 1167 5114 capitulario
1189 5045 1219 5110 1,
1244 5043 1317 5110 117,
1339 5043 1370 5101 2.
1395 5040 1441 5100 cd.
1465 5046 1494 5111 1,
1517 5044 1592 5112 293,
1622 5062 1663 5094 =
1697 5039 1823 5100 Schotcrs
1846 5040 1927 5100 Hist.
1958 5035 2135 5110 Westfotiao

585 5144 657 5214 612,
681 5164 723 5198 =
746 5142 879 5203 Bchreas
894 5145 984 5204 Fasti
1009 5143 1144 5204 Coroliai
1159 5146 1210 5214 52,
1234 5165 1276 5197 .-.
1298 5143 1403 5218 Laterio
1418 5144 1485 5205 ΗΑ.
1503 5150 1551 5224 7·,
1575 5147 1640 5204 368
1660 5149 1696 5201 a⁰
1709 5149 1790 5216 201,·
1813 5146 1881 5215 17⁰,
1906 5145 1970 5204 577
1991 5148 2026 5201 a⁰
2038 5146 2070 5213 2,
2092 5163 2134 5195 =

586 5244 726 5324 (Eccord)
749 5247 836 5321 Dipl.
861 5246 961 5308 Caroli
984 5249 1027 5310 Μ.
1044 5250 1117 5322 imp.
1133 5248 1169 5306 de
1190 5248 1297 5307 scholrs
1321 5247 1488 5322 Osnobrrsp.
1506 5249 1572 5310 occi.
1595 5252 1614 5309 5
1640 5271 1681 5303 =
1706 5247 1848 5328 (Eceord)
1876 5247 2006 5309 Grandi.
2028 5248 2133 5307 Ustor-

583 5349 718 5424 suchrmp
740 5352 820 5410 eines
843 5352 925 5410 alters
948 5350 1079 5415 Corolia.
1105 5351 1368 5426 detenet-Briofes
1391 5357 1412 5415 2
1446 5375 1487 5408 =
1521 5355 1691 5414 Relrtmeior
1713 5353 2132 5426 Brounsciuoeip·Lr’tnoburp.

587 5451 695 5514 Otroa.
719 5459 847 5526 1,105,
871 5478 913 5512 .-
936 5458 1099 5517 Heumann
1123 5456 1233 5517 Gomon.
1258 5458 1345 5517 dere
1368 5457 1442 5531 dipl.
1469 5459 1683 5531 imperatorum
1706 5462 1736 5528 1,
1760 5460 1820 5516 111
1846 5458 1946 5526 1013,
1971 5478 2013 5510 =
2038 5455 2134 5515 Galles

583 5557 665 5617 Ana.
682 5559 747 5618 ceci.
767 5560 868 5624 Germ.
885 5567 915 5633 3,
932 5564 984 5633 30,
1000 5583 1043 5616 =
1064 5561 1243 5621 Hortsiaeeim
1261 5560 1370 5623 Consti.
1390 5561 1491 5622 Germ.
1509 5567 1540 5638 1,
1558 5565 1623 5622 387
1639 5584 1679 5616 =
1695 5562 1802 5621 Manet
1819 5559 1928 5620 Concil.
1942 5578 1974 5621 a.
1987 5559 2052 5619 coli.
2064 5563 2105 5620 11
2111 5554 2133 5631 ⁶,

583 5666 659 5734 293,
685 5687 721 5715 =
753 5666 866 5725 Walter
889 5665 1004 5740 Corpus
1028 5668 1088 5725 iar.
1116 5665 1216 5726 Germ.
1239 5670 1272 5746 2,
1293 5669 1369 5737 200,
1395 5690 1433 5719 =
1459 5666 1558 5726 ldeler
1580 5665 1679 5724 Letoa
1702 5663 1795 5724 Korls
1818 5662 1846 5722 d.
1868 5661 1921 5722 Gr.
1939 5668 1969 5734 1,
1993 5663 2067 5734 129,
2092 5684 2133 5718 =

585 5765 726 5827 Leibaits
740 5767 822 5828 Ana.
839 5775 869 5840 1,
891 5773 966 5830 233.
991 5803 1034 5813 —
1055 5770 1224 5843 Nuaainph
1239 5771 1323 5843 Dr'pl.
1343 5769 1444 5830 Caroli
1467 5770 1509 5829 Μ.
1527 5771 1563 5830 do
1584 5769 1690 5830 scholis
1715 5767 1881 5840 Osaaoroo.
1899 5767 1965 5826 eccl.
1982 5767 2134 5827 vindicato

558 5949 618 6004 272.
638 5951 666 6014 b)
683 5952 831 6018 grstslidns
850 5952 877 6004 B
952 5953 977 6015 o)
994 5967 1082 6018 nequo
1101 5953 1167 6003 libet
1184 5951 1212 6004 B
1289 5953 1317 6018 d)
1335 5953 1403 6006 aber
1421 5953 1472 6006 der
1490 5953 1566 6008 Zeita
1584 5969 1637 6010 ooa
1656 5953 1798 6008 dorsslboa
1817 5953 1908 6008 Haad
1926 5953 2132 6024 ssoohpotropen

636 6021 662 6087 e)
681 6019 735 6075 dos
752 6020 823 6076 accio
841 6021 999 6075 kerottictsc
1021 6021 1099 6074 Wort
1117 6020 1214 6076 rodirt
1232 6020 1294 6074 arod
1312 6022 1467 6078 cerroiocist.

1917 6129 1968 6178 ol·
