5642 7159
1035 744 1152 803 saal,
1174 744 1263 803 ΗΕΒ
1284 744 1451 805 GROSSE
1473 741 1547 807 800.
2064 743 2128 809 375

578 931 652 992 und
665 933 714 992 die
736 931 937 1007 Einfrtlumrp
966 933 1020 992 der
1040 932 1375 995 Benediletinermdnete
1402 934 1496 994 durch
1524 935 1625 995 dassen
1653 935 1836 1011 Nacbfoloer
1857 936 1969 996 Alesia
1993 936 2128 1011 (alcuini

577 1054 623 1111 cp.
647 1041 710 1099 184
733 1055 789 1097 oon
812 1042 885 1109 799,
908 1037 953 1098 Μ.
974 1037 1011 1100 G.
1033 1040 1133 1113 Epist.
1157 1042 1187 1111 4,
1211 1037 1287 1114 309)
1308 1038 1380 1097 sind
1400 1038 1531 1098 soctliclr
1553 1040 1669 1115 ricttip.
1712 1040 1835 1114 Vorlape
1857 1039 1914 1112 fiir
1935 1040 1983 1099 dte
2006 1042 2128 1101 ansoldo

583 1142 726 1202 Urkunde
748 1142 893 1216 Ludwips
916 1141 945 1200 d.
969 1143 1024 1203 Fr.
1048 1142 1244 1202 Mttlrlbaclter
1265 1143 1338 1215 aeq.
1364 1146 1428 1202 713
1454 1141 1552 1221 (690).

579 1346 618 1410 In
640 1347 772 1411 nomine
796 1346 917 1411 domini
943 1348 994 1413 del
1018 1350 1123 1414 nostrl
1139 1349 1216 1415 Iesu
1232 1346 1365 1413 Christi.
1390 1362 1502 1413 Carolus
1518 1363 1560 1414 dei
1583 1366 1671 1430 gratia
1685 1365 1851 1416 Francorum
1874 1360 1944 1417 rex⁸
1965 1384 1982 1416 a
1996 1370 2126 1433 patricius

437 1467 452 1511 s
476 1464 656 1514 Romanorum
680 1465 804 1516 omnibus
819 1457 835 1514 's
850 1465 975 1518 fidelibus
999 1454 1105 1517 saneti
1128 1451 1273 1535 Martini,
1298 1451 1352 1538 qui
1376 1453 1545 1537 praesenti
1569 1463 1716 1539 tempore
1740 1454 1802 1520 deo
1827 1458 1975 1522 serviunt
1997 1458 2032 1521 in
2053 1456 2126 1523 loco

477 1562 603 1633 saneto,
627 1567 675 1617 ubi
689 1585 705 1616 ι
720 1569 859 1633 preciosus
874 1552 1066 1621 confessore
1088 1554 1212 1621 Christi
1228 1585 1340 1635 corpore
1355 1571 1506 1635 requiescit,
1529 1555 1582 1620 vel
1599 1559 1697 1622 etiam
1713 1558 1814 1623 futuri
1833 1567 1910 1651 sunt
1925 1550 2127 1645 temporibus

476 1655 627 1743 posteris,
650 1672 796 1723 abbatibus
811 1658 1026 1743 presbiteris⁶
1049 1659 1245 1726 diaconibus
1261 1668 1294 1724 et
1318 1658 1470 1725 omnibus
1494 1659 1742 1727 ecclesiasticae
1764 1661 1936 1747 dignitatis
1959 1663 2128 1749 gradibus,

479 1759 664 1825 senioribus
682 1782 741 1827 sen
765 1763 949 1829 iunioribus
969 1773 1138 1830 aeternam
1161 1765 1195 1831 in
1211 1762 1358 1829 Christi‘¹
1380 1764 1519 1828 caritate
1543 1764 1683 1829 salutem
1706 1774 1739 1830 et
1761 1768 2025 1853 prosperitatem.

477 1878 576 1929 Notum
599 1881 635 1929 sit
661 1864 862 1931 fraternitati
886 1877 1027 1951 vestrae,
1059 1867 1146 1953 quod
1170 1882 1284 1934 dilectus
1307 1869 1465 1953 magister
1486 1888 1577 1933 noster
1599 1882 1714 1934 Albinus
1736 1870 1791 1955 pia
1820 1869 1994 1935 devotione
2016 1880 2127 1957 postu-

425 1983 457 2030 ιο
479 1966 559 2032 lavit
574 1990 645 2052 nos,
669 1978 705 2034 ut
720 1986 823 2036 licitum
838 1987 950 2037 haberet
971 1972 1151 2039 monachos
1175 1972 1376 2037 constituere
1399 1971 1434 2035 in
1457 1971 1541 2036 cella
1557 1988 1642 2037 sancti
1658 1988 1745 2051 Pauli,
1767 2004 1836 2054 quae
1858 1975 1980 2039 rustico
1996 1974 2129 2039 'nomine

476 2086 644 2139 Cormaricus
678 2089 790 2158 dieitur,
826 2077 881 2162 qui
910 2076 1108 2162 regulariter
1136 2076 1316 2143 secundum
1347 2076 1454 2141 sancti
1484 2074 1658 2141 Benedicti
1688 2085 1812 2142 statuta
1841 2079 1874 2141 in
1903 2100 1943 2143 ea
1972 2078 2128 2151 viverent,

476 2197 572 2261 quem
595 2177 705 2242 locum
729 2178 877 2245 Hiterius
900 2179 990 2245 abb'a
1013 2190 1205 2247 antecessor
1225 2180 1315 2246 illius
1339 2204 1382 2246 ex
1405 2188 1600 2265 comparatu
1627 2180 1809 2265 adquisivit
1832 2189 1865 2246 et
1888 2182 2074 2247 construxit
2098 2190 2132 2247 et

475 2278 613 2344 tradidit
636 2290 752 2347 saneto
774 2280 929 2348 Martino.
968 2283 1038 2349 Nos
1061 2306 1139 2350 vero
1163 2294 1232 2350 tam
1255 2286 1332 2370 piae
1355 2284 1529 2369 petitioni⁸
1558 2282 1646 2349 illius
1669 2305 1814 2349 annuere
1842 2293 1950 2349 ratum
1974 2284 2131 2351 duximus

477 2405 615 2470 eamque
637 2385 757 2451 litteris
780 2386 833 2453 vel
857 2388 966 2472 sigillo
990 2388 1132 2453 nominis
1155 2390 1260 2454 nostri
1283 2387 1471 2454 confirmari
1494 2387 1645 2470 fecimus,
1675 2410 1716 2452 ne
1739 2386 1807 2452 ulla
1830 2398 1908 2474 post
1932 2388 2002 2454 dies
2025 2385 2133 2454 illius‘

423 2502 455 2550 15
478 2508 633 2574 umquam
658 2488 819 2575 disruptio
843 2490 913 2556 fieri
936 2492 1098 2576 potuisset
1121 2513 1142 2556 a
1166 2512 1331 2578 quoquam
1355 2513 1584 2557 successorum
1600 2490 1697 2556 illius.
1725 2490 1811 2558 Nam
1828 2492 1856 2555 si
1880 2491 1992 2556 divina
2015 2514 2132 2578 paren-

478 2591 567 2657 tibus
591 2593 710 2659 nostris
738 2593 901 2681 nobisque
925 2596 1033 2681 pietas
1062 2604 1260 2682 potestatem
1284 2594 1425 2660 eontulit
1454 2597 1555 2660 totius
1578 2596 1770 2660 monasterii
1795 2596 1901 2660 sancti
1925 2594 2058 2661 Martini
2081 2619 2131 2662 re·

477 2718 615 2783 rumque
631 2697 718 2763 illius
742 2698 932 2766 facultatem
951 2699 1051 2764 dandi
1067 2700 1120 2764 cui
1136 2698 1367 2783 voluissemus,
1394 2708 1517 2785 quanto
1535 2700 1640 2785 magis
1657 2698 1755 2763 nobis
1771 2708 1921 2785 potestas
1937 2698 2031 2785 [data
2048 2700 2133 2784 est]⁸

478 2799 642 2866 tribuendi
665 2799 709 2867 ad
726 2801 779 2867 dei
803 2803 973 2868 servitium
990 2800 1226 2891 perpetualiter
1247 2803 1452 2888 praedictum
1469 2803 1588 2885 locum,
1613 2824 1673 2867 nee
1688 2803 1740 2867 fas
1764 2813 1814 2868 est
1830 2804 1983 2890 cuiquam
2007 2804 2129 2889 regalis

477 2901 692 2990 benignitatis
720 2928 873 2993 spernere
897 2907 1109 2972 donationem
1137 2906 1191 2973 vel
1213 2909 1507 2991 confirmationem,
1542 2908 1686 2971 maxime
1714 2908 1748 2971 in
1771 2916 1840 2973 tam
1871 2910 1925 2993 pio
1949 2918 1981 2973 et
2005 2907 2128 2974 salubri

423 3023 457 3070 20
479 3018 668 3095 praecepto.
706 3010 833 3077 Iccirco
858 3010 1010 3076 omnibus
1033 3010 1195 3094 iubemus,
1231 3020 1266 3078 ut
1288 3012 1372 3077 haec
1396 3012 1531 3078 donatio
1555 3019 1669 3075 nostra
1692 3020 1724 3075 et
1747 3010 1849 3075 iussio
1872 3021 1947 3077 rata
1969 3020 2003 3077 et
2026 3011 2128 3077 invio-

477 3112 608 3178 labilish
630 3115 835 3201 temporibus
851 3116 1019 3203 perpetuis
1035 3126 1237 3203 permaneat,
1260 3138 1321 3182 nec
1336 3116 1448 3182 locum
1471 3116 1563 3181 illum
1578 3117 1700 3182 auferri
1717 3114 1885 3182 volumus¹
1907 3117 1948 3183 de
1964 3126 2130 3203 potestate

478 3219 584 3282 sancti
606 3219 752 3304 Martini,
787 3219 847 3286 sed
870 3230 907 3285 ut
928 3220 976 3286 ibi
999 3219 1141 3308 pleniter
1164 3219 1224 3285 sub
1248 3220 1364 3307 regula
1388 3222 1493 3286 sancti
1518 3218 1689 3285 Benedicti
1714 3220 1828 3285 vivant
1855 3220 2011 3306 degentes
2034 3223 2067 3286 in
2090 3243 2128 3287 eo

478 3331 511 3386 et
532 3321 677 3389 babeant
699 3326 938 3411 protectionem
962 3335 995 3392 et
1010 3325 1195 3392 subsidium
1218 3321 1283 3390 ab¹¹
1306 3324 1485 3391 abbatibus
1501 3325 1692 3389 monasterii
1715 3325 1822 3389 saneti
1839 3323 1984 3390 Martini.
2014 3322 2049 3389 Si
2066 3325 2129 3391 hcc

477 3435 636 3511 nostrum,
672 3428 761 3514 quod
783 3426 881 3514 absit,
917 3431 1091 3517 quisquam
1121 3429 1280 3495 abbatum
1311 3429 1471 3513 spreverit
1499 3437 1713 3515 praeceptum
1744 3427 1947 3515 temporibus
1977 3431 2128 3515 posteris,

423 3546 456 3594 25
480 3531 564 3596 sciat
593 3555 630 3597 se
656 3534 818 3599 rationem
852 3534 991 3599 reddere
1019 3534 1295 3621 praesumptionis
1324 3554 1405 3597 suae
1434 3530 1566 3596 domino
1601 3539 1716 3595 nostro
1746 3530 1824 3596 Iesu
1852 3528 1985 3596 Christo
2015 3531 2048 3596 in
2077 3532 2129 3599 die

478 3657 599 3720 magno
624 3635 787 3701 adventus
812 3639 880 3720 sui3
903 3647 936 3703 et
959 3637 1108 3703 similiter
1131 3639 1187 3723 qui
1210 3634 1338 3722 aliquid
1359 3637 1486 3700 minuet
1509 3634 1682 3707 derebus,
1707 3656 1789 3719 quas
1811 3633 1931 3699 beatae
1954 3637 2130 3701 memorias

478 3739 626 3806 Hiterius
650 3740 739 3806 abba
753 3743 939 3827 acquisivit,
963 3743 1170 3827 comparavit
1192 3749 1251 3806 aut
1267 3740 1423 3806 derebus
1448 3740 1553 3805 sancti
1570 3738 1716 3822 Martini,
1741 3761 1824 3824 quas
1840 3739 2000 3805 ecclesiae
2024 3741 2130 3805 sancti

479 3843 574 3908 Pauli
591 3844 737 3927 tradidit,
761 3845 814 3911 vel
830 3847 857 3911 si
874 3844 953 3932 quid
968 3844 1055 3910 idem
1071 3842 1177 3910 abbas
1193 3843 1346 3925 Albinus,
1371 3842 1415 3908 ad
1431 3844 1523 3908 cuius
1540 3844 1731 3929 petitionem
1748 3841 1833 3907 hanc
1848 3844 2129 3909 confirmationem

479 3946 579 4012 scribi
595 3947 742 4031 fecimus,
767 3948 934 4014 addiderit
950 3947 1001 4013 vel
1026 3948 1053 4014 si
1070 3947 1228 4035 quislibet
1248 3948 1384 4013 inantea
1399 3946 1522 4012 addere
1545 3946 1733 4011 volueritis
1757 3946 1981 4033 elemosynam
2001 3950 2130 4013 animae

424 4066 459 4139 30
481 4071 572 4133 suae,
595 4050 701 4117 recto¹
726 4053 839 4119 ordine
862 4050 1099 4139 perpetualiter
1122 4053 1247 4118 serviat
1268 4049 1427 4116 fratribus
1450 4050 1538 4115 illius
1561 4050 1636 4116 loci.
1675 4050 1883 4137 Quicumque
1905 4050 2024 4137 legerit
2044 4052 2130 4117 hanc

430 4144 433 4149 ¹
479 4155 651 4237 cartulam,
681 4155 741 4221 sub
766 4157 883 4222 timore
906 4156 958 4221 dei
983 4155 1072 4220 illius
1095 4154 1326 4221 rationabilem
1351 4156 1549 4241 scripturam
1572 4154 1747 4239 diligenter
1769 4176 1966 4221 conservare
1989 4156 2130 4238 studeat,

479 4267 516 4323 ut
545 4258 669 4324 habeat
690 4261 833 4346 gratiam
862 4260 985 4325 domini
1008 4260 1112 4324 nostri
1138 4258 1218 4325 Iesu
1240 4256 1363 4323 Christi
1392 4259 1426 4323 in
1455 4269 1635 4324 aeternum.
1681 4274 1718 4323 Et
1740 4279 1770 4324 ut
1791 4291 1807 4323 a
1829 4274 1931 4327 firmius
1958 4267 2047 4326 esset
2068 4260 2131 4325 hoe

480 4373 627 4429 nostrum
656 4373 881 4450 praeceptum,
915 4385 1015 4428 manu
1043 4362 1177 4449 propria
1207 4360 1320 4426 subter
1348 4360 1507 4426 roborare
1537 4361 1742 4426 decrevimus
1770 4370 1803 4426 et
1833 4377 1865 4429 oe
1888 4379 1969 4429 anulo
1998 4384 2091 4429 nostro
2115 4398 2131 4429 r

481 4482 593 4549 sigillari
614 4484 750 4533 iussimus.

424 4621 459 4671 tt
583 4605 723 4687 Signum
745 4603 856 4670 Caroli
878 4605 1106 4691 gloriosissimi
1129 4606 1229 4691 regis.

583 4759 655 4808 Data
670 4762 710 4808 111
733 4775 818 4809 nonas
834 4761 902 4809 iunii
924 4776 994 4809 anno
1010 4766 1090 4807 mu
1113 4766 1140 4810 et
1155 4766 1234 4807 mil
1256 4761 1331 4825 regni
1354 4760 1452 4825 nostri;
1481 4766 1569 4809 uctrun
1591 4752 1738 4809 'I'uronism
1761 4744 1895 4808 civitate
1919 4761 1946 4808 iu
1969 4764 2130 4812 monasterio

482 4862 568 4909 saneti
589 4862 708 4929 Martini,
730 4846 789 4912 ubi
812 4849 883 4932 ipse
905 4870 1044 4934 corpore
1067 4850 1258 4935 requiescit3
1281 4848 1431 4914 feliciter.

1269 5174 1356 5251 aso.
1415 5286 1416 5289 Ν

1220 5333 1397 5411 (narrat.)

426 5512 460 5558 m
482 5486 577 5558 Korl
594 5488 659 5559 dar
682 5486 809 5559 Grosae
827 5489 965 5560 sebentt
991 5490 1068 5559 dem
1086 5488 1239 5577 Bisclrof
1250 5488 1394 5577 Jssrolf
1414 5513 1479 5560 oon
1506 5486 1662 5559 Asculi
1688 5490 1744 5559 dic
1766 5488 1912 5559 Crrslelle
1939 5486 2128 5559 Ancorono

482 5612 558 5681 aad
582 5610 693 5699 Isolo,
720 5613 788 5683 den
818 5610 1039 5683 moestam
1065 5613 1122 5683 dic
1157 5610 1255 5683 Veste
1282 5611 1519 5701 Maltipnuua
1548 5614 1612 5683 der
1637 5609 1739 5681 Stoclt
1757 5610 1875 5682 Asculi
1902 5610 1957 5681 dic
1987 5610 2132 5681 Castelle

560 5829 621 5885 259.
640 5832 667 5893 a)
684 5847 730 5882 rsx
748 5832 914 5883 Francorum
932 5831 972 5884 Βι
1076 5833 1105 5897 b)
1122 5832 1193 5883 idem
1214 5833 1351 5885 confessor
1368 5830 1408 5883 B¹
1505 5832 1529 5895 c)
1548 5832 1713 5897 presbiteriis
1731 5830 1766 5893 B,
1796 5830 1841 5883 dte
1866 5828 2016 5898 solpmsdm
2038 5830 2132 5883 Worte

636 5901 1037 5968 diaconibus-prosperitatem
1049 5900 1186 5965 sublesta
1198 5901 1238 5954 Βι
1308 5903 1335 5965 d)
1354 5901 1462 5952 Christo
1475 5900 1547 5953 BD²
1616 5904 1642 5965 e)
1659 5903 1799 5967 petitionis
1812 5899 1839 5953 B
1909 5900 2025 5963 flullius
2039 5898 2132 5952 ΒῙΙ)2

638 5969 667 6035 g)
682 5984 715 6023 er
732 5974 799 6022 emt
818 5985 872 6023 aas
890 5970 941 6023 der
962 5969 1027 6025 Urlr.
1047 5969 1186 6037 Ludwips
1205 5970 1231 6023 d.
1251 5970 1302 6025 Fr.
1324 5970 1509 6023 Malrlbaeber
1527 5969 1595 6038 Req.
1617 5972 1667 6023 713
1685 5970 1759 6038 (690)
1828 5971 1856 6035 lr)
1875 5970 2005 6020 inviolata
2023 5968 2050 6021 B

427 6037 461 6086 tt
639 6043 659 6103 i)
678 5986 812 6091 voluimus
831 6038 875 6091 Da
943 6041 973 6106 k)
990 6037 1059 6104 felrlt
1078 6038 1105 6092 B
1118 6039 1162 6092 Dfl
1231 6042 1252 6107 l)
1270 6046 1328 6091 rate
1347 6039 1423 6092 BB¹
1439 6040 1482 6093 1}2
1553 6043 1589 6108 m)
1606 6041 1730 6092 Turonas
1747 6039 1796 6093 13¹.
