5642 7159
1038 773 1158 833 KABL
1180 772 1268 832 DMR
1289 771 1458 833 GROSSE
1481 767 1553 834 781.
2062 770 2126 835 325

474 959 621 1027 fidelium
636 969 890 1047 nostrorumque
912 961 1115 1046 presentium
1132 960 1260 1026 seilicet
1282 981 1322 1026 ac
1338 960 1523 1026 futurorum
1545 980 1644 1025 nosse
1658 958 1810 1027 volumus
1833 970 1961 1049 patrem
1977 972 2125 1028 nostrum

475 1064 720 1151 Apollenarem,
749 1065 1048 1132 reverentissimum
1071 1074 1207 1131 sanctae
1230 1064 1403 1149 Regiensis
1427 1062 1588 1130 ecclesiae
1622 1064 1796 1151 presulem,
1825 1073 1974 1132 nostram
2004 1066 2126 1133 adiisse

474 1167 689 1236 clemenciam
722 1167 885 1256 nobisque
912 1167 1075 1253 retulisse,
1110 1168 1198 1256 quod
1225 1167 1398 1236 accidente
1431 1166 1640 1255 neglegentia
1668 1177 1701 1234 et
1728 1169 1857 1236 incuria
1889 1170 2126 1258 crepitantibus

473 1272 615 1339 flammis
650 1272 864 1340 ecclesiarum
893 1271 1049 1339 aedilicia
1080 1275 1115 1341 in
1140 1273 1284 1361 Regensi
1312 1271 1393 1339 urbe
1421 1280 1569 1338 cremata
1598 1272 1732 1358 fuerint,
1767 1294 1842 1339 cum
1871 1272 1991 1361 quibua
2026 1275 2125 1340 etiam

437 1397 452 1443 s
476 1377 588 1464 aliqua
610 1380 830 1445 instrumenta
852 1377 1042 1445 chartarum
1065 1387 1098 1444 et
1120 1379 1324 1445 munimenta
1350 1378 1383 1442 iu
1412 1375 1562 1442 favillam
1577 1374 1714 1442 redacta
1737 1376 1812 1461 sint,
1835 1376 2045 1466 habebatque
2069 1402 2126 1466 pre

476 1481 630 1549 manibus
660 1491 818 1571 precepta
844 1504 958 1570 regum
983 1481 1292 1569 Langobardorum,
1328 1502 1467 1569 quorum
1496 1479 1752 1547 auetoritatibus
1781 1482 1847 1548 iam
1877 1482 1948 1550 fata
1974 1482 2125 1565 ecclesie,

475 1607 518 1651 ne
546 1608 725 1671 pravorum
753 1586 925 1653 hominum
954 1586 1186 1674 oppressiones
1217 1594 1276 1651 aut
1297 1586 1508 1651 invasionum
1543 1582 1740 1650 detrimenta
1773 1594 1949 1671 pateretur,
1983 1586 2127 1675 undique

476 1690 593 1756 fulcita
622 1699 694 1757 erat
716 1712 756 1756 ac
784 1693 921 1776 munita,
955 1690 1129 1778 postulans
1159 1690 1333 1778 siquidem,
1360 1697 1398 1755 ut
1427 1696 1460 1754 et
1481 1710 1543 1754 uos
1572 1688 1614 1754 ob
1638 1688 1785 1755 divinum
1814 1712 1959 1757 amorem
1988 1692 2126 1759 eandem

476 1792 654 1861 ecclesiam
682 1816 759 1862 cum
787 1795 941 1862 omnibus
969 1794 1193 1878 facultatibus,
1229 1817 1311 1882 quae
1340 1802 1477 1860 actenus
1511 1791 1692 1879 adquisivit
1720 1792 1773 1859 vel
1801 1792 1978 1882 deincepsl
2006 1796 2126 1863 futuris

424 1915 456 1965 to
477 1899 681 1986 temporibus
710 1899 857 1965 fidelium
884 1898 1108 1966 oblationibus
1138 1899 1344 1985 adquisierit,
1377 1920 1453 1965 eum
1481 1897 1582 1964 rebus
1610 1906 1644 1964 et
1665 1897 1800 1963 familiis
1827 1900 1999 1987 utriusque
2026 1922 2127 1967 aexus

477 2013 662 2090 cunctoque
689 2002 779 2069 clero
803 2000 865 2069 deo
894 2001 976 2068 inibi
999 2002 1121 2068 cotidie
1150 2002 1333 2069 famulante
1356 2000 1417 2067 sub
1447 2011 1558 2087 nostre⁶
1582 1999 1784 2068 defensionis
1807 2003 2030 2090 reciperemus
2053 2027 2127 2092 pro-

477 2109 631 2173 tectione.
655 2106 754 2188 Quod
769 2118 804 2173 et
824 2108 964 2174 fecimus
980 2117 1014 2173 et
1033 2128 1093 2195 per
1107 2106 1193 2173 hanc
1214 2108 1320 2173 nostri
1336 2108 1484 2193 precepti
1507 2107 1663 2193 paginam
1679 2108 1880 2195 precipimus
1903 2130 1943 2174 ac
1965 2108 2127 2194 iubemus,

478 2209 632 2277 utnulla
659 2232 816 2298 umquam
843 2233 967 2298 magua
996 2233 1166 2299 parvaque
1189 2232 1332 2298 persona
1357 2233 1410 2276 res
1434 2220 1493 2276 aut
1521 2209 1664 2276 familiae
1687 2210 1833 2278 eiusdem
1865 2212 2036 2298 ecclesiae,
2071 2213 2129 2280 aed

478 2338 585 2402 neque
608 2314 831 2382 venerabilem
845 2317 951 2403 ipsius
974 2317 1040 2383 loci
1055 2316 1179 2383 clerum
1201 2317 1235 2381 in
1250 2316 1363 2401 aliquo
1385 2314 1570 2401 inquietare
1593 2314 1647 2381 vel
1670 2314 1848 2382 molestare
1864 2326 2061 2402 presumat⁰.
2084 2318 2130 2383 Et

425 2436 457 2485 to
480 2422 558 2508 quia
580 2420 711 2487 termini
729 2422 877 2488 eiusdem
899 2423 1061 2490 ecclesiae
1075 2424 1110 2489 iu
1133 2422 1285 2489 confiniis
1300 2419 1502 2494 Mantuanis,
1526 2418 1803 2495 Bononiensibus,
1827 2419 2073 2488 Mutinensibus
2088 2442 2129 2487 ae

478 2523 691 2590 Lunensibus
715 2524 767 2590 vel
781 2525 1016 2593 Parmensibus
1033 2550 1092 2593 seu
1114 2538 1148 2595 et
1162 2525 1398 2594 Ticineneibus
1414 2535 1448 2592 et
1470 2523 1629 2591 Cumanis
1645 2547 1699 2590 res
1718 2526 1827 2614 ipsius
1843 2527 2003 2612 episcopii
2019 2528 2130 2594 conia·

479 2639 563 2710 cent,
587 2628 847 2716 apollogeticum
869 2628 976 2696 isdem
998 2632 1147 2719 pontifex
1170 2630 1327 2714 habebat,
1349 2631 1384 2695 in
1407 2652 1471 2717 quo
1497 2632 1585 2698 omni
1608 2638 1736 2696 remota
1759 2629 1966 2697 dubitatione
1988 2654 2041 2698 rea
2064 2632 2130 2698 iam

479 2732 569 2799 fatae
584 2732 745 2799 ecclesiae
769 2755 828 2821 per
843 2734 975 2820 singula
989 2736 1064 2802 loca
1087 2745 1121 2802 et
1134 2736 1302 2803 vocabula
1316 2736 1514 2820 terminique
1530 2745 1564 2801 et
1578 2735 1722 2801 confinia
1736 2735 1836 2801 insita
1851 2745 1955 2801 eraut.
1984 2734 2131 2823 Ideoque

480 2858 539 2923 pro
569 2840 765 2904 temerariae
799 2842 1058 2927 presumptionis
1086 2841 1258 2907 invasione
1291 2838 1443 2907 cavenda
1469 2860 1531 2903 nec
1559 2859 1626 2904 nou
1656 2847 1689 2905 et
1717 2858 1777 2925 pro
1800 2839 2005 2905 Francorum
2033 2849 2132 2925 gente

425 2956 459 3005 ao
479 2940 609 3007 noviter
631 2942 665 3007 in
687 2942 820 3009 Italiam
844 2966 865 3009 a
886 2944 984 3010 uobis
1007 2944 1197 3011 introducta
1218 2946 1314 3032 petiit
1335 2942 1569 3009 excellentiam
1584 2950 1742 3025 nostram,
1765 2949 1803 3007 ut
1818 2941 1951 3007 eosdem
1974 2945 2132 3011 terminos

480 3044 556 3110 huic
579 3055 696 3111 nostro
719 3056 876 3133 precepto
900 3048 1043 3113 inserere
1065 3046 1265 3131 iuberemus,
1287 3069 1330 3112 ue
1352 3046 1505 3112 fraudem
1527 3044 1673 3132 aliquam
1696 3044 1812 3111 eadem
1836 3045 1977 3113 ecclesia
2000 3046 2041 3114 de
2064 3049 2131 3113 suia

480 3148 579 3215 rebus
602 3161 661 3215 aut
682 3151 834 3218 confiniis
858 3152 900 3217 ab
923 3151 1136 3218 invasoribus
1159 3152 1323 3239 paciatur.
1369 3149 1473 3216 Cuius
1496 3150 1632 3237 dignam
1660 3170 1700 3215 ac
1722 3148 1953 3216 rationabilem
1982 3152 2132 3219 conside·

479 3263 592 3320 rantes
615 3257 807 3341 petitionem
838 3278 859 3321 a
881 3256 1085 3323 Lunensium
1109 3266 1142 3323 et
1164 3253 1415 3323 Parmensiuml
1444 3254 1605 3337 confiniis,
1638 3255 1723 3320 sieut
1745 3254 1779 3319 iu
1806 3254 1880 3340 ipso
1910 3253 2131 3342 apollogetico

479 3357 586 3425 indita
608 3368 712 3442 erent,
736 3380 849 3425 omnes
867 3362 1024 3427 terminos
1048 3370 1210 3427 annotare
1224 3360 1397 3427 iussimus:
1421 3358 1594 3425 ameridie
1617 3359 1730 3445 itaque
1753 3381 1813 3445 per
1833 3368 1992 3426 montana
2014 3383 2131 3428 versus

425 3481 459 3530 ro
482 3462 689 3529 occidentem
711 3465 885 3531 couiaeent
906 3466 990 3532 fines
1004 3468 1200 3553 terminique
1223 3467 1392 3532 venientes
1416 3464 1457 3530 de
1480 3472 1577 3550 prato
1593 3462 1701 3530 Mauri
1723 3464 1756 3528 in
1780 3473 1924 3530 montem
1948 3464 1989 3531 de
2004 3466 2132 3550 Mensa,

480 3566 557 3632 iude
584 3567 619 3632 in
641 3566 875 3635 Oentrocrucis
903 3592 943 3636 ac
973 3570 1091 3637 deiude
1118 3572 1153 3636 in
1181 3568 1291 3658 alpem
1313 3568 1489 3653 Marinum,
1523 3566 1600 3632 iude
1628 3567 1663 3631 in
1690 3576 1836 3633 montem
1865 3567 1905 3633 de
1933 3569 2042 3652 Posci,
2078 3570 2133 3636 de-

481 3672 676 3739 scendentes
699 3674 733 3738 iu
754 3674 861 3740 rivum
877 3674 1035 3752 liberam,
1059 3700 1122 3763 que
1146 3676 1261 3742 defluit
1282 3674 1316 3741 in
1337 3673 1475 3738 fluvium
1490 3672 1627 3754 Inciam,
1650 3692 1710 3758 per
1730 3670 1866 3737 fluvium
1887 3673 2024 3756 Inciam,
2049 3674 2135 3739 siout

481 3778 555 3863 ipsa
576 3777 669 3843 Iucia
695 3778 910 3845 descendite
932 3801 1062 3846 summa
1083 3780 1166 3846 villa
1179 3778 1375 3862 Monticulo,
1398 3777 1578 3843 decurrens
1601 3798 1644 3841 ex
1667 3784 1858 3841 transverso
1880 3776 1913 3842 iu
1938 3778 2078 3844 Baream
2102 3786 2134 3844 et

482 3880 595 3947 defluit
618 3880 773 3947 deorsum
795 3905 854 3969 per
876 3883 1039 3969 Agidam3
1063 3884 1107 3950 ad
1128 3884 1355 3970 aquilonarem
1378 3882 1562 3969 partemin
1586 3881 1692 3945 rivum
1716 3877 1991 3966 Oampig[inem]’
2013 3882 2134 3949 exinde

427 4003 461 4053 ao
482 3985 516 4051 in
537 3985 749 4070 Tegulariam
780 3985 934 4074 [indeque
963 4011 1022 4075 per
1049 3986 1177 4054 Padum
1205 3997 1239 4054 et
1261 3984 1424 4071 Zaram]¹,
1461 3987 1547 4052 sicut
1575 3984 1686 4052 Padus
1715 3983 1831 4051 defluit
1855 3986 1889 4051 in
1918 3985 2133 4072 Burrianam3

482 4090 560 4154 item
581 4111 641 4177 per
655 4089 827 4156 meridiem
842 4090 885 4157 ad
902 4093 1095 4159 orientalem
1110 4092 1244 4180 plagam
1260 4091 1419 4158 incedunt
1432 4092 1515 4158 linea
1531 4114 1593 4177 per
1606 4091 1743 4157 Pratum
1767 4090 1923 4157 maiorem
1939 4092 1972 4155 in
1987 4103 2134 4160 montem

482 4194 655 4280 Rusulum,
685 4218 744 4282 per
766 4196 875 4283 alpem
903 4197 937 4262 in
959 4197 1130 4272 Fazolam,
1163 4196 1282 4264 deinde
1305 4218 1364 4284 per
1391 4196 1502 4283 alpem
1523 4215 1629 4283 usque
1658 4197 1692 4262 iu
1719 4204 1841 4262 termae
1865 4194 2014 4282 Salonis3
2051 4198 2134 4264 fines

483 4322 573 4383 vero,
603 4302 658 4387 qui
682 4309 759 4367 aunt
786 4302 873 4367 inter
894 4303 1053 4369 'l’ueciam
1080 4312 1114 4369 et
1136 4304 1320 4390 Regensem
1347 4311 1381 4368 et
1403 4302 1633 4384 Mutinensem,
1664 4300 1704 4368 de
1731 4301 1846 4367 termis
1868 4300 1998 4368 Salonis
2020 4323 2134 4388 perve-

483 4406 580 4469 niunt
601 4406 634 4470 in
656 4404 806 4472 Teudam
828 4408 926 4493 regis,
964 4408 1041 4473 inde
1068 4408 1111 4473 ad
1141 4408 1265 4475 fontem
1289 4407 1418 4474 Silvani
1447 4416 1481 4473 et
1514 4405 1591 4473 iude
1619 4407 1653 4472 in
1681 4406 1789 4473 rivum
1811 4404 2066 4493 Sanguinarium
2095 4429 2135 4473 ae

429 4525 463 4574 ue
486 4508 605 4575 deiude
633 4510 678 4576 ad
705 4509 814 4577 laeum
843 4511 885 4578 de
907 4510 1073 4599 Carpente
1100 4522 1134 4579 et
1161 4513 1238 4580 inde
1263 4514 1297 4578 in
1319 4511 1419 4577 Viam
1448 4532 1572 4578 novam
1600 4510 1743 4597 indeque
1770 4512 1804 4576 iu
1831 4509 1940 4577 locum
1963 4509 2135 4597 Motiuum,

486 4613 604 4680 deinde
626 4616 660 4680 in
682 4614 792 4682 locum
816 4616 870 4703 qui
894 4614 1015 4682 dicitur
1036 4616 1193 4682 Lauerna
1214 4626 1248 4683 et
1269 4616 1347 4682 inde
1370 4637 1430 4702 per
1450 4624 1596 4682 montom
1619 4615 1793 4682 Laurentii
1816 4613 2022 4682 descendeus
2045 4618 2138 4682 venit

485 4718 520 4783 in
541 4718 678 4785 fluvium
700 4719 837 4786 Dulium
859 4720 1002 4809 indeque
1022 4743 1083 4808 per
1104 4720 1223 4787 silvam
1247 4721 1288 4786 de
1303 4719 1406 4787 Mallo
1431 4729 1464 4787 et
1478 4720 1554 4786 inde
1570 4720 1604 4786 in
1619 4717 1794 4793 Collinam,
1819 4717 1937 4785 deinde
1952 4721 1985 4785 iu
2002 4722 2136 4788 Pratum

485 4821 620 4908 longum
648 4845 688 4888 ac
712 4823 831 4890 deinde
860 4847 918 4911 per
939 4825 1056 4909 rivum,
1091 4826 1147 4913 qui
1170 4825 1316 4892 decurrit
1343 4825 1384 4891 de
1406 4826 1552 4913 Lupatio
1586 4824 1620 4889 in
1646 4822 1783 4889 fluvium
1805 4821 1943 4909 Siglam,
1974 4824 2050 4892 inde
2079 4848 2138 4913 per

486 4923 612 5012 Siglam
638 4948 744 5014 usque
766 4927 904 4995 Dullum
932 4950 973 4995 ac
1003 4928 1123 4994 deinde
1151 4927 1303 4995 ascendit
1330 4952 1389 5018 per
1417 4930 1644 4996 Dimnatieum
1672 4929 1706 4993 in
1737 4925 1890 4993 Oasciola
1919 4937 1952 4994 et
1979 4928 2055 4995 inde
2082 4929 2137 4995 de·

429 5046 465 5095 so
489 5030 618 5097 scandit
631 5052 692 5117 per
713 5041 861 5099 sarram⁸
883 5030 924 5098 de
939 5032 1113 5100 Mauriauo
1137 5043 1171 5101 et
1184 5036 1336 5122 pervenit
1357 5037 1391 5101 iu
1413 5036 1551 5102 fluvium
1565 5035 1754 5101 Rauennam
1777 5041 1811 5099 et
1831 5031 1908 5099 inde
1932 5034 2083 5101 ascendit
2104 5036 2136 5099 in

486 5134 666 5202 Pirauiana
688 5135 830 5223 indeque
853 5138 885 5202 in
909 5146 1054 5203 montem
1078 5161 1178 5225 super
1199 5139 1304 5206 valles
1326 5161 1432 5227 usque
1454 5140 1487 5205 in
1512 5139 1704 5225 Antiquam,
1736 5137 1853 5206 deinde
1877 5137 2080 5204 descendens
2103 5139 2138 5203 iu

487 5239 704 5305 Piscariolam
732 5241 823 5307 veuit
851 5243 885 5306 in
912 5241 1050 5309 fluvium
1073 5242 1199 5329 Siglam
1229 5266 1269 5308 ac
1297 5241 1416 5310 deinde
1445 5266 1505 5330 per
1526 5242 1665 5310 Cluzam
1693 5254 1878 5310 currentem
1905 5265 1965 5331 per
1994 5253 2139 5310 montem

488 5340 635 5428 Cerradi,
657 5365 762 5432 usque
785 5345 864 5410 dum
885 5346 977 5411 veuit
1006 5345 1069 5412 sub
1093 5356 1204 5413 monte
1226 5346 1354 5413 Merelli
1377 5356 1412 5414 et
1440 5347 1517 5413 inde
1540 5349 1630 5413 veuit
1656 5370 1715 5434 per
1737 5346 1918 5425 Siluanum,
1943 5347 2061 5413 deiude
2084 5345 2138 5413 de·

488 5448 591 5513 currit
612 5470 671 5534 per
693 5448 861 5516 Salsulam
883 5458 916 5515 et
938 5449 1016 5515 iude
1037 5472 1097 5537 per
1118 5459 1265 5517 montem
1287 5451 1507 5519 Monticulum
1536 5451 1679 5539 indeque
1701 5474 1760 5539 per
1781 5473 1936 5538 campum
1958 5450 2139 5535 Milatium3

432 5565 466 5614 se
489 5550 533 5616 ad
557 5552 869 5638 septentrionalemh
891 5554 1023 5641 plagam
1047 5578 1107 5642 per
1129 5555 1268 5642 paludes
1290 5554 1447 5621 Civitatis
1470 5578 1578 5621 novae
1607 5578 1711 5642 usque
1735 5564 1872 5622 stratam
1895 5577 1935 5621 ac
1966 5554 2083 5621 deinde
2105 5557 2140 5621 in

565 5735 625 5794 285.
643 5739 673 5807 b)
689 5740 802 5809 deincep
820 5742 848 5795 A
951 5742 978 5808 c)
995 5740 1042 5796 die
1061 5741 1144 5797 Stella
1164 5744 1326 5811 precipimus
1344 5759 1377 5795 ac
1394 5744 1519 5796 iubemus
1538 5772 1571 5783 -
1589 5750 1744 5811 presumant
1766 5741 1836 5809 fehlt
1854 5741 1890 5811 B,
1917 5742 2008 5809 dustr
2026 5747 2065 5796 ita
2082 5743 2140 5795 fieri

644 5809 812 5862 decrevimus
881 5812 909 5878 d)
926 5817 954 5863 et
966 5814 1154 5865 Parmensium
1171 5812 1297 5867 sweimul
1331 5812 1489 5868 oetaeum
1501 5812 1529 5867 A
1598 5813 1624 5880 e)
1642 5812 1688 5866 die
1701 5811 1809 5878 Schrift
1827 5812 1859 5865 iss
1871 5813 1898 5866 A
1911 5811 2001 5867 duroto
2013 5812 2140 5882 Foltuap

644 5877 815 5948 nomem,
832 5896 889 5934 aar
906 5881 977 5935 noct
995 5881 1050 5936 dos
1068 5882 1256 5951 Abtursussys
1292 5882 1299 5894 '
1384 5882 1453 5937 atbar
1472 5881 1533 5937 dem
1551 5881 1652 5936 lststea
1669 5880 1851 5936 Ructatuben
1869 5882 2004 5950 stcbtbur,
2026 5898 2056 5937 er
2074 5887 2141 5936 anst

646 5963 701 6002 aaa
719 5948 770 6003 der
791 5948 856 6004 Urlr.
877 5948 956 6005 Ottoa
975 5950 994 6004 1
1094 5950 1212 6019 Μυσὴ
1229 5951 1268 6005 im
1285 5952 1463 6023 Papam,
1482 5951 1612 6007 democh
1630 5951 1729 6006 Rosos
1746 5950 1808 6006 aad
1829 5966 1882 6006 oon
1895 5950 2031 6023 idapem
2081 5950 2141 6005 ond

646 6036 726 6087 quam
746 6020 781 6085 A,
800 6022 916 6089 erpdmt
934 6018 1058 6073 caeder
1080 6018 1145 6075 Urlr.
1166 6020 1247 6074 Ottea
1266 6020 1291 6084 Ι,
1309 6021 1341 6075 iss
1360 6022 1411 6075 der
1433 6020 1498 6077 Urit.
1519 6020 1672 6076 Heinrichs
1692 6020 1732 6075 II
1745 6038 1792 6088 per
1809 6023 1950 6075 decursum
1968 6038 2054 6090 aquae

645 6092 674 6155 g)
690 6104 722 6143 sc
740 6089 811 6142 uach
831 6088 877 6141 die
899 6088 964 6143 Urit.
985 6088 1065 6145 Ottoa
1083 6090 1107 6150 Ι,
1125 6090 1157 6142 iss
1177 6088 1227 6144 der
1249 6090 1313 6144 Urk.
1333 6090 1488 6146 Heisrrs'ebs
1507 6092 1546 6145 ΙΙ
1560 6109 1659 6145 serram
1764 6092 1793 6157 h)
1810 6093 2001 6159 septrionalem
2020 6093 2045 6145 A
