5642 7159
1331 749 1771 810 Knisnnunituuniin.

831 941 1092 1010 carlomannus·
1113 941 1221 1024 gratia
1245 939 1296 1004 dei
1320 961 1381 1004 rex
1394 939 1606 1002 'Francorum
1636 937 1686 1000 vir
1707 935 1843 1000 illuster.
1950 949 1976 999 Si
2000 952 2178 1014 peticionibus
2206 951 2375 1002 sacerdotnm

728 1064 770 1114 vel
799 1063 955 1113 arrrcillarum
984 1061 1035 1124 dei,
1068 1060 1140 1127 quod
1168 1042 1238 1125 prob
1267 1075 1358 1110 eorum
1388 1060 1504 1125 quietem
1532 1059 1575 1108 vel
1603 1060 1727 1108 iuvamen
1754 1058 1881 1121 pertinet,
1915 1048 2048 1107 libenter⁰
2076 1057 2234 1108 obaudimus
2263 1059 2305 1110 vel
2340 1059 2375 1109 ad

728 1150 872 1218 effeetum‘¹
894 1169 921 1217 in
945 1166 987 1218 dei
1010 1167 1116 1216 nomine
1138 1166 1329 1230 mancipamus,
1352 1165 1426 1230 regia
1441 1163 1634 1214 consuetudine
1649 1175 1802 1213 exercemus
1824 1165 1851 1210 et
1865 1161 1942 1210 nobis
1965 1160 1998 1210 ad
2015 1160 2119 1212 laudem
2142 1163 2186 1212 vel
2200 1164 2374 1215 stabilitatem

730 1275 804 1339 regni
827 1275 910 1322 nostri
933 1273 961 1321 in
984 1271 1026 1321 dei
1051 1272 1156 1321 nomine
1178 1272 1311 1335 pertinere
1335 1269 1501 1320 confidimns.
1535 1269 1621 1334 igitur
1643 1266 1804 1318 venerabilis
1826 1267 1867 1314 vir
1890 1266 2038 1318 adebertus
2061 1267 2145 1318 abbae
2167 1269 2375 1333 Eptemaceusis

728 1379 889 1438 monasterii,
923 1376 995 1442 quod
1024 1381 1063 1426 est
1093 1380 1274 1425 constructum
1303 1375 1330 1423 in
1353 1390 1423 1441 pago
1447 1373 1568 1439 Bedeuse
1600 1388 1681 1437 super
1702 1372 1784 1422 fluvio
1817 1370 1886 1421 Sura
1908 1373 1935 1420 in
1962 1371 2062 1422 honore
2084 1377 2176 1422 sancta
2198 1375 2325 1424 trinitatis
2348 1382 2374 1424 et
2397 1375 2412 1424 5

729 1484 814 1554 astricti
837 1483 917 1544 Petri,
952 1481 1024 1546 quod
1046 1469 1118 1551 ipse
1141 1485 1249 1530 sanctus
1271 1477 1461 1530 willibrordns
1483 1496 1500 1527 s
1522 1494 1571 1527 suo
1594 1492 1674 1541 opere
1696 1475 1838 1537 edificavit,
1872 1475 1920 1524 ubi
1942 1476 2026 1540 ipsius
2049 1491 2146 1541 corpus
2168 1479 2311 1542 requiescit
2332 1479 2376 1530 vel

730 1588 786 1649 ipse
802 1585 951 1635 adebertus
974 1600 1090 1634 unacum
1106 1585 1311 1649 congregatione
1334 1583 1524 1633 monachorum
1540 1582 1590 1636 sub
1613 1585 1705 1631 saneto
1722 1579 1814 1630 ordine
1837 1595 1995 1631 conversare
2010 1580 2125 1645 videtur,
2147 1583 2228 1632 missa
2242 1584 2376 1647 peticione

731 1671 891 1740 elementia⁶
914 1691 988 1755 regni
1011 1691 1095 1739 nostri
1118 1669 1275 1754 suggessiif,
1298 1693 1328 1737 ut
1351 1702 1442 1737 ornnes
1465 1686 1542 1736 villas
1571 1685 1613 1736 vel
1637 1690 1725 1736 crrrtes
1755 1699 1818 1734 suas
1840 1685 1884 1734 vel
1912 1685 2032 1735 homines
2055 1688 2207 1736 monasterii
2231 1688 2282 1749 sui,
2309 1704 2377 1753 quos

730 1796 845 1860 presenti
869 1801 987 1858 tempore
1021 1794 1119 1843 habere
1152 1792 1276 1842 videntur
1298 1785 1366 1842 aut⁸
1394 1793 1503 1840 inantea
1525 1806 1541 1839 a
1563 1790 1613 1840 deo
1648 1781 1812 1847 [timentibus
1840 1790 1993 1838 hominibus
2021 1771 2153 1850 fuerint]h
2182 1775 2311 1842 collatos¹
2333 1793 2376 1843 vel

729 1899 893 1950 condonatos
916 1898 958 1948 vel
981 1903 1119 1963 susceptos
1142 1899 1185 1948 val
1208 1899 1253 1963 qui
1276 1911 1324 1962 pro
1349 1899 1406 1961 ipso
1429 1895 1589 1945 monasterio
1613 1909 1718 1957 sperare
1734 1892 1866 1955 videntur,
1889 1893 1960 1944 unde
1982 1893 2100 1960 legitimo
2122 1895 2226 1946 redebit
2247 1878 2373 1961 mithiok,
2399 1900 2429 1946 10

728 2004 778 2052 sub
802 2018 922 2052 sermone
944 1983 1081 2051 tuitionis¹
1103 2008 1193 2052 nostre
1216 2001 1258 2052 vel
1281 2001 1477 2051 ernunetatibus
1500 2000 1584 2064 ipsius
1608 1998 1761 2048 monasterii
1777 2014 1793 2045 ιι
1815 1989 1941 2061 [recipere
1965 1998 2133 2063 deberemus;
2156 2002 2202 2066 qui
2225 1983 2307 2060 ιιοιι]ΙΙ
2324 2003 2375 2052 hoe

727 2113 849 2173 gratante
872 2108 960 2156 animo
984 2123 1000 2154 a
1022 2099 1182 2172 recepissem
1206 2108 1233 2155 in
1256 2107 1379 2156 omnibus
1402 2104 1563 2171 cognoscite.
1608 2103 1777 2167 Quapropter
1799 2118 1847 2166 per
1869 2118 1977 2167 presens
2007 2103 2173 2154 decrevimus
2195 2121 2227 2155 ao
2250 2105 2375 2157 iubemus

728 2215 890 2276 preceptum,
914 2215 945 2260 nt
960 2227 1046 2276 neque
1068 2227 1117 2261 vos
1134 2227 1220 2275 neque
1243 2211 1360 2260 iuniores
1376 2225 1423 2276 seu
1447 2223 1614 2283 successores
1630 2209 1710 2257 vestri
1733 2223 1783 2258 nec
1798 2208 1872 2256 misai
1894 2207 1926 2257 de
1942 2201 2064 2273 palatio¹²
2086 2215 2177 2260 nostro
2196 2210 2376 2262 discurrentes

728 2330 777 2364 neo
800 2314 872 2364 ullus
894 2315 1007 2380 quilibet
1030 2315 1062 2364 de
1085 2285 1226 2364 iudiciaria
1247 2317 1380 2378 potestate
1403 2315 1431 2362 in
1454 2313 1536 2362 curtis
1559 2312 1602 2362 vel
1625 2313 1653 2360 in
1675 2311 1747 2360 villis
1762 2312 1847 2375 ipsius
1870 2313 2023 2362 monasterii
2039 2314 2073 2362 ad
2095 2329 2190 2365 causas
2212 2315 2374 2367 audiendum

728 2402 780 2467 vel
803 2418 972 2469 fideiussores
995 2418 1142 2470 tollendum
1164 2434 1214 2468 nec
1237 2419 1388 2468 mansiones
1409 2400 1463 2467 vel
1485 2421 1592 2482 paratas
1625 2415 1777 2466 iaciendum
1799 2431 1848 2464 nec
1881 2416 2001 2466 homines
2025 2417 2109 2481 ipsius
2135 2418 2246 2469 ecclesie
2269 2419 2374 2469 distriu-
2399 2419 2430 2468 15

727 2521 843 2588 gendum
865 2538 915 2572 nee
938 2522 1019 2572 ullam
1043 2514 1258 2573 redibutionem⁰
1280 2521 1379 2571 ibidem
1402 2497 1591 2587 requirendam
1613 2537 1629 2568 a
1650 2519 1789 2586 ingredere
1812 2535 1865 2569 uon
1888 2526 2031 2584 presumat,
2055 2521 2101 2572 sed
2124 2523 2194 2573 sicut
2215 2524 2273 2587 ipse
2295 2524 2375 2574 bene·

729 2619 828 2676 licius?
851 2631 1048 2677 autecessorum
1071 2641 1162 2691 regum
1185 2625 1219 2674 ad
1241 2626 1294 2674 iam
1317 2624 1418 2674 dictum
1435 2626 1625 2675 monasterium
1655 2640 1740 2689 usque
1762 2641 1834 2675 nunc
1861 2625 1913 2675 fuit
1935 2620 2150 2690 conservatumq,
2184 2629 2223 2677 ita
2250 2628 2376 2694 deinceps

727 2746 775 2795 per
797 2735 914 2781 nostram
938 2731 1123 2780 auctoritatem
1140 2735 1245 2779 maneat
1268 2729 1456 2779 inconvulsum
1472 2746 1496 2792 a,
1519 2734 1550 2779 ut
1562 2746 1578 2777 a
1595 2729 1637 2780 die
1654 2734 1788 2794 noctuque
1810 2745 1858 2794 pro
1874 2731 1952 2780 nobis
1975 2731 2018 2782 vel
2033 2733 2108 2798 regni
2130 2734 2214 2783 nostri
2229 2733 2376 2784 stabilitate

728 2833 829 2884 domiui
851 2851 867 2882 a
892 2826 1118 2884 misericordiam‘
1139 2850 1155 2882 a
1183 2833 1367 2897 deprecentur.
1412 2834 1448 2882 Et
1469 2838 1500 2883 ut
1522 2850 1538 2882 a
1567 2833 1662 2884 melius
1685 2850 1701 2880 ιι
1724 2833 1773 2885 hec
1807 2836 1953 2886 auctoritas
1980 2829 2136 2900 habeatur',
2169 2851 2264 2888 manus
2286 2844 2377 2888 nostre

727 2938 969 3004 subscriptionibus
992 2938 1035 2987 vel
1057 2937 1195 3003 signaculo
1220 2920 1308 2986 anuli
1332 2923 1437 3000 nostri
1459 2938 1551 2988 subter
1573 2953 1631 2987 eam
1655 2936 1821 2988 decrevimus
1843 2937 1982 2990 aiiinnare.
2398 2942 2432 2990 90

832 3063 950 3126 Actum
974 3081 1061 3125 anno
1086 3061 1190 3146 primo
1214 3069 1372 3144 regnante
1396 3061 1469 3144 ipso
1493 3057 1739 3146 Carlomanuo‘.

1526 3371 1586 3444 ie.

724 3530 929 3601 Kerlrnunn
956 3528 1114 3620 ies-nupt
1141 3530 1218 3601 dem
1246 3529 1390 3600 Hester
1417 3527 1683 3620 Arpentene'l
1709 3531 1766 3601 die
1791 3530 2014 3602 Immnnitctt.

1903 3670 2051 3730 Ponition
2073 3675 2136 3732 769
2159 3673 2329 3732 Noternbcr.

833 3856 970 3930 original
992 3859 1025 3914 in
1048 3858 1100 3915 der
1121 3857 1423 3916 Notionelbibltotlselr
1444 3876 1485 3915 en
1507 3858 1597 3916 Paris
1619 3859 1716 3919 Nesse.
1740 3877 1825 3933 aequ.
1850 3861 1900 3920 iat.
1923 3864 2012 3923 2222
2035 3860 2097 3940 (Α).
2398 3875 2431 3922 ab

831 3996 970 4070 Bouqnet
993 3997 1022 4066 5,
1047 3997 1111 4054 718
1132 3999 1201 4054 02⁰9
1224 4013 1280 4054 aus
1303 3995 1333 4054 A
1356 4018 1397 4050 =
1420 3996 1523 4069 Mipne
1545 3998 1657 4058 Petrol.
1682 4002 1733 4069 96,
1757 4001 1841 4059 1575
1863 4005 1899 4058 ιιο
1921 4004 1972 4060 42.
1996 4033 2038 4044 -
2061 4001 2149 4060 Face.
2173 3999 2263 4060 Mem.
2289 4001 2325 4060 dc
2347 4001 2379 4060 la

832 4100 894 4160 Soc.
919 4099 968 4158 des
990 4101 1115 4157 seienees
1138 4116 1211 4158 mor.
1235 4099 1271 4156 de
1293 4100 1505 4160 Scine-et-Otee
1527 4106 1570 4161 12
1596 4101 1716 4180 (1880),
1748 4107 1811 4163 239
1832 4105 1897 4163 ‘mit
1922 4103 2136 4174 Teetebdroclc,
2171 4104 2378 4177 Schriftprobe

831 4204 927 4266 Nono.
943 4202 1033 4263 truite
1048 4203 1084 4262 de
1099 4204 1171 4277 dipl.
1190 4207 1219 4274 5,
1244 4207 1305 4264 684
1317 4205 1361 4278 pl.
1379 4209 1430 4276 92,
1448 4205 1691 4279 destamentum.
1708 4209 1738 4276 8,
1756 4209 1828 4267 343.
1845 4241 1887 4251 -
1901 4207 2095 4267 litttlbacber
2109 4210 2181 4282 Rep.
2195 4212 2259 4269 123
2276 4204 2375 4288 (120).

831 4343 903 4401 Nur
925 4342 972 4400 dte
995 4343 1188 4416 Rceopnttion
1210 4343 1274 4402 und
1296 4343 1351 4402 das
1374 4345 1480 4418 [Be]ne
1502 4345 1633 4419 [naleJat
1663 4346 1718 4404 das
1740 4345 1884 4418 ebenfulls
1907 4346 2030 4406 dieaetde
2052 4347 2179 4407 dhissere
2197 4347 2284 4406 itata
2304 4346 2377 4419 aas·

836 4447 927 4518 weist,
958 4463 1013 4504 ven
1036 4446 1231 4519 Moptnartas
1251 4447 1444 4519 pesebrteben,
1479 4447 1534 4505 das
1557 4449 1660 4520 norme
1686 4466 1742 4508 von
1768 4450 1908 4508 andem
1931 4449 2084 4509 Sebreiber
2105 4449 2204 4529 (ΜΟ).
2251 4451 2302 4510 Aa
2323 4451 2377 4510 der
2398 4465 2432 4514 30

835 4549 1009 4623 Sicpctstelle
1025 4551 1074 4608 eta
1089 4548 1295 4610 Sternsclmttt.
1312 4583 1353 4592 —·
1370 4549 1428 4608 Dic
1444 4550 1582 4624 Fassanp
1604 4553 1680 4610 nacla
1702 4553 1753 4611 der
1774 4554 1941 4611 verterenen
1963 4555 2221 4628 merowingiscbcn
2242 4555 2374 4628 Vesicae,

833 4652 929 4713 Sieket
950 4653 1045 4712 Beitr,
1068 4672 1096 4712 s.
1120 4652 1205 4725 Dtpi.
1229 4654 1289 4712 ΙΙΙ
1313 4654 1432 4713 Wiener
1455 4654 1514 4714 SB.
1540 4660 1590 4724 47,
1614 4658 1687 4714 224.

831 4844 888 4919 (O.)
914 4839 1175 4904 Carolomannus
1198 4841 1306 4925 gratia
1329 4837 1381 4904 dei
1406 4865 1464 4906 rex
1481 4843 1685 4908 Francorum
1709 4843 1758 4907 vir
1773 4843 1919 4908 inluster.
2028 4844 2130 4908 Decet
2146 4845 2232 4909 enim
2255 4845 2377 4930 regalis

730 4946 899 5010 climencie
925 4944 995 5008 suis
1019 4943 1172 5008 fidelibus
1204 4954 1367 5028 oportuna
1389 4944 1548 5011 beneficia
1582 4946 1696 5011 libenti
1721 4956 1870 5033 prestare
1901 4955 1955 5011 et·
1976 4946 2065 5032 quod
2093 4949 2174 5012 recti
2198 4947 2378 5034 postulavit

731 5050 872 5113 eiectum
896 5049 1095 5133 mancipare,
1131 5058 1167 5112 ut
1190 5047 1287 5114 fidem
1313 5060 1448 5135 optenta
1471 5051 1640 5132 beneficia,
1665 5051 1751 5136 quod
1775 5050 1818 5115 ad
1840 5048 2127 5116 antecessoribusb
2155 5054 2278 5117 nostris
2300 5074 2374 5118 nos·
2398 5070 2432 5117 ee

730 5163 848 5217 cuntur
872 5151 992 5215 habere
1015 5150 1151 5223 indulte,
1186 5173 1245 5238 pro
1268 5155 1390 5218 nostris
1414 5155 1548 5219 oracula
1571 5157 1603 5219 in
1628 5155 1743 5219 eodem
1777 5154 1929 5221 volumus
1952 5156 2092 5238 firmare,
2126 5160 2231 5221 uteie
2258 5157 2376 5222 melius

731 5251 871 5321 delectet
894 5276 971 5337 erga
994 5256 1152 5339 regimine
1185 5265 1298 5322 nostro
1322 5257 1461 5322 fideliter·
1494 5259 1665 5323 famulare.
1710 5259 1815 5342 Igitur
1842 5256 1989 5323 inlustris
2016 5257 2077 5323 deo
2107 5268 2241 5344 sagrata
2265 5259 2376 5325 ailina

730 5361 901 5426 abbatissa
925 5356 965 5422 de
999 5362 1198 5424 monasterio
1224 5361 1437 5446 argentoialo
1467 5363 1651 5428 climentiae
1682 5363 1772 5447 regni
1806 5365 1908 5426 nostri
1941 5361 2063 5426 direxit
2086 5362 2302 5447 suggerendo,
2337 5385 2375 5427 eo

825 5547 865 5600 48.
885 5549 1127 5614 a)l{ar101nauuus
1148 5550 1173 5602 Β
1289 5551 1317 5616 b)
1341 5568 1387 5618 pro
1407 5554 1477 5618 quod
1496 5551 1523 5604 Β
1635 5553 1661 5618 e)
1677 5555 1794 5603 intentor
1812 5550 1839 5603 Β
1951 5550 1979 5617 (1)
1996 5550 2120 5601 affectum
2138 5549 2165 5601 Β
2277 5551 2305 5616 a)
2322 5567 2375 5603 voss

883 5619 959 5672 sister
980 5618 1069 5670 Hand
1088 5619 1136 5672 dea
1154 5623 1196 5672 16.
1208 5619 1254 5674 Ju.
1268 5635 1339 5672 corr.
1359 5637 1412 5672 aas
1431 5622 1566 5672 dementia
1669 5622 1691 5687 i)
1708 5622 1842 5686 subgessit
1859 5620 1887 5673 B
1990 5619 2018 5686 g)
2035 5626 2066 5670 ut
2082 5617 2110 5672 Β
2213 5620 2242 5687 h)
2259 5635 2290 5671 es·
2308 5622 2375 5672 sinat
2396 5623 2430 5671 40

884 5704 937 5741 aaa
958 5688 1006 5741 der
1024 5687 1080 5741 VU.
1168 5691 1188 5755 i)
1205 5691 1404 5740 commendatos
1418 5689 1445 5742 Β
1530 5692 1559 5755 ir)
1577 5692 1710 5757 legittimo
1723 5691 1839 5746 reddidit
1857 5688 1992 5742 nuntioB
2080 5690 2101 5756 l)
2117 5703 2171 5741 ιιοιι
2189 5688 2266 5741 aare
2317 5688 2378 5742 aad

884 5756 932 5811 des
951 5761 993 5811 16.
1011 5757 1058 5811 Jls.
1076 5773 1147 5810 corr.
1166 5774 1219 5810 arcs
1238 5762 1350 5810 tutionis
1437 5759 1474 5827 m)
1510 5763 1642 5827 ercepisse
1660 5759 1688 5812 Β
1775 5761 1803 5825 n)
1820 5760 1931 5826 pallatio
1950 5759 1977 5812 B
2066 5758 2092 5824 o)
2110 5758 2200 5809 sedem
2219 5760 2331 5809 tutionis
2350 5757 2377 5810 Β

882 5827 910 5894 p)
927 5831 980 5895 ipsi
999 5827 1135 5878 beneficiis
1153 5827 1179 5879 B
1292 5830 1319 5895 q)
1338 5835 1400 5880 sunt
1418 5779 1570 5880 beneiciati
1590 5829 1616 5882 Β
1729 5830 1752 5895 r)
1768 5829 1905 5879 domiuum
1923 5829 2131 5880 misericorditer
2148 5827 2176 5880 Β
2289 5827 2313 5894 a)
2331 5826 2377 5880 ds'e

882 5895 994 5950 Fermel
1007 5896 1141 5949 vielleielnt
1154 5902 1211 5949 erat
1224 5897 1313 5950 decreti
1326 5897 1379 5950 ders
1394 5898 1573 5951 Abselneiber
1586 5898 1721 5963 verderbt,
1745 5899 1768 5951 V
1771 5899 1815 5952 ii:
1832 5906 1860 5949 et
1871 5906 1901 5949 ut
1914 5900 1963 5948 trec
1976 5901 2120 5949 auctoritas
2133 5896 2234 5949 firmior
2245 5897 2376 5949 habeatur

884 5974 940 6018 et..
965 5969 1061 6018 melius
1080 5974 1253 6018 conservetur
1357 5969 1378 6034 t)
1396 5968 1579 6019 Karlomanno
1598 5968 1633 6020 Β.
2399 5969 2431 6014 izi

825 6072 865 6126 it.
884 6074 911 6138 a)
929 6079 959 6122 ut
977 6073 1012 6134 A,
1042 6071 1256 6124 sinosniremier
1275 6070 1476 6135 Seleneibfelrlcr
1494 6077 1544 6136 tier
1563 6080 1590 6123 et
1694 6073 1721 6136 b)
1744 6073 1840 6123 adsuta
1858 6072 2007 6122 sessoribus
2026 6073 2053 6123 A
