5642 7159
1108 749 1230 810 unus
1252 753 1342 812 ΗΕΒ
1363 752 1529 814 GROSSE
1553 749 1626 814 787.

1328 939 1415 1012 156.

540 1107 637 1178 Korl
663 1110 727 1179 der
759 1107 886 1182 Grosse
913 1109 1070 1202 bestdtipt
1106 1113 1169 1182 der
1195 1112 1326 1183 Kirclse
1352 1137 1419 1184 ooo
1445 1113 1667 1186 Bcoeoeot
1700 1115 1767 1186 deo
1795 1113 1915 1186 Besite
1946 1071 2022 1188 und
2047 1115 2190 1187 verleitt

540 1229 764 1301 Immuoito't.

1762 1335 1871 1412 capua
1895 1342 1959 1399 787
1980 1337 2071 1397 littra
2091 1343 2144 1400 22.

503 1551 520 1601 o
648 1542 826 1601 Transeunt
848 1561 913 1601 eom
935 1544 969 1604 J.
987 1548 1071 1605 1464
1095 1544 1149 1624 (Β)
1173 1569 1214 1601 =
1237 1543 1393 1618 Abcclrrist
1416 1563 1472 1604 oon
1494 1547 1578 1606 1694
1601 1545 1644 1604 a'm
1667 1545 1844 1604 Bullatium
1866 1546 2025 1607 Benevent.
2043 1545 2108 1607 eccl.
2120 1551 2188 1621 p.4

645 1644 710 1724 (0),
733 1647 816 1706 bride
836 1650 879 1706 im
903 1646 1120 1722 Oopitelorclrio
1140 1667 1182 1709 au
1203 1651 1360 1710 Bmeoent.

649 1784 763 1857 Uqlrelli
777 1785 871 1845 ltalia
893 1804 980 1847 sucro
995 1791 1025 1858 8,
1050 1792 1091 1848 49
1106 1794 1141 1847 κθ
1156 1792 1207 1858 40,
1232 1792 1260 1849 2.
1278 1788 1320 1847 ed.
1338 1792 1369 1860 8,
1392 1793 1437 1848 37
1451 1794 1485 1846 92⁰
1500 1791 1541 1848 40
1556 1806 1592 1847 ee
1607 1792 1723 1862 outopr.
1742 1787 1796 1866 (B)
1813 1811 1855 1844 =
1877 1789 1921 1848 Le
1937 1786 2042 1850 Cointe
2062 1790 2142 1852 Ana.
2160 1793 2189 1861 6,

643 1892 707 1949 334
729 1895 770 1948 ete
786 1892 849 1951 787
870 1897 905 1950 o⁰
918 1896 949 1963 2,
974 1915 1015 1947 =
1038 1893 1141 1966 Mipne
1156 1892 1269 1952 Potrol.
1287 1896 1338 1962 97,
1363 1895 1449 1952 1018
1463 1898 1497 1950 n⁰
1512 1896 1563 1962 11,
1581 1915 1622 1946 =
1646 1891 1820 1965 cappellam
1836 1892 1938 1952 Otiose
1953 1889 2078 1952 d’Italia
2089 1898 2119 1965 3,
2137 1897 2188 1955 46.

645 2024 687 2036 -
709 1993 903 2055 Mtldboelrer
923 1998 997 2071 Req.
1020 2001 1086 2058 283
1109 1996 1209 2075 (274).

585 2181 589 2188 .
644 2133 810 2192 Formalur
839 2156 880 2187 :
907 2140 942 2192 πθ
962 2137 1026 2195 157
1054 2135 1109 2207 091.
1134 2137 1198 2195 133
1227 2135 1291 2193 und
1319 2134 1417 2195 Siclrel
1438 2135 1533 2193 Beitr.
1557 2153 1584 2195 s.
1608 2133 1694 2208 Dipl.
1718 2133 1778 2192 III
1801 2134 1920 2194 Wiener
1949 2133 2009 2196 SB.
2033 2135 2085 2206 47,
2114 2137 2189 2195 201.

644 2236 711 2296 Das
732 2237 915 2296 italienisclre
931 2239 1186 2314 Reqieruoquulrr
1200 2241 1255 2297 wie
1276 2239 1311 2297 io
1333 2239 1389 2298 den
1412 2238 1569 2312 folpcndcn
1589 2237 1753 2299 Urleundeo
1774 2243 1808 2297 o⁰
1823 2241 1896 2310 157,
1920 2240 1994 2310 158,
2019 2240 2189 2298 rea-164

644 2357 698 2398 rm
720 2345 738 2400 1
763 2359 803 2400 eu
826 2342 907 2413 tiocli,
931 2341 1028 2402 Sieleel
1055 2342 1120 2404 UD.
1143 2345 1219 2404 252.

645 2542 785 2610 Carolus
807 2547 917 2632 gratia
940 2545 992 2611 dei
1015 2570 1075 2612 rex
1097 2547 1324 2612 Francorum⁸
1347 2554 1380 2612 et
1402 2547 1704 2633 Langobardorum
1726 2569 1766 2613 ac
1788 2548 1950 2634 patricius
1965 2548 2188 2614 Romanorum

542 2648 696 2713 omnibus
720 2649 894 2735 agentibus
917 2651 1040 2716 nostris
1063 2659 1130 2715 tam
1154 2649 1389 2738 praesentibus
1413 2672 1512 2736 quam
1536 2660 1569 2716 et
1591 2651 1709 2716 futuris
1733 2651 1865 2717 domino
1882 2653 2025 2736 iuvante,
2049 2653 2104 2738 qui
2127 2673 2189 2716 nos

487 2768 518 2817 15
540 2753 574 2816 in
599 2752 717 2817 solium
747 2754 840 2840 regni
863 2755 969 2820 nostri
997 2755 1148 2821 instituit.
1258 2753 1294 2820 Si
1323 2754 1538 2840 petitionibus
1568 2754 1778 2820 sacerdotum
1807 2765 1906 2841 atque
1936 2777 2104 2821 servorum
2128 2754 2191 2839 dei,

541 2855 630 2942 quod
652 2879 714 2942 pro
738 2880 850 2923 eorum
874 2859 982 2944 quiete
1004 2857 1058 2923 vel
1081 2860 1247 2924 iuvamine
1270 2860 1423 2944 pertinet,
1458 2857 1597 2924 libenter
1621 2858 1818 2925 obaudimus
1841 2859 1894 2925 vel
1917 2859 1961 2924 ad
1983 2859 2133 2925 effectum
2155 2861 2190 2925 in

541 2960 594 3025 dei
616 2962 748 3026 nomine
771 2964 1011 3048 mancipamus,
1035 2964 1161 3047 regiam
1178 2962 1451 3028 consuetudinem
1474 2985 1666 3028 exercemus
1683 2973 1716 3029 et
1739 2960 1825 3028 hocl
1846 2963 1944 3028 nobis
1961 2962 2005 3029 ad
2028 2963 2191 3029 mercedis

540 3075 753 3150 augmentum
778 3066 830 3131 vel
855 3067 1070 3133 stabilitatem
1093 3067 1186 3151 regni
1209 3068 1314 3131 nostri
1336 3067 1371 3130 in
1395 3065 1446 3131 dei
1470 3067 1603 3132 nomine
1626 3067 1788 3153 pertinere
1811 3068 2018 3134 confidimus.
2045 3066 2191 3154 Ideoque

540 3170 589 3235 vir
617 3169 818 3236 venerabilis
846 3170 979 3236 David⁰
1012 3171 1188 3258 episcopus
1223 3170 1363 3236 ecclesie
1394 3181 1510 3236 sancte
1545 3171 1597 3236 dei
1627 3171 1794 3256 genitricis
1830 3192 2021 3256 semperque
2054 3170 2191 3256 virginis

483 3290 518 3339 uo
541 3273 656 3349 Maris,
681 3297 745 3361 que
769 3283 820 3340 est
844 3275 909 3340 sita
932 3276 1019 3341 infra
1041 3278 1210 3343 civitatem
1233 3279 1512 3361 Beneventanum,
1543 3277 1753 3343 clementiam
1775 3277 1867 3363 regni
1890 3277 1994 3343 nostri
2019 3277 2123 3362 petiit,
2155 3283 2192 3340 ut

541 3399 653 3444 omnes
676 3400 740 3460 res,
771 3401 995 3466 quascumque
1016 3381 1092 3466 ipsa
1115 3404 1196 3447 casa
1219 3381 1272 3447 dei
1294 3391 1364 3447 tam
1388 3381 1429 3447 de
1453 3381 1644 3446 dationibus
1666 3401 1779 3467 regum
1811 3402 1975 3466 quamque
2001 3381 2191 3465 reginarum

539 3482 592 3548 vel
609 3482 730 3549 dueum
752 3494 852 3569 atque
869 3485 1077 3550 ducissarum
1101 3509 1159 3552 seu
1176 3484 1273 3550 deum
1296 3485 1481 3550 timentium
1497 3484 1664 3549 hominum
1689 3485 1758 3549 sive
1774 3484 1874 3549 etiam
1892 3481 1974 3569 [per]
1988 3482 2190 3549 venditionis

540 3588 716 3672 emptionis
739 3589 1074 3676 commutationisque
1102 3589 1234 3654 titulum
1267 3588 1320 3655 vel
1348 3610 1461 3655 omnes
1491 3588 1726 3672 diffiniciones,
1761 3610 1844 3675 quas
1874 3587 1915 3653 de
1947 3586 2048 3652 rebus
2077 3595 2191 3652 sancte

541 3691 680 3757 ecclesie
702 3702 849 3758 rectores
874 3695 944 3758 eius
967 3715 1027 3778 per
1048 3716 1168 3760 causas
1190 3693 1278 3759 iusto
1301 3695 1434 3759 tramite
1456 3694 1489 3759 in
1512 3693 1634 3759 iudicio
1657 3694 1818 3776 vicerunt,
1847 3715 1908 3758 nec
1931 3713 1997 3758 non
2021 3701 2055 3758 et
2078 3712 2190 3756 omnes

484 3809 518 3858 ro
540 3794 688 3862 redditus
704 3796 757 3861 vel
774 3797 958 3863 oblationes
974 3798 1122 3864 fidelium
1138 3797 1344 3863 diversarum
1361 3796 1575 3863 ecclesiarum
1591 3798 1655 3884 ipsi
1672 3808 1785 3863 sancte
1801 3798 2033 3863 Beneventano
2054 3797 2191 3863 ecclesie

540 3897 670 3985 legibus
692 3901 930 3986 pertinencium
959 3903 993 3966 in
1016 3902 1178 3988 integrum
1212 3901 1253 3966 ab
1284 3903 1441 3987 episcopo
1465 3903 1711 3984 Beneventano,
1741 3902 1796 3987 qui
1825 3921 1884 3987 per
1912 3910 2061 3984 tempora
2083 3901 2190 3982 fuerit,

542 4004 743 4090 suscipiatur
765 4013 866 4090 atquc
889 4007 1052 4071 canonica
1082 4007 1251 4072 sanctione
1275 4006 1499 4092 possideatur,
1528 4006 1596 4070 sive
1618 4027 1677 4091 per
1708 4003 1838 4069 diversa
1860 4003 1936 4069 loca
1964 4005 2089 4068 tamin
2113 4005 2190 4069 civi·

541 4106 666 4173 tatibus
689 4131 854 4195 quamque
883 4111 917 4175 in
946 4110 1034 4175 villis
1056 4109 1109 4176 vel
1132 4112 1167 4176 in
1188 4110 1354 4177 montibus
1377 4119 1478 4196 atque
1501 4108 1534 4172 in
1558 4107 1666 4193 planis
1691 4129 1750 4173 seu
1772 4107 1860 4172 etin
1887 4106 1983 4192 aquis
2006 4106 2058 4172 vel
2082 4107 2192 4172 omnia

540 4211 772 4297 patrimoniat,
807 4216 1038 4300 possessiones
1069 4236 1127 4281 eeu
1155 4215 1385 4301 undecumque
1414 4212 1571 4278 moderno
1601 4221 1749 4297 tempore
1779 4211 1853 4295 ipsa
1886 4232 1967 4275 casa
1996 4209 2048 4276 dei
2078 4210 2192 4275 ordine

484 4331 518 4382 30
540 4315 686 4401 legitimo
710 4318 883 4404 possidere
906 4328 1005 4405 atque
1022 4317 1193 4384 dominare
1215 4317 1346 4383 videtur
1361 4316 1415 4382 vel
1438 4316 1527 4402 quod
1543 4317 1677 4381 inantea
1700 4313 1823 4380 ibidem
1839 4313 2010 4379 additum·
2032 4314 2084 4379 vel
2105 4313 2190 4379 dele·
2257 4315 2261 4326 '

539 4430 653 4506 gatum
675 4421 784 4502 fuerit,
809 4421 869 4486 sub
894 4422 1088 4487 emunitatis
1110 4423 1243 4487 nomine
1267 4423 1296 4486 ei
1325 4420 1521 4486 confirmare
1545 4419 1751 4485 deberemus.
1790 4416 1892 4483 (luins
1915 4419 2112 4504 peticionem
2136 4441 2188 4482 no·

539 4523 661 4589 luimus
677 4523 852 4610 denegare,
877 4524 935 4589 sed
950 4525 999 4589 ita
1014 4526 1200 4610 prestitisse
1216 4533 1317 4610 atque
1332 4525 1366 4588 in
1383 4523 1536 4589 omnibus
1552 4523 1767 4590 confirmasse
1783 4523 1986 4608 cognoscite.
2013 4523 2191 4608 Propterea
2226 4515 2227 4520 ¹

539 4627 625 4693 hanc
648 4630 861 4694 emunitatem
884 4637 1032 4693 nostram
1056 4627 1265 4695 conscribere
1289 4629 1457 4710 iussimus,
1491 4650 1550 4714 per
1573 4649 1672 4714 quam
1696 4627 1885 4714 specialiter
1912 4627 2117 4693 decernimus
2142 4650 2191 4693 or-

540 4730 733 4814 dinandum,
757 4741 794 4796 ut
816 4731 927 4796 nullus
943 4731 1101 4817 quislibet
1123 4731 1164 4796 de
1179 4731 1276 4796 vobis
1300 4741 1357 4796 aut
1373 4730 1414 4797 de
1437 4731 1612 4800 iudiciaria
1627 4740 1791 4818 potestate
1814 4731 1867 4796 vel
1885 4731 2032 4820 quelibet
2049 4752 2192 4818 persona

483 4850 517 4899 35
539 4835 659 4901 amodo
688 4845 722 4900 et
744 4834 899 4923 deinceps
928 4838 961 4900 in
991 4836 1191 4900 monasteria
1218 4835 1363 4921 legitime
1387 4835 1451 4902 sibi
1481 4836 1637 4902 subiectis
1660 4845 1718 4901 aut
1745 4838 1779 4901 in
1808 4845 1918 4901 cumea
1951 4836 2003 4902 vel
2032 4835 2191 4902 ecclesias

540 4960 599 5005 seu
622 4940 655 5004 in
670 4938 769 5005 rebus
793 4941 956 5005 universis
974 4940 1218 5026 superscriptis,
1243 4940 1330 5005 unde
1346 4961 1433 5005 nunc
1457 4948 1602 5026 tempore
1617 4940 1693 5026 ipsa
1716 4938 1863 5005 casadei
1886 4940 1973 5004 iuetc
1993 4949 2026 5005 et
2049 4941 2190 5005 rationa-

539 5042 650 5108 biliter
681 5045 802 5108 vestita
836 5066 908 5108 esse
946 5043 1152 5128 dignoscitur
1185 5043 1238 5108 vel
1273 5043 1361 5130 quod
1395 5045 1530 5109 inantea
1564 5067 1606 5110 ex
1640 5043 1793 5130 largitate
1826 5043 1989 5109 bonorum
2024 5043 2191 5109 hominum

540 5149 710 5234 acquirere
733 5149 888 5232 potuerit,
913 5148 956 5213 ad
980 5169 1100 5212 causas
1124 5146 1324 5213 audiendum
1348 5146 1403 5212 vel
1425 5147 1512 5212 freta
1535 5148 1681 5234 undique
1704 5147 1902 5232 exigendum
1921 5170 1979 5213 seu
2001 5149 2190 5212 mansiones

539 5260 598 5317 aut
621 5261 755 5337 paratas
779 5252 968 5317 faciendum
991 5251 1044 5317 vel
1066 5251 1278 5316 fideiussores
1302 5250 1484 5316 tollendum
1506 5261 1564 5317 aut
1586 5251 1736 5316 homines
1759 5252 1865 5337 ipsine
1888 5251 2051 5318 ccclesiae
2074 5261 2192 5317 contra

483 5357 678 5421 errationis
708 5355 858 5421 ordinem
886 5355 1147 5441 distringendum
1176 5378 1283 5442 neque
1309 5379 1415 5421 novas
1447 5356 1700 5422 consuetudines
1729 5357 1965 5441 imponendum
1993 5378 2055 5422 nec
2083 5355 2191 5421 nullas

538 5457 782 5524 reddibiciones
798 5459 950 5547 publicas
962 5460 1194 5547 requirendum
1211 5459 1277 5525 ullo
1289 5483 1447 5547 umquam
1463 5470 1611 5548 tempore
1624 5459 1794 5546 ingredere
1810 5481 1871 5525 nec
1886 5469 2043 5526 exactare
2058 5461 2191 5547 penitus

538 5565 749 5650 presumatis,
779 5573 830 5629 set
854 5563 914 5630 sub
939 5566 1128 5630 emunitatis
1158 5565 1288 5629 nomine
1311 5564 1423 5631 valeat
1445 5573 1647 5631 memoratus
1672 5562 1783 5628 David
1811 5565 1946 5651 eiusque
1970 5586 2191 5639 successores,

540 5670 595 5754 qui
611 5691 670 5754 per
692 5677 843 5754 tempora
859 5669 991 5751 fuerint,
1016 5669 1117 5754 quieti
1134 5666 1266 5733 Christo
1290 5669 1439 5754 propicio
1455 5671 1566 5734 vivere
1588 5690 1627 5733 ac
1643 5666 1798 5742 residere,
1823 5678 1986 5754 quatenus
2002 5671 2049 5733 eis
2073 5667 2190 5732 melius

540 5772 682 5838 delectet
697 5795 755 5860 pro
772 5773 869 5838 nobis
886 5773 1114 5859 uxoribusque
1137 5773 1260 5838 nostris
1278 5794 1317 5838 ac
1341 5772 1455 5838 liberis
1470 5775 1594 5838 nostris
1611 5772 1734 5838 domini
1750 5773 2014 5839 misericordiam
2034 5774 2190 5838 attentius

483 5993 518 6044 45
616 5997 675 6052 luo.
695 5997 723 6062 a)
739 5999 782 6049 dei
800 6000 888 6064 gratia
906 6014 952 6049 rex
969 5998 1154 6049 Francborum
1173 5995 1200 6050 Β
1270 5998 1297 6062 b)
1315 5998 1366 6049 hec
1384 5995 1411 6050 Β
1485 5997 1511 6062 o)
1528 5997 1575 6051 die
1594 5995 1704 6062 Solorist
1723 5996 1771 6049 dea
1790 5996 1915 6050 Numeres
1933 5998 1966 6050 in
1984 5995 2011 6050 Β
2029 5995 2191 6065 obpetiebeu

692 6066 720 6133 d)
739 6066 767 6128 0,
786 6066 831 6119 ds'e
851 6066 959 6132 Schrift
978 6066 1029 6119 der
1047 6065 1146 6120 beiden
1169 6066 1262 6120 Worte
1279 6066 1310 6118 in
1329 6067 1356 6119 Β
1374 6067 1537 6136 obqerieben
1642 6068 1668 6134 a)
1686 6067 1788 6118 aditum
1807 6066 1834 6119 B

1975 6168 2026 6216 27*
