5642 7159
676 734 738 801 192
1278 738 1717 798 intercessoribus.

673 925 869 991 centenariis
892 921 1140 1010 iunioribusque
1155 921 1294 989 vestrisb
1317 932 1417 1012 atque
1433 925 1543 990 missis
1567 926 1688 991 nostris
1705 924 1983 991 discurrentibua⁰
2006 926 2212 1012 presentibus
2228 926 2318 992 vide-

671 1028 748 1094 licet
771 1036 805 1094 et
819 1027 946 1093 futuris.
1051 1026 1159 1093 Decet
1174 1029 1260 1124 enim
1282 1028 1405 1114 regalis
1422 1028 1615 1096 clementiae
1639 1029 1843 1113 dignitatem,
1867 1039 1903 1094 ut
1918 1039 2048 1113 cuncta,
2074 1053 2159 1118 quae
2174 1053 2194 1096 a
2212 1053 2319 1097 sacer·

673 1133 806 1199 dotibus
830 1130 1042 1197 rationabilia
1059 1132 1225 1217 postulata
1241 1133 1370 1208 fuerint,
1396 1132 1520 1199 sollerti
1537 1156 1617 1199 cura
1640 1135 1828 1220 prospicere
1845 1144 1877 1199 et
1902 1143 2088 1220 opportuna
2104 1134 2155 1200 vel
2172 1157 2319 1221 congrua

672 1237 719 1302 eis
747 1237 909 1302 beneficia
937 1258 1004 1300 non
1035 1235 1199 1322 denegare
1229 1239 1495 1326 anteriorumque
1525 1261 1638 1324 regum
1667 1249 1743 1304 acta
1771 1237 1914 1325 plenius,
1950 1261 2035 1326 quae
2064 1261 2124 1324 pro
2160 1239 2212 1304 dei
2243 1248 2320 1305 sunt

671 1341 802 1423 intuitu,
825 1340 1028 1405 confirmare.
1056 1342 1162 1426 Igitur
1177 1341 1375 1408 venerabilis
1389 1344 1441 1408 vir
1455 1343 1607 1425 ltberius‚
1631 1342 1737 1409 abbas
1761 1342 1801 1408 de
1824 1342 1962 1409 basilica
1984 1342 2161 1429 peculiaris
2184 1343 2316 1429 patroni
2341 1357 2357 1406 o

670 1447 775 1512 nostri
800 1447 904 1510 sancti
927 1444 1072 1527 Martini,
1101 1444 1157 1510 ubi
1181 1446 1253 1532 ipse
1275 1449 1439 1532 pretiosus
1463 1447 1601 1512 domnus
1625 1469 1763 1534 corpore
1789 1449 1977 1533 requiescit,
2009 1444 2226 1514 emunitatesd
2248 1447 2317 1532 glo-

669 1552 828 1616 riosorum
851 1570 976 1633 regum,
1003 1556 1249 1614 antecessorum
1272 1561 1469 1634 nostrorum,
1499 1552 1651 1618 manibus
1681 1573 1793 1617 eorum
1822 1552 1996 1618 roboratas
2020 1562 2119 1638 atque
2148 1551 2257 1618 domni
2287 1561 2319 1616 et

670 1655 828 1741 genitoris
851 1653 957 1719 nostri
981 1653 1109 1740 Pippini
1132 1653 1240 1719 bonae
1263 1656 1442 1719 memoriae
1465 1655 1632 1740 quondam
1654 1656 1743 1742 regis
1766 1654 1862 1720 nobis
1886 1655 2024 1741 protulit
2046 1655 2090 1721 ad
2112 1655 2317 1740 relegendas,

672 1758 726 1824 ubi
756 1756 985 1823 continebatur
1011 1759 1203 1840 insertum⁶,
1239 1757 1382 1845 qualiter
1411 1759 1549 1844 predicti
1578 1781 1672 1843 reges
1701 1781 1761 1846 pro
1791 1761 1974 1825 reverentia
2001 1761 2105 1845 ipsius
2134 1759 2317 1825 beatissimi

670 1864 776 1929 sancti
798 1861 931 1926 Martini
957 1861 997 1927 de
1020 1861 1119 1926 rebus
1143 1862 1246 1947 ipsius
1270 1859 1395 1927 sancti‘
1415 1863 1449 1927 in
1472 1885 1575 1948 regna
1598 1862 1658 1928 deo
1683 1865 1824 1949 propitio
1848 1875 1963 1929 nostra
1987 1864 2131 1947 Austris,
2161 1864 2316 1930 Neustria
2341 1880 2372 1928 ιο

670 1976 702 2032 et
717 1965 920 2052 Burgundio,
945 1965 1126 2052 Aquitania
1149 1974 1182 2030 et
1196 1966 1382 2047 Provincia,
1407 1965 1448 2031 de
1473 1967 1625 2031 omnibus
1648 1965 1747 2032 rebus
1771 1976 1804 2032 et
1826 1966 2041 2032 facultatibus
2064 1968 2170 2053 ipsius
2194 1967 2316 2032 beatis·

669 2072 743 2136 simi
767 2071 873 2135 sancti
896 2069 1029 2135 Martini
1053 2071 1192 2155 positisss
1213 2071 1245 2135 in
1262 2093 1364 2156 regna
1388 2071 1539 2156 superius
1556 2071 1681 2155 scripta
1704 2072 1736 2134 in
1754 2071 2015 2159 quibuscumque
2039 2071 2120 2137 locis
2136 2071 2315 2136 maioribus

668 2175 720 2241 vel
742 2173 935 2256 minoribus,
959 2184 1026 2240 tam
1053 2174 1140 2259 quod
1155 2197 1215 2261 per
1237 2175 1465 2262 preceptiones
1481 2175 1534 2240 vel
1557 2174 1779 2260 indulgentias
1795 2197 1853 2241 seu
1877 2177 2075 2242 emunitates
2096 2198 2211 2262 regum
2228 2175 2316 2241 vela

668 2279 855 2345 christianis
878 2278 1065 2345 bominibus
1088 2289 1188 2367 atque
1212 2279 1353 2345 diversis
1376 2278 1601 2345 contractibus
1625 2301 1684 2365 pro
1710 2279 1970 2368 quibuscumque
1993 2282 2220 2347 instrumentis
2243 2302 2315 2345 car·

667 2394 776 2451 tarum
799 2384 843 2449 ad
865 2384 1029 2470 prefatam
1052 2405 1165 2448 casam
1189 2384 1241 2449 dei
1264 2385 1465 2449 confessoris
1489 2381 1617 2449 sanctih
1642 2383 1775 2449 Martini
1791 2384 2033 2451 fuitcollatum
2055 2384 2109 2450 vel
2125 2384 2314 2470 delegatum
2340 2400 2370 2449 15

668 2488 775 2554 autin
791 2489 909 2554 futuris
932 2488 1134 2574 temporibus
1150 2488 1339 2554 addendum
1362 2488 1413 2553 vel
1431 2487 1659 2573 delegandum,
1684 2489 1970 2573 confirmaverunt,
1994 2499 2031 2554 ut
2050 2488 2111 2554 sub
2135 2489 2315 2555 emunitate

667 2590 796 2658 nostra¹
818 2593 909 2680 ipsas
931 2615 984 2658 res
1007 2592 1060 2658 vel
1082 2593 1145 2678 ipsi
1161 2591 1310 2659 homines
1335 2594 1441 2658 sancti
1456 2593 1589 2658 Martini
1614 2594 1724 2659 vivere
1744 2593 1895 2659 debeant.
1919 2594 2048 2660 Idcirco
2070 2595 2315 2681 suprascriptus

666 2699 809 2763 ltberius
831 2696 921 2763 abba
949 2700 1157 2763 serenitatem
1183 2699 1275 2784 regni
1303 2699 1407 2765 nostri
1431 2699 1536 2785 petiit,
1566 2708 1602 2763 ut
1625 2701 1657 2763 in
1687 2698 1722 2764 id
1748 2699 1858 2785 ipsum
1881 2696 2129 2765 roborandumk
2155 2698 2314 2764 bonitatis

666 2801 862 2868 beneficium
886 2801 998 2887 largiri
1023 2801 1226 2868 deberemus.
1266 2801 1368 2868 Cuius
1391 2824 1452 2868 nos
1476 2801 1645 2889 petitioni¹
1668 2805 1911 2870 consentientes
1943 2814 1976 2869 et
1998 2804 2184 2890 patrocinia
2208 2804 2314 2869 sancti

667 2907 801 2974 Martini
824 2914 1028 2987 venerantes,
1059 2905 1146 2971 sicut
1167 2905 1448 2991 predecessoresm
1474 2906 1592 2994 [reges]
1617 2907 1826 2992 singulariter
1854 2908 2082 2994 expleverunt,
2113 2916 2146 2972 et
2167 2929 2227 2973 nos
2249 2906 2314 2972 hoc
2336 2925 2370 2973 so

666 3012 891 3098 indulgentiae
914 3010 1035 3076 donum
1059 3018 1231 3096 gratanter
1254 3013 1460 3097 praestitisse
1483 3013 1685 3097 cognoscite.
1714 3013 1960 3098 Praecipientes
1985 3013 2117 3098 quippe,
2141 3021 2177 3076 ut
2201 3033 2314 3077 omncs

665 3140 719 3183 res
741 3119 845 3202 ipsius
868 3114 1050 3180 beatissimi
1076 3116 1182 3180 sancti
1198 3115 1345 3199 Martini,
1369 3127 1671 3205 quantumcumque
1687 3120 1720 3183 in
1743 3140 1846 3203 regna
1869 3118 1930 3184 deo
1947 3118 2088 3204 propitio
2112 3125 2313 3183 rostratam

664 3221 698 3288 in
721 3221 818 3287 villas
835 3228 868 3286 ct
889 3219 1026 3307 praedia
1041 3221 1168 3285 maiora
1191 3220 1243 3285 vel
1258 3221 1400 3305 modica,
1425 3245 1483 3287 seu
1499 3231 1634 3288 omnes¹²
1657 3223 1833 3288 facultates
1848 3221 2032 3288 beatissimi
2055 3223 2162 3289 sancti
2180 3221 2312 3288 Martini

666 3325 727 3392 sub
744 3326 933 3391 emunitatis
956 3323 1086 3389 titulum
1110 3326 1291 3389 consistere
1314 3323 1466 3408 debeant,
1491 3336 1526 3392 ut
1549 3325 1657 3391 nullus
1682 3326 1781 3391 iudex
1805 3325 1957 3413 publicus
1980 3328 2051 3392 fisci
2075 3327 2178 3392 nostri
2197 3327 2229 3391 in
2245 3327 2311 3391 iam

665 3430 773 3497 dictas
795 3428 893 3494 villas
917 3427 968 3494 vcl
992 3428 1169 3494 facultates
1192 3429 1297 3515 ipsius
1321 3430 1427 3495 sancti
1444 3429 1488 3495 ad
1511 3430 1675 3511 agendum
1692 3430 1743 3496 vel
1766 3453 1886 3497 causas
1903 3429 2122 3497 audiendum⁰
2146 3453 2204 3496 seu
2220 3428 2313 3494 freda
2335 3443 2369 3492 25

663 3534 716 3601 vel
749 3533 939 3600 inferendas
967 3532 1190 3599 exactandum
1224 3533 1276 3598 vel
1307 3531 1473 3599 teloneum
1506 3534 1687 3600 tollendum
1722 3556 1781 3600 seu
1815 3536 2003 3600 mansiones
2037 3533 2225 3600 faciendum
2255 3541 2314 3597 aut

662 3639 874 3706 fideiussores
890 3637 1072 3704 tollendum
1094 3637 1270 3703 catullum
1293 3639 1479 3723 ingressum
1496 3661 1554 3704 seu
1569 3639 1737 3704 introitum
1754 3640 1787 3703 in
1804 3636 1901 3703 villas
1919 3638 2024 3704 sancti
2041 3636 2175 3703 Martini
2191 3635 2313 3702 babere

662 3751 842 3831 presumat,
866 3742 926 3809 sed
942 3741 1098 3829 quicquid
1112 3741 1233 3808 exinde
1256 3741 1298 3808 ab
1316 3743 1461 3829 antiquis
1477 3742 1680 3830 temporibus
1695 3742 1795 3808 fiscus
1819 3753 1933 3809 noster
1948 3752 2017 3810 tam
2040 3743 2196 3830 preterito
2213 3762 2313 3826 quam

663 3857 697 3913 et
717 3848 861 3935 presenti
883 3857 1032 3933 tempore
1054 3846 1208 3932 accipere
1231 3845 1283 3911 vel
1308 3856 1466 3912 exactare
1490 3855 1715 3930 consueverat,
1740 3847 1850 3912 omnia
1873 3857 1906 3912 et
1929 3869 1972 3913 ex
1996 3844 2148 3912 omnibus
2164 3868 2207 3911 ex
2229 3845 2312 3910 fisco

662 3962 774 4019 nostro
798 3951 957 4035 cedimus,
981 3959 1039 4015 utp
1062 3951 1095 4015 in
1118 3948 1335 4015 luminaribus
1359 3951 1461 4036 ipsius
1485 3949 1668 4016 beatissimi
1694 3952 1800 4015 sancti
1817 3950 1951 4015 Martini
1976 3949 2028 4014 vel
2052 3948 2209 4015 alimonia
2230 3970 2311 4036 pau·
2335 3964 2369 4013 30

662 4078 775 4143 perum
799 4079 858 4121 seu
875 4054 1039 4141 stipendia
1061 4053 1299 4120 monachorum
1314 4053 1468 4139 proficiat
1490 4056 1523 4118 in
1540 4063 1763 4140 augmentum.
1788 4054 1832 4118 Et
1848 4053 1971 4118 nullam
1996 4061 2194 4138 potestatem
2210 4051 2311 4117 iudex

661 4160 814 4246 publicus
829 4160 901 4225 fisci
918 4161 1021 4224 nostri
1038 4181 1137 4246 super
1158 4159 1305 4245 prefatas
1320 4157 1419 4223 villas
1442 4158 1495 4223 vel
1512 4157 1688 4224 facultates
1712 4159 1820 4223 sancti
1836 4157 1969 4222 Martini
1993 4179 2051 4242 per
2074 4154 2311 4242 qualecumque

660 4265 826 4352 ingenium
853 4261 998 4347 [ibidem]
1022 4262 1144 4334 habere
1167 4285 1203 4329 se
1226 4272 1454 4348 recognoscat,
1485 4262 1546 4330 sed
1567 4262 1610 4329 ab
1636 4250 1731 4328 omni
1745 4261 1850 4326 fiscali
1879 4268 2045 4347 potestate
2069 4260 2131 4325 de‘l
2153 4259 2311 4346 predictis

660 4367 759 4434 rebus
786 4369 891 4432 sancti
914 4365 1049 4432 Martini
1080 4388 1211 4453 semper
1234 4378 1411 4435 extraneus
1440 4378 1539 4455 atque
1568 4377 1712 4434 remotus
1741 4369 1784 4431 sit
1814 4375 1847 4431 et
1878 4375 1959 4431 nec'
1980 4365 2126 4452 aliquas⁸
2155 4387 2311 4451 umquam

661 4472 853 4538 occasiones
875 4472 1050 4557 inquirere,
1072 4470 1160 4535 unde
1187 4469 1255 4555 [ad]
1279 4471 1428 4537 homines
1454 4473 1559 4538 sancti
1575 4470 1709 4536 Martini
1734 4469 1942 4557 dispendium
1966 4471 2074 4536 facore
2097 4468 2240 4552 debeat‘,
2265 4469 2310 4532 sit
2332 4484 2366 4532 ss

659 4598 762 4642 ausus
785 4596 984 4663 presumere,
1019 4573 1078 4639 sed
1099 4575 1268 4660 inspectas
1296 4577 1494 4641 emunitates
1519 4576 1720 4641 anteriorum
1749 4596 1864 4659 regum
1887 4597 1927 4640 ac
1956 4583 2073 4639 nostra
2096 4575 2128 4638 in
2158 4570 2310 4638 omnibus

660 4690 902 4747 conserventur.
927 4680 972 4744 Et
996 4681 1023 4745 si
1047 4682 1120 4765 quis
1144 4680 1244 4745 fuerit
1266 4702 1376 4746 comes
1399 4679 1454 4745 vel
1477 4680 1679 4745 domesticus
1703 4701 1761 4745 seu
1783 4679 1898 4764 grafio,
1923 4680 2067 4744 vicarius
2083 4676 2136 4742 vel
2159 4677 2310 4742 tribunus

660 4807 718 4851 seu
734 4785 987 4872 qualicumque¹²
1009 4782 1183 4848 iudiciaria
1199 4793 1364 4870 potestate
1381 4784 1581 4866 succinctus,
1605 4785 1659 4870 qui
1675 4782 1913 4868 indulgentiam
1930 4791 1963 4848 et
1977 4782 2159 4848 bonitatem
2182 4781 2310 4866 piorum

659 4899 813 4975 patrumv
843 4897 1027 4955 nostrorum
1049 4910 1163 4972 regum
1186 4888 1238 4953 vel
1260 4899 1408 4955 nostram
1432 4889 1703 4974 preceptionem'
1724 4888 1904 4973 irrumpere
1927 4908 1967 4952 ac
1991 4883 2117 4951 violare
2140 4904 2309 4969 presump-

659 4994 748 5077 serit,
773 5002 1004 5059 sexcentorum
1028 4991 1208 5057 solidorum
1231 4994 1301 5057 auri
1325 4993 1369 5059 ad
1392 5016 1509 5080 purum
1533 4993 1663 5058 excocti
1686 5013 1857 5056 numerum
1881 5014 1916 5057 se
1931 4997 2113 5076 cognoscat
2135 4988 2178 5054 ad
2200 4988 2307 5074 ipsam
2331 5004 2366 5054 4ο

658 5118 772 5163 casam
797 5097 901 5162 sancti
924 5095 1060 5162 Martini
1083 5094 1135 5160 vel
1158 5094 1298 5162 abbates
1323 5118 1401 5161 suos
1425 5095 1640 5179 multandum,
1668 5096 1715 5160 ita
1738 5104 1775 5160 ut
1798 5097 1868 5182 ipse
1892 5091 1979 5158 abba
2001 5092 2054 5158 vel
2078 5090 2231 5157 monachi
2254 5089 2308 5155 vel

658 5211 763 5268 easa¹
786 5201 891 5268 sancti
916 5201 1049 5266 Martini
1074 5200 1157 5266 duas
1180 5209 1292 5288 partes
1315 5200 1488 5287 recipiant,
1518 5202 1614 5266 tertia
1637 5221 1716 5264 vero
1740 5221 1818 5287 pars
1848 5199 1881 5264 in
1905 5198 1977 5264 fisci
2000 5197 2104 5262 nostri
2128 5194 2309 5262 sacellumy

659 5306 780 5390 veniat,
811 5315 935 5370 utnon
966 5303 1117 5388 delectet,
1149 5327 1234 5391 quae
1257 5326 1316 5390 pro
1347 5304 1457 5369 divino
1481 5305 1602 5369 intuitu
1632 5303 1860 5370 sacerdotibus
1889 5312 1964 5367 sunt
1986 5300 2114 5366 indulta
2144 5297 2194 5364 vel
2218 5307 2308 5364 ante·

733 5509 792 5565 141.
812 5511 840 5576 b)
857 5513 956 5562 nostris
974 5509 1005 5563 11
1107 5513 1132 5573 c)
1149 5512 1350 5562 decurrentibus
1369 5509 1445 5564 ΝΕ
1547 5511 1574 5578 d)
1593 5514 1775 5562 immunitates
1794 5509 1846 5572 12³,
1874 5509 1971 5562 eberiso
1996 5507 2035 5560 im
2059 5505 2207 5627 solpordca
2231 5504 2308 5558 disse

724 5609 729 5616 -
805 5579 925 5647 janam
947 5578 1102 5643 Wortform
1206 5580 1232 5647 e)
1250 5578 1296 5632 die
1318 5578 1412 5633 Worte
1430 5583 1477 5633 ubi
1496 5583 1684 5632 continebatur
1702 5583 1832 5631 insertum
1850 5578 1942 5645 sehim
1959 5577 2020 5630 hier
2038 5591 2093 5629 aar
2128 5575 2160 5628 s'a
2177 5573 2252 5627 1)OE
2268 5589 2307 5626 aaa
2330 5577 2364 5625 45

809 5649 859 5701 der
879 5647 970 5709 Stella,
987 5664 1026 5700 ars
1045 5649 1091 5702 die
1108 5648 1149 5702 aie
1171 5650 1298 5718 peltdrea,
1321 5649 1383 5702 asad
1400 5649 1468 5702 siud
1486 5649 1537 5702 mit
1556 5648 1712 5718 folpertdem
1730 5655 1851 5717 atquae
1873 5646 1982 5700 sinodos
2000 5645 2074 5699 atach
2092 5646 2201 5696 Martini
2221 5643 2252 5696 Z.
2272 5645 2308 5696 12

809 5717 1013 5786 αἰιρειιεὴαίίεε,
1031 5717 1128 5770 ebesaso
1146 5718 1178 5770 ia
1197 5718 1246 5770 der
1264 5718 1478 5772 Nucbarlruade
1495 5732 1528 5772 av
1542 5723 1595 5772 195
1699 5716 1806 5782 Ofelli
1826 5716 1870 5771 113
1974 5717 2002 5782 g)
2020 5717 2110 5783 quiete
2129 5711 2205 5767 ΗΒΕ

809 5788 838 5854 b)
855 5785 908 5839 das
926 5787 957 5839 ia
970 5786 1046 5839 D³E
1061 5786 1187 5851 fallenda
1206 5787 1284 5840 Wort
1302 5788 1344 5841 bei
1357 5787 1490 5841 Martiae
1512 5787 1574 5840 used
1592 5788 1624 5840 a'u
1641 5798 1675 5839 πθ
1690 5791 1742 5841 195
1812 5787 1832 5854 i)
1849 5785 1977 5840 verderbt
1996 5798 2049 5836 aas
2068 5785 2135 5835 sua?
2155 5782 2209 5835 das
2227 5780 2307 5834 rticbt

808 5857 999 5924 strenuosissimo
1017 5865 1109 5908 nostra
1127 5857 1200 5910 auctr
1217 5856 1249 5909 ia
1266 5868 1300 5910 ἰθ
1313 5861 1367 5912 195
1445 5859 1474 5923 k)
1492 5859 1635 5909 roborandi
1654 5856 1729 5911 D³E
1795 5857 1816 5919 1)
1835 5858 1991 5922 petitionem
2006 5853 2080 5912 113Ε
2148 5855 2184 5916 m)
2202 5867 2305 5919 preces-

808 5942 880 5976 sores
893 5925 974 5989 11111,
992 5942 1069 5992 reges
1088 5931 1203 5996 &ponat
1216 5938 1314 5980 auara
1327 5929 1381 5980 195
1451 5929 1479 5993 n)
1497 5945 1545 5978 seu
1563 5927 1606 5979 vei
1626 5929 1731 5978 ominus
1745 5925 1819 5978 D³E
1887 5927 1914 5991 o)
1932 5925 1965 5975 ad
1984 5923 2144 5975 audiendum
2164 5919 2240 5974 Dur
2329 5919 2362 5969 50

807 5996 834 6060 p)
846 6003 873 6046 et
886 5994 960 6047 D³E
1011 6000 1039 6063 q)
1051 6002 1132 6062 atquc
1143 5996 1176 6046 ds
1190 5995 1265 6048 11311
1314 5998 1337 6062 r)
1350 6012 1384 6048 ne
1398 5995 1472 6049 12³1«)
1524 5995 1701 6063 s)aliquisE
1750 5996 1772 6061 t)
1783 5995 1900 6046 (labeant
1913 5992 1985 6045 11311
2036 5993 2245 6058 u)quacamqus
2263 5987 2307 6041 D³

806 6067 834 6127 v)
851 6071 878 6116 ct
896 6071 1000 6130 patrum
1019 6064 1063 6118 D⁸
1132 6067 1168 6132 w)
1187 6067 1400 6130 deprecationem
1421 6065 1495 6118 D³Ji
1574 6067 1602 6132 x)
1621 6067 1744 6117 casadei
1763 6064 1793 6116 Ε
1860 6065 1889 6129 y)
1906 6063 2000 6113 fiscum
2018 6064 2104 6113 nostri
2124 6060 2217 6112 sacelli
2236 6057 2311 6112 D³E
