<?xml version="1.0" encoding="UTF-8"?>
<!DOCTYPE html PUBLIC "-//W3C//DTD XHTML 1.0 Transitional//EN"
    "http://www.w3.org/TR/xhtml1/DTD/xhtml1-transitional.dtd">
<html xmlns="http://www.w3.org/1999/xhtml" xml:lang="en" lang="en">
 <head>
  <title>
</title>
<meta http-equiv="Content-Type" content="text/html;charset=utf-8" />
  <meta name='ocr-system' content='tesseract 3.04.00' />
  <meta name='ocr-capabilities' content='ocr_page ocr_carea ocr_par ocr_line ocrx_word'/>
</head>
<body>
  <div class='ocr_page' id='page_1' title='image "./monumentagerman01goog/monumentagerman01goog_0317.png"; bbox 0 0 5642 7159; ppageno 0'>
   <div class='ocr_carea' id='block_1_1' title="bbox 681 766 1720 839">
    <p class='ocr_par' dir='ltr' id='par_1_1' title="bbox 681 766 1720 839">
     <span class='ocr_line' id='line_1_1' title="bbox 681 766 1720 839; baseline 0.008 -7"><span class='ocrx_word' id='word_1_1' title='bbox 681 766 747 832; x_wconf 78' lang='lat'>304</span> <span class='ocrx_word' id='word_1_2' title='bbox 1283 777 1720 839; x_wconf 76' lang='lat' dir='ltr'>KAlSllRURKUMDEM.</span> 
     </span>
    </p>
   </div>
   <div class='ocr_carea' id='block_1_2' title="bbox 681 959 2410 3141">
    <p class='ocr_par' dir='ltr' id='par_1_2' title="bbox 681 959 2410 3141">
     <span class='ocr_line' id='line_1_2' title="bbox 681 959 2352 1052; baseline 0.002 -28"><span class='ocrx_word' id='word_1_3' title='bbox 681 959 1006 1049; x_wconf 71' lang='lat' dir='ltr'>archiepiscoporum</span> <span class='ocrx_word' id='word_1_4' title='bbox 1029 966 1260 1052; x_wconf 81' lang='lat' dir='ltr'>opiscoporum</span> <span class='ocrx_word' id='word_1_5' title='bbox 1282 982 1326 1031; x_wconf 88' lang='lat' dir='ltr'>vel</span> <span class='ocrx_word' id='word_1_6' title='bbox 1348 983 1529 1047; x_wconf 90' lang='lat' dir='ltr'>quorumlibet</span> <span class='ocrx_word' id='word_1_7' title='bbox 1551 982 1651 1033; x_wconf 83' lang='lat' dir='ltr'>Christi</span> <span class='ocrx_word' id='word_1_8' title='bbox 1673 981 1791 1033; x_wconf 86' lang='lat' dir='ltr'>fidelium</span> <span class='ocrx_word' id='word_1_9' title='bbox 1815 986 1862 1031; x_wconf 91' lang='lat' dir='ltr'>aut</span> <span class='ocrx_word' id='word_1_10' title='bbox 1884 996 1900 1029; x_wconf 76' lang='lat' dir='ltr'>s</span> <span class='ocrx_word' id='word_1_11' title='bbox 1923 975 2162 1047; x_wconf 84' lang='lat' dir='ltr'>comperaciones⁰</span> <span class='ocrx_word' id='word_1_12' title='bbox 2186 984 2246 1032; x_wconf 85' lang='lat' dir='ltr'>sive</span> <span class='ocrx_word' id='word_1_13' title='bbox 2273 994 2352 1028; x_wconf 90' lang='lat' dir='ltr'>com-</span> 
     </span>
     <span class='ocr_line' id='line_1_3' title="bbox 682 1070 2351 1152; baseline 0.001 -22"><span class='ocrx_word' id='word_1_14' title='bbox 682 1085 848 1135; x_wconf 81' lang='lat' dir='ltr'>mutaciones</span> <span class='ocrx_word' id='word_1_15' title='bbox 877 1086 920 1136; x_wconf 91' lang='lat' dir='ltr'>vel</span> <span class='ocrx_word' id='word_1_16' title='bbox 947 1085 1083 1152; x_wconf 86' lang='lat' dir='ltr'>quaslibet</span> <span class='ocrx_word' id='word_1_17' title='bbox 1109 1089 1252 1152; x_wconf 83' lang='lat' dir='ltr'>paccioues</span> <span class='ocrx_word' id='word_1_18' title='bbox 1279 1086 1313 1137; x_wconf 92' lang='lat' dir='ltr'>de</span> <span class='ocrx_word' id='word_1_19' title='bbox 1335 1081 1438 1137; x_wconf 72' lang='lat' dir='ltr'>rebuel’</span> <span class='ocrx_word' id='word_1_20' title='bbox 1466 1086 1611 1138; x_wconf 82' lang='lat' dir='ltr'><strong>mobilibus</strong></span> <span class='ocrx_word' id='word_1_21' title='bbox 1640 1070 1692 1135; x_wconf 84' lang='lat' dir='ltr'>vei</span> <span class='ocrx_word' id='word_1_22' title='bbox 1721 1086 1902 1149; x_wconf 75' lang='lat' dir='ltr'>inmobilibus,</span> <span class='ocrx_word' id='word_1_23' title='bbox 1931 1088 2008 1136; x_wconf 90' lang='lat' dir='ltr'>terris</span> <span class='ocrx_word' id='word_1_24' title='bbox 2030 1088 2116 1137; x_wconf 90' lang='lat' dir='ltr'>vineis</span> <span class='ocrx_word' id='word_1_25' title='bbox 2144 1086 2253 1137; x_wconf 88' lang='lat' dir='ltr'>scilicet</span> <span class='ocrx_word' id='word_1_26' title='bbox 2279 1090 2310 1134; x_wconf 90' lang='lat' dir='ltr'>st</span> <span class='ocrx_word' id='word_1_27' title='bbox 2333 1099 2351 1131; x_wconf 74' lang='lat' dir='ltr'>a</span> 
     </span>
     <span class='ocr_line' id='line_1_4' title="bbox 682 1188 2351 1257; baseline 0.001 -22"><span class='ocrx_word' id='word_1_28' title='bbox 682 1188 783 1251; x_wconf 90' lang='lat' dir='ltr'>campis</span> <span class='ocrx_word' id='word_1_29' title='bbox 805 1189 880 1239; x_wconf 90' lang='lat' dir='ltr'>silvis</span> <span class='ocrx_word' id='word_1_30' title='bbox 903 1193 987 1255; x_wconf 84' lang='lat' dir='ltr'>pratis</span> <span class='ocrx_word' id='word_1_31' title='bbox 1009 1192 1117 1255; x_wconf 87' lang='lat' dir='ltr'>pascuis</span> <span class='ocrx_word' id='word_1_32' title='bbox 1139 1193 1217 1257; x_wconf 84' lang='lat' dir='ltr'>aquis</span> <span class='ocrx_word' id='word_1_33' title='bbox 1239 1206 1423 1257; x_wconf 77' lang='lat' dir='ltr'><strong>aquarumque</strong></span> <span class='ocrx_word' id='word_1_34' title='bbox 1439 1190 1596 1242; x_wconf 75' lang='lat' dir='ltr'>decursibus</span> <span class='ocrx_word' id='word_1_35' title='bbox 1619 1189 1779 1240; x_wconf 74' lang='lat' dir='ltr'>molendinis</span> <span class='ocrx_word' id='word_1_36' title='bbox 1794 1191 1994 1256; x_wconf 72' lang='lat' dir='ltr'>piscacionibus</span> <span class='ocrx_word' id='word_1_37' title='bbox 2016 1190 2083 1255; x_wconf 88' lang='lat' dir='ltr'>ripis</span> <span class='ocrx_word' id='word_1_38' title='bbox 2096 1206 2113 1238; x_wconf 71' lang='lat' dir='ltr'>s</span> <span class='ocrx_word' id='word_1_39' title='bbox 2136 1188 2351 1240; x_wconf 82' lang='lat' dir='ltr'>abitaoionibus</span> 
     </span>
     <span class='ocr_line' id='line_1_5' title="bbox 682 1278 2348 1365; baseline 0.002 -27"><span class='ocrx_word' id='word_1_40' title='bbox 682 1287 794 1340; x_wconf 86' lang='lat' dir='ltr'>edificiis</span> <span class='ocrx_word' id='word_1_41' title='bbox 810 1278 960 1343; x_wconf 75' lang='lat' dir='ltr'>ecclesiis</span> <span class='ocrx_word' id='word_1_42' title='bbox 984 1295 1102 1346; x_wconf 75' lang='lat' dir='ltr'>castellis</span> <span class='ocrx_word' id='word_1_43' title='bbox 1118 1280 1204 1345; x_wconf 74' lang='lat' dir='ltr'>villis</span> <span class='ocrx_word' id='word_1_44' title='bbox 1228 1297 1343 1346; x_wconf 78' lang='lat' dir='ltr'>servies</span> <span class='ocrx_word' id='word_1_45' title='bbox 1365 1295 1471 1347; x_wconf 88' lang='lat' dir='ltr'>ancillis</span> <span class='ocrx_word' id='word_1_46' title='bbox 1494 1295 1647 1347; x_wconf 90' lang='lat' dir='ltr'>aldionibus</span> <span class='ocrx_word' id='word_1_47' title='bbox 1670 1302 1697 1347; x_wconf 90' lang='lat' dir='ltr'>et</span> <span class='ocrx_word' id='word_1_48' title='bbox 1718 1296 1842 1347; x_wconf 78' lang='lat' dir='ltr'>aldiebus</span> <span class='ocrx_word' id='word_1_49' title='bbox 1858 1311 1874 1343; x_wconf 80' lang='lat' dir='ltr'>s</span> <span class='ocrx_word' id='word_1_50' title='bbox 1896 1288 2078 1346; x_wconf 78' lang='lat' dir='ltr'>auctoritate‘l</span> <span class='ocrx_word' id='word_1_51' title='bbox 2101 1278 2215 1345; x_wconf 85' lang='lat' dir='ltr'>domni</span> <span class='ocrx_word' id='word_1_52' title='bbox 2239 1299 2348 1365; x_wconf 77' lang='lat' dir='ltr'>pape,</span> 
     </span>
     <span class='ocr_line' id='line_1_6' title="bbox 682 1378 2394 1470; baseline 0.003 -29"><span class='ocrx_word' id='word_1_53' title='bbox 682 1378 777 1444; x_wconf 75' lang='lat' dir='ltr'>cuius</span> <span class='ocrx_word' id='word_1_54' title='bbox 800 1381 945 1447; x_wconf 74' lang='lat' dir='ltr'>iussione</span> <span class='ocrx_word' id='word_1_55' title='bbox 974 1383 1035 1448; x_wconf 82' lang='lat' dir='ltr'>hec</span> <span class='ocrx_word' id='word_1_56' title='bbox 1058 1384 1207 1467; x_wconf 78' lang='lat' dir='ltr'>fecimus,</span> <span class='ocrx_word' id='word_1_57' title='bbox 1241 1405 1376 1470; x_wconf 74' lang='lat' dir='ltr'>prorsus</span> <span class='ocrx_word' id='word_1_58' title='bbox 1406 1400 1609 1451; x_wconf 89' lang='lat' dir='ltr'>corroboramus</span> <span class='ocrx_word' id='word_1_59' title='bbox 1633 1392 1698 1461; x_wconf 74' lang='lat' dir='ltr'>[et]⁸</span> <span class='ocrx_word' id='word_1_60' title='bbox 1727 1419 1743 1449; x_wconf 73' lang='lat' dir='ltr'>a</span> <span class='ocrx_word' id='word_1_61' title='bbox 1766 1400 1962 1451; x_wconf 86' lang='lat' dir='ltr'>confirmamus.</span> <span class='ocrx_word' id='word_1_62' title='bbox 2000 1416 2017 1448; x_wconf 74' lang='lat' dir='ltr'>e</span> <span class='ocrx_word' id='word_1_63' title='bbox 2043 1400 2157 1465; x_wconf 82' lang='lat' dir='ltr'>Insuper</span> <span class='ocrx_word' id='word_1_64' title='bbox 2179 1399 2269 1449; x_wconf 82' lang='lat' dir='ltr'>eciam</span> <span class='ocrx_word' id='word_1_65' title='bbox 2295 1414 2348 1462; x_wconf 91' lang='lat' dir='ltr'>pro</span> <span class='ocrx_word' id='word_1_66' title='bbox 2375 1397 2394 1446; x_wconf 80' lang='lat' dir='ltr'>b</span> 
     </span>
     <span class='ocr_line' id='line_1_7' title="bbox 682 1488 2349 1571; baseline 0.003 -25"><span class='ocrx_word' id='word_1_67' title='bbox 682 1499 771 1549; x_wconf 87' lang='lat' dir='ltr'>anime</span> <span class='ocrx_word' id='word_1_68' title='bbox 798 1506 889 1552; x_wconf 86' lang='lat' dir='ltr'>nostre</span> <span class='ocrx_word' id='word_1_69' title='bbox 910 1502 998 1553; x_wconf 88' lang='lat' dir='ltr'>salute</span> <span class='ocrx_word' id='word_1_70' title='bbox 1027 1495 1236 1569; x_wconf 78' lang='lat' dir='ltr'>eiusdem[que]r</span> <span class='ocrx_word' id='word_1_71' title='bbox 1263 1488 1392 1554; x_wconf 82' lang='lat' dir='ltr'>cenobii</span> <span class='ocrx_word' id='word_1_72' title='bbox 1420 1510 1550 1570; x_wconf 89' lang='lat' dir='ltr'>perpetua</span> <span class='ocrx_word' id='word_1_73' title='bbox 1573 1497 1807 1571; x_wconf 79' lang='lat' dir='ltr'>tran[qui]llitate⁰</span> <span class='ocrx_word' id='word_1_74' title='bbox 1833 1504 1957 1555; x_wconf 87' lang='lat' dir='ltr'>volumus</span> <span class='ocrx_word' id='word_1_75' title='bbox 1979 1503 2066 1569; x_wconf 86' lang='lat' dir='ltr'>adque</span> <span class='ocrx_word' id='word_1_76' title='bbox 2088 1508 2181 1554; x_wconf 86' lang='lat' dir='ltr'>nostra</span> <span class='ocrx_word' id='word_1_77' title='bbox 2204 1501 2349 1568; x_wconf 88' lang='lat' dir='ltr'>imperiali</span> 
     </span>
     <span class='ocr_line' id='line_1_8' title="bbox 682 1590 2348 1676; baseline 0.002 -26"><span class='ocrx_word' id='word_1_78' title='bbox 682 1605 844 1655; x_wconf 84' lang='lat' dir='ltr'>auctoritate</span> <span class='ocrx_word' id='word_1_79' title='bbox 871 1607 1034 1671; x_wconf 77' lang='lat' dir='ltr'>precipimus</span> <span class='ocrx_word' id='word_1_80' title='bbox 1061 1608 1112 1657; x_wconf 90' lang='lat' dir='ltr'>hac</span> <span class='ocrx_word' id='word_1_81' title='bbox 1135 1624 1241 1674; x_wconf 90' lang='lat' dir='ltr'>quoque</span> <span class='ocrx_word' id='word_1_82' title='bbox 1269 1609 1418 1674; x_wconf 86' lang='lat' dir='ltr'>preceptali</span> <span class='ocrx_word' id='word_1_83' title='bbox 1440 1611 1539 1676; x_wconf 88' lang='lat' dir='ltr'>pagina</span> <span class='ocrx_word' id='word_1_84' title='bbox 1568 1610 1780 1673; x_wconf 87' lang='lat' dir='ltr'>corroboramus,</span> <span class='ocrx_word' id='word_1_85' title='bbox 1813 1614 1946 1674; x_wconf 86' lang='lat' dir='ltr'>quatenus</span> <span class='ocrx_word' id='word_1_86' title='bbox 1974 1607 2136 1672; x_wconf 80' lang='lat' dir='ltr'>prelibatum</span> <span class='ocrx_word' id='word_1_87' title='bbox 2158 1590 2348 1657; x_wconf 78' lang='lat' dir='ltr'>cenobium</span> 
     </span>
     <span class='ocr_line' id='line_1_9' title="bbox 682 1692 2348 1779; baseline 0.002 -24"><span class='ocrx_word' id='word_1_88' title='bbox 682 1706 752 1757; x_wconf 86' lang='lat' dir='ltr'>nulli</span> <span class='ocrx_word' id='word_1_89' title='bbox 780 1692 834 1777; x_wconf 67' lang='lat' dir='ltr'>(Me</span> <span class='ocrx_word' id='word_1_90' title='bbox 857 1694 1000 1779; x_wconf 54' lang='lat' dir='ltr'>‘tethro‘</span> <span class='ocrx_word' id='word_1_91' title='bbox 1028 1714 1079 1761; x_wconf 91' lang='lat' dir='ltr'>nisi</span> <span class='ocrx_word' id='word_1_92' title='bbox 1101 1718 1192 1763; x_wconf 87' lang='lat' dir='ltr'>nostre</span> <span class='ocrx_word' id='word_1_93' title='bbox 1219 1713 1318 1763; x_wconf 88' lang='lat' dir='ltr'>dicioni</span> <span class='ocrx_word' id='word_1_94' title='bbox 1348 1715 1487 1766; x_wconf 85' lang='lat' dir='ltr'>subiaceat</span> <span class='ocrx_word' id='word_1_95' title='bbox 1514 1715 1679 1766; x_wconf 85' lang='lat' dir='ltr'>solummodo</span> <span class='ocrx_word' id='word_1_96' title='bbox 1709 1720 1737 1766; x_wconf 88' lang='lat' dir='ltr'>et</span> <span class='ocrx_word' id='word_1_97' title='bbox 1764 1727 1947 1764; x_wconf 86' lang='lat' dir='ltr'>successorum</span> <span class='ocrx_word' id='word_1_98' title='bbox 1976 1717 2126 1763; x_wconf 88' lang='lat' dir='ltr'>nostrorum</span> <span class='ocrx_word' id='word_1_99' title='bbox 2156 1716 2183 1762; x_wconf 85' lang='lat' dir='ltr'>et</span> <span class='ocrx_word' id='word_1_100' title='bbox 2206 1712 2240 1762; x_wconf 87' lang='lat' dir='ltr'>ab</span> <span class='ocrx_word' id='word_1_101' title='bbox 2268 1712 2348 1760; x_wconf 89' lang='lat' dir='ltr'>omui</span> 
     </span>
     <span class='ocr_line' id='line_1_10' title="bbox 683 1813 2348 1882; baseline 0.001 -20"><span class='ocrx_word' id='word_1_102' title='bbox 683 1813 946 1879; x_wconf 82' lang='lat' dir='ltr'>archiepiscoporum</span> <span class='ocrx_word' id='word_1_103' title='bbox 969 1818 1155 1881; x_wconf 89' lang='lat' dir='ltr'>episcoporum</span> <span class='ocrx_word' id='word_1_104' title='bbox 1178 1817 1277 1868; x_wconf 90' lang='lat' dir='ltr'>ducum</span> <span class='ocrx_word' id='word_1_105' title='bbox 1298 1820 1425 1868; x_wconf 89' lang='lat' dir='ltr'>comitum</span> <span class='ocrx_word' id='word_1_106' title='bbox 1449 1818 1633 1869; x_wconf 78' lang='lat' dir='ltr'>marchionum</span> <span class='ocrx_word' id='word_1_107' title='bbox 1655 1824 1856 1882; x_wconf 88' lang='lat' dir='ltr'>ceterorumque</span> <span class='ocrx_word' id='word_1_108' title='bbox 1879 1816 2015 1867; x_wconf 88' lang='lat' dir='ltr'>hominum</span> <span class='ocrx_word' id='word_1_109' title='bbox 2038 1815 2155 1866; x_wconf 88' lang='lat' dir='ltr'>dominio</span> <span class='ocrx_word' id='word_1_110' title='bbox 2179 1815 2301 1865; x_wconf 87' lang='lat' dir='ltr'>liberum</span> <span class='ocrx_word' id='word_1_111' title='bbox 2317 1820 2348 1865; x_wconf 89' lang='lat' dir='ltr'>et</span> 
     </span>
     <span class='ocr_line' id='line_1_11' title="bbox 683 1913 2410 1987; baseline -0.001 -20"><span class='ocrx_word' id='word_1_112' title='bbox 683 1917 836 1968; x_wconf 87' lang='lat' dir='ltr'>absolutum</span> <span class='ocrx_word' id='word_1_113' title='bbox 859 1926 1013 1983; x_wconf 84' lang='lat' dir='ltr'>permaneat</span> <span class='ocrx_word' id='word_1_114' title='bbox 1035 1936 1084 1970; x_wconf 90' lang='lat' dir='ltr'>nec</span> <span class='ocrx_word' id='word_1_115' title='bbox 1107 1921 1163 1971; x_wconf 91' lang='lat' dir='ltr'>ullo</span> <span class='ocrx_word' id='word_1_116' title='bbox 1186 1927 1304 1987; x_wconf 85' lang='lat' dir='ltr'>tempore</span> <span class='ocrx_word' id='word_1_117' title='bbox 1328 1922 1453 1987; x_wconf 80' lang='lat' dir='ltr'>cuiquam</span> <span class='ocrx_word' id='word_1_118' title='bbox 1476 1938 1659 1972; x_wconf 86' lang='lat' dir='ltr'>successorum</span> <span class='ocrx_word' id='word_1_119' title='bbox 1680 1913 1869 1982; x_wconf 77' lang='lat' dir='ltr'>[nostrorum]⁰</span> <span class='ocrx_word' id='word_1_120' title='bbox 1890 1922 2101 1986; x_wconf 89' lang='lat' dir='ltr'>prenominatum</span> <span class='ocrx_word' id='word_1_121' title='bbox 2126 1919 2272 1970; x_wconf 86' lang='lat' dir='ltr'>cenobium</span> <span class='ocrx_word' id='word_1_122' title='bbox 2298 1917 2346 1968; x_wconf 85' lang='lat' dir='ltr'>vel</span> <span class='ocrx_word' id='word_1_123' title='bbox 2375 1918 2410 1966; x_wconf 82' lang='lat'>10</span> 
     </span>
     <span class='ocr_line' id='line_1_12' title="bbox 683 2007 2347 2093; baseline 0.001 -21"><span class='ocrx_word' id='word_1_124' title='bbox 683 2038 735 2088; x_wconf 91' lang='lat' dir='ltr'>que</span> <span class='ocrx_word' id='word_1_125' title='bbox 764 2007 808 2072; x_wconf 76' lang='lat' dir='ltr'>ed</span> <span class='ocrx_word' id='word_1_126' title='bbox 830 2026 918 2089; x_wconf 89' lang='lat' dir='ltr'>ipsum</span> <span class='ocrx_word' id='word_1_127' title='bbox 944 2028 1077 2090; x_wconf 82' lang='lat' dir='ltr'>pertinere</span> <span class='ocrx_word' id='word_1_128' title='bbox 1099 2026 1232 2089; x_wconf 87' lang='lat' dir='ltr'>videntur,</span> <span class='ocrx_word' id='word_1_129' title='bbox 1261 2011 1324 2076; x_wconf 68' lang='lat' dir='ltr'>hae</span> <span class='ocrx_word' id='word_1_130' title='bbox 1346 2026 1495 2090; x_wconf 87' lang='lat' dir='ltr'>preceptnli</span> <span class='ocrx_word' id='word_1_131' title='bbox 1522 2028 1621 2093; x_wconf 83' lang='lat' dir='ltr'>pagina</span> <span class='ocrx_word' id='word_1_132' title='bbox 1644 2042 1692 2077; x_wconf 86' lang='lat' dir='ltr'>seu</span> <span class='ocrx_word' id='word_1_133' title='bbox 1720 2025 1841 2092; x_wconf 88' lang='lat' dir='ltr'>quolibet</span> <span class='ocrx_word' id='word_1_134' title='bbox 1863 2028 1962 2090; x_wconf 92' lang='lat' dir='ltr'>scripto</span> <span class='ocrx_word' id='word_1_135' title='bbox 1991 2025 2073 2075; x_wconf 84' lang='lat' dir='ltr'>alicui</span> <span class='ocrx_word' id='word_1_136' title='bbox 2095 2040 2209 2090; x_wconf 89' lang='lat' dir='ltr'>persone</span> <span class='ocrx_word' id='word_1_137' title='bbox 2232 2023 2347 2073; x_wconf 86' lang='lat' dir='ltr'>tradere</span> 
     </span>
     <span class='ocr_line' id='line_1_13' title="bbox 684 2112 2347 2196; baseline 0 -20"><span class='ocrx_word' id='word_1_138' title='bbox 684 2127 727 2177; x_wconf 91' lang='lat' dir='ltr'>vel</span> <span class='ocrx_word' id='word_1_139' title='bbox 749 2128 777 2177; x_wconf 88' lang='lat' dir='ltr'>in</span> <span class='ocrx_word' id='word_1_140' title='bbox 793 2115 972 2179; x_wconf 65' lang='lat' dir='ltr'>beneficium⁶</span> <span class='ocrx_word' id='word_1_141' title='bbox 994 2130 1140 2181; x_wconf 79' lang='lat' dir='ltr'>concedere</span> <span class='ocrx_word' id='word_1_142' title='bbox 1155 2132 1243 2194; x_wconf 87' lang='lat' dir='ltr'>liceat,</span> <span class='ocrx_word' id='word_1_143' title='bbox 1266 2135 1307 2181; x_wconf 87' lang='lat' dir='ltr'>set</span> <span class='ocrx_word' id='word_1_144' title='bbox 1321 2132 1394 2181; x_wconf 92' lang='lat' dir='ltr'>omni</span> <span class='ocrx_word' id='word_1_145' title='bbox 1409 2135 1528 2195; x_wconf 88' lang='lat' dir='ltr'>tempore</span> <span class='ocrx_word' id='word_1_146' title='bbox 1551 2112 1721 2196; x_wconf 84' lang='lat' dir='ltr'>imperatorie</span> <span class='ocrx_word' id='word_1_147' title='bbox 1736 2132 1771 2181; x_wconf 89' lang='lat' dir='ltr'>sit</span> <span class='ocrx_word' id='word_1_148' title='bbox 1793 2130 1977 2182; x_wconf 87' lang='lat' dir='ltr'>tantummodo</span> <span class='ocrx_word' id='word_1_149' title='bbox 1997 2131 2124 2195; x_wconf 79' lang='lat' dir='ltr'>potestati</span> <span class='ocrx_word' id='word_1_150' title='bbox 2139 2118 2347 2189; x_wconf 72' lang='lat' dir='ltr'>siubielctnm⁰.</span> 
     </span>
     <span class='ocr_line' id='line_1_14' title="bbox 684 2226 2347 2300; baseline -0.001 -19"><span class='ocrx_word' id='word_1_151' title='bbox 684 2232 866 2298; x_wconf 90' lang='lat' dir='ltr'>Precipientes</span> <span class='ocrx_word' id='word_1_152' title='bbox 893 2235 984 2300; x_wconf 85' lang='lat' dir='ltr'>itaque</span> <span class='ocrx_word' id='word_1_153' title='bbox 1007 2236 1130 2286; x_wconf 89' lang='lat' dir='ltr'>iubemus</span> <span class='ocrx_word' id='word_1_154' title='bbox 1158 2241 1184 2286; x_wconf 89' lang='lat' dir='ltr'>et</span> <span class='ocrx_word' id='word_1_155' title='bbox 1211 2236 1262 2286; x_wconf 85' lang='lat' dir='ltr'>lrac</span> <span class='ocrx_word' id='word_1_156' title='bbox 1292 2240 1383 2285; x_wconf 89' lang='lat' dir='ltr'>nostra</span> <span class='ocrx_word' id='word_1_157' title='bbox 1405 2236 1626 2286; x_wconf 89' lang='lat' dir='ltr'>corroboracioue</span> <span class='ocrx_word' id='word_1_158' title='bbox 1653 2233 1796 2297; x_wconf 85' lang='lat' dir='ltr'>firmamus,</span> <span class='ocrx_word' id='word_1_159' title='bbox 1832 2228 1873 2295; x_wconf 89' lang='lat' dir='ltr'>[ut</span> <span class='ocrx_word' id='word_1_160' title='bbox 1894 2226 2013 2295; x_wconf 77' lang='lat' dir='ltr'>nulllus⁸</span> <span class='ocrx_word' id='word_1_161' title='bbox 2043 2234 2097 2284; x_wconf 84' lang='lat' dir='ltr'>dux</span> <span class='ocrx_word' id='word_1_162' title='bbox 2119 2233 2347 2297; x_wconf 74' lang='lat' dir='ltr'>archiepiscopus</span> 
     </span>
     <span class='ocr_line' id='line_1_15' title="bbox 686 2325 2347 2407; baseline -0.001 -21"><span class='ocrx_word' id='word_1_163' title='bbox 686 2338 828 2402; x_wconf 88' lang='lat' dir='ltr'>epiecopus</span> <span class='ocrx_word' id='word_1_164' title='bbox 850 2325 985 2390; x_wconf 71' lang='lat' dir='ltr'>marchio²</span> <span class='ocrx_word' id='word_1_165' title='bbox 1013 2357 1101 2391; x_wconf 89' lang='lat' dir='ltr'>comes</span> <span class='ocrx_word' id='word_1_166' title='bbox 1130 2342 1278 2391; x_wconf 79' lang='lat' dir='ltr'>vicecomes</span> <span class='ocrx_word' id='word_1_167' title='bbox 1301 2357 1317 2389; x_wconf 78' lang='lat' dir='ltr'>s</span> <span class='ocrx_word' id='word_1_168' title='bbox 1339 2340 1471 2407; x_wconf 84' lang='lat' dir='ltr'>gastaldio</span> <span class='ocrx_word' id='word_1_169' title='bbox 1500 2339 1575 2389; x_wconf 90' lang='lat' dir='ltr'>nulla</span> <span class='ocrx_word' id='word_1_170' title='bbox 1597 2357 1613 2388; x_wconf 82' lang='lat' dir='ltr'>s</span> <span class='ocrx_word' id='word_1_171' title='bbox 1636 2340 1711 2405; x_wconf 85' lang='lat' dir='ltr'>regni</span> <span class='ocrx_word' id='word_1_172' title='bbox 1739 2340 1822 2389; x_wconf 91' lang='lat' dir='ltr'>nostri</span> <span class='ocrx_word' id='word_1_173' title='bbox 1845 2354 1942 2405; x_wconf 85' lang='lat' dir='ltr'>magna</span> <span class='ocrx_word' id='word_1_174' title='bbox 1969 2352 2105 2403; x_wconf 84' lang='lat' dir='ltr'>parvaque</span> <span class='ocrx_word' id='word_1_175' title='bbox 2128 2327 2287 2402; x_wconf 79' lang='lat' dir='ltr'>[persona]¹&#39;</span> <span class='ocrx_word' id='word_1_176' title='bbox 2310 2336 2347 2385; x_wconf 89' lang='lat' dir='ltr'>de</span> 
     </span>
     <span class='ocr_line' id='line_1_16' title="bbox 687 2428 2408 2515; baseline -0.003 -22"><span class='ocrx_word' id='word_1_177' title='bbox 687 2443 820 2506; x_wconf 90' lang='lat' dir='ltr'>omnibus,</span> <span class='ocrx_word' id='word_1_178' title='bbox 844 2460 896 2509; x_wconf 89' lang='lat' dir='ltr'>que</span> <span class='ocrx_word' id='word_1_179' title='bbox 919 2444 953 2494; x_wconf 89' lang='lat' dir='ltr'>ad</span> <span class='ocrx_word' id='word_1_180' title='bbox 974 2448 1027 2495; x_wconf 85' lang='lat' dir='ltr'>ium</span> <span class='ocrx_word' id='word_1_181' title='bbox 1043 2445 1143 2496; x_wconf 89' lang='lat' dir='ltr'>dictum</span> <span class='ocrx_word' id='word_1_182' title='bbox 1166 2447 1355 2496; x_wconf 88' lang='lat' dir='ltr'>monasterium</span> <span class='ocrx_word' id='word_1_183' title='bbox 1370 2462 1420 2510; x_wconf 90' lang='lat' dir='ltr'>per</span> <span class='ocrx_word' id='word_1_184' title='bbox 1441 2428 1546 2515; x_wconf 82' lang='lat' dir='ltr'>h[ec]⁰</span> <span class='ocrx_word' id='word_1_185' title='bbox 1567 2450 1694 2510; x_wconf 86' lang='lat' dir='ltr'>precepta</span> <span class='ocrx_word' id='word_1_186' title='bbox 1710 2444 1752 2495; x_wconf 91' lang='lat' dir='ltr'>vel</span> <span class='ocrx_word' id='word_1_187' title='bbox 1775 2445 1829 2495; x_wconf 89' lang='lat' dir='ltr'>alia</span> <span class='ocrx_word' id='word_1_188' title='bbox 1844 2444 1943 2507; x_wconf 84' lang='lat' dir='ltr'>scripta</span> <span class='ocrx_word' id='word_1_189' title='bbox 1966 2458 2013 2493; x_wconf 90' lang='lat' dir='ltr'>seu</span> <span class='ocrx_word' id='word_1_190' title='bbox 2029 2442 2082 2491; x_wconf 90' lang='lat' dir='ltr'>alio</span> <span class='ocrx_word' id='word_1_191' title='bbox 2105 2440 2183 2490; x_wconf 92' lang='lat' dir='ltr'>modo</span> <span class='ocrx_word' id='word_1_192' title='bbox 2202 2440 2346 2504; x_wconf 87' lang='lat' dir='ltr'>pertinere</span> <span class='ocrx_word' id='word_1_193' title='bbox 2373 2442 2408 2488; x_wconf 81' lang='lat'>15</span> 
     </span>
     <span class='ocr_line' id='line_1_17' title="bbox 685 2540 2346 2615; baseline -0.001 -20"><span class='ocrx_word' id='word_1_194' title='bbox 685 2546 810 2597; x_wconf 88' lang='lat' dir='ltr'>videntur</span> <span class='ocrx_word' id='word_1_195' title='bbox 832 2547 875 2598; x_wconf 88' lang='lat' dir='ltr'>vel</span> <span class='ocrx_word' id='word_1_196' title='bbox 892 2549 924 2599; x_wconf 93' lang='lat' dir='ltr'>de</span> <span class='ocrx_word' id='word_1_197' title='bbox 947 2542 1089 2600; x_wconf 82' lang='lat' dir='ltr'>district0¹¹</span> <span class='ocrx_word' id='word_1_198' title='bbox 1110 2566 1127 2598; x_wconf 74' lang='lat' dir='ltr'>a</span> <span class='ocrx_word' id='word_1_199' title='bbox 1149 2551 1234 2614; x_wconf 88' lang='lat' dir='ltr'>ipsius</span> <span class='ocrx_word' id='word_1_200' title='bbox 1256 2551 1418 2612; x_wconf 84' lang='lat' dir='ltr'>monasterii,</span> <span class='ocrx_word' id='word_1_201' title='bbox 1442 2550 1512 2599; x_wconf 86' lang='lat' dir='ltr'>sicut</span> <span class='ocrx_word' id='word_1_202' title='bbox 1534 2551 1562 2598; x_wconf 90' lang='lat' dir='ltr'>in</span> <span class='ocrx_word' id='word_1_203' title='bbox 1585 2550 1645 2600; x_wconf 88' lang='lat' dir='ltr'>aliis</span> <span class='ocrx_word' id='word_1_204' title='bbox 1668 2550 1800 2615; x_wconf 86' lang='lat' dir='ltr'>preceptis</span> <span class='ocrx_word' id='word_1_205' title='bbox 1823 2540 1933 2610; x_wconf 80' lang='lat' dir='ltr'>abeut&#39;,</span> <span class='ocrx_word' id='word_1_206' title='bbox 1956 2548 2105 2613; x_wconf 87' lang='lat' dir='ltr'>inquietare</span> <span class='ocrx_word' id='word_1_207' title='bbox 2127 2544 2172 2595; x_wconf 88' lang='lat' dir='ltr'>vel</span> <span class='ocrx_word' id='word_1_208' title='bbox 2194 2544 2346 2595; x_wconf 75' lang='lat' dir='ltr'>molestare</span> 
     </span>
     <span class='ocr_line' id='line_1_18' title="bbox 687 2637 2346 2720; baseline -0.002 -20"><span class='ocrx_word' id='word_1_209' title='bbox 687 2652 730 2702; x_wconf 91' lang='lat' dir='ltr'>vel</span> <span class='ocrx_word' id='word_1_210' title='bbox 753 2652 884 2703; x_wconf 85' lang='lat' dir='ltr'>devestire</span> <span class='ocrx_word' id='word_1_211' title='bbox 907 2639 1165 2704; x_wconf 77' lang='lat' dir='ltr'>sacratissimum</span> <span class='ocrx_word' id='word_1_212' title='bbox 1187 2640 1254 2703; x_wconf 77' lang='lat' dir='ltr'>iam</span> <span class='ocrx_word' id='word_1_213' title='bbox 1278 2637 1402 2703; x_wconf 78' lang='lat' dir='ltr'>dicium</span> <span class='ocrx_word' id='word_1_214' title='bbox 1425 2653 1513 2703; x_wconf 90' lang='lat' dir='ltr'>locum</span> <span class='ocrx_word' id='word_1_215' title='bbox 1536 2670 1552 2702; x_wconf 85' lang='grc' dir='ltr'>ιι</span> <span class='ocrx_word' id='word_1_216' title='bbox 1567 2654 1656 2719; x_wconf 91' lang='lat' dir='ltr'>aliquo</span> <span class='ocrx_word' id='word_1_217' title='bbox 1679 2654 1787 2720; x_wconf 87' lang='lat' dir='ltr'>ingenio</span> <span class='ocrx_word' id='word_1_218' title='bbox 1810 2670 1827 2701; x_wconf 73' lang='lat' dir='ltr'>s</span> <span class='ocrx_word' id='word_1_219' title='bbox 1842 2656 1986 2717; x_wconf 81' lang='lat' dir='ltr'>presumat.</span> <span class='ocrx_word' id='word_1_220' title='bbox 2016 2650 2119 2715; x_wconf 89' lang='lat' dir='ltr'>Siquis</span> <span class='ocrx_word' id='word_1_221' title='bbox 2142 2649 2222 2698; x_wconf 88' lang='lat' dir='ltr'>huius</span> <span class='ocrx_word' id='word_1_222' title='bbox 2246 2652 2346 2697; x_wconf 86' lang='lat' dir='ltr'>nostre</span> 
     </span>
     <span class='ocr_line' id='line_1_19' title="bbox 687 2754 2347 2823; baseline -0.002 -18"><span class='ocrx_word' id='word_1_223' title='bbox 687 2754 899 2807; x_wconf 85' lang='lat' dir='ltr'>confirmacionis</span> <span class='ocrx_word' id='word_1_224' title='bbox 926 2762 952 2807; x_wconf 90' lang='lat' dir='ltr'>et</span> <span class='ocrx_word' id='word_1_225' title='bbox 974 2758 1106 2823; x_wconf 84' lang='lat' dir='ltr'>largitatis</span> <span class='ocrx_word' id='word_1_226' title='bbox 1133 2763 1288 2823; x_wconf 86' lang='lat' dir='ltr'>preceptum</span> <span class='ocrx_word' id='word_1_227' title='bbox 1311 2773 1434 2822; x_wconf 89' lang='lat' dir='ltr'>rumpere</span> <span class='ocrx_word' id='word_1_228' title='bbox 1464 2760 1644 2823; x_wconf 81' lang='lat' dir='ltr'>presumserit,</span> <span class='ocrx_word' id='word_1_229' title='bbox 1678 2760 1746 2809; x_wconf 85' lang='lat' dir='ltr'>sciat</span> <span class='ocrx_word' id='word_1_230' title='bbox 1768 2774 1796 2808; x_wconf 92' lang='lat' dir='ltr'>se</span> <span class='ocrx_word' id='word_1_231' title='bbox 1820 2757 2028 2821; x_wconf 88' lang='lat' dir='ltr'>compositurum</span> <span class='ocrx_word' id='word_1_232' title='bbox 2056 2756 2114 2804; x_wconf 91' lang='lat' dir='ltr'>auri</span> <span class='ocrx_word' id='word_1_233' title='bbox 2138 2754 2232 2803; x_wconf 89' lang='lat' dir='ltr'>obtimi</span> <span class='ocrx_word' id='word_1_234' title='bbox 2255 2754 2347 2803; x_wconf 88' lang='lat' dir='ltr'>libras</span> 
     </span>
     <span class='ocr_line' id='line_1_20' title="bbox 686 2844 2348 2925; baseline -0.002 -14"><span class='ocrx_word' id='word_1_235' title='bbox 686 2861 767 2925; x_wconf 88' lang='lat' dir='ltr'>mille,</span> <span class='ocrx_word' id='word_1_236' title='bbox 795 2854 1001 2922; x_wconf 75' lang='lat' dir='ltr'>medie[ta]tem‘</span> <span class='ocrx_word' id='word_1_237' title='bbox 1023 2878 1153 2914; x_wconf 87' lang='lat' dir='ltr'>cammere</span> <span class='ocrx_word' id='word_1_238' title='bbox 1182 2868 1272 2913; x_wconf 88' lang='lat' dir='ltr'>nostre</span> <span class='ocrx_word' id='word_1_239' title='bbox 1295 2867 1322 2912; x_wconf 91' lang='lat' dir='ltr'>et</span> <span class='ocrx_word' id='word_1_240' title='bbox 1344 2862 1514 2913; x_wconf 85' lang='lat' dir='ltr'>medietatem</span> <span class='ocrx_word' id='word_1_241' title='bbox 1535 2863 1588 2912; x_wconf 88' lang='lat' dir='ltr'>iam</span> <span class='ocrx_word' id='word_1_242' title='bbox 1612 2861 1682 2911; x_wconf 90' lang='lat' dir='ltr'>dicto</span> <span class='ocrx_word' id='word_1_243' title='bbox 1706 2844 1844 2910; x_wconf 81' lang='lat' dir='ltr'>cenobio</span> <span class='ocrx_word' id='word_1_244' title='bbox 1872 2862 1981 2924; x_wconf 88' lang='lat' dir='ltr'>suisque</span> <span class='ocrx_word' id='word_1_245' title='bbox 2004 2858 2161 2909; x_wconf 89' lang='lat' dir='ltr'>rectoribus.</span> <span class='ocrx_word' id='word_1_246' title='bbox 2206 2856 2290 2918; x_wconf 78' lang='lat' dir='ltr'>Quod</span> <span class='ocrx_word' id='word_1_247' title='bbox 2313 2860 2348 2907; x_wconf 89' lang='lat' dir='ltr'>ut</span> 
     </span>
     <span class='ocr_line' id='line_1_21' title="bbox 686 2948 2410 3031; baseline -0.002 -17"><span class='ocrx_word' id='word_1_248' title='bbox 686 2948 759 3015; x_wconf 79' lang='lat' dir='ltr'>luce</span> <span class='ocrx_word' id='word_1_249' title='bbox 775 2950 896 3016; x_wconf 79' lang='lat' dir='ltr'>clarius</span> <span class='ocrx_word' id='word_1_250' title='bbox 919 2966 1042 3017; x_wconf 88' lang='lat' dir='ltr'>credatur</span> <span class='ocrx_word' id='word_1_251' title='bbox 1058 2960 1112 3018; x_wconf 74' lang='lat' dir='ltr'>et&#39;</span> <span class='ocrx_word' id='word_1_252' title='bbox 1134 2968 1205 3017; x_wconf 89' lang='lat' dir='ltr'>omui</span> <span class='ocrx_word' id='word_1_253' title='bbox 1221 2972 1340 3031; x_wconf 88' lang='lat' dir='ltr'>tempore</span> <span class='ocrx_word' id='word_1_254' title='bbox 1356 2966 1516 3017; x_wconf 85' lang='lat' dir='ltr'>inviolatum</span> <span class='ocrx_word' id='word_1_255' title='bbox 1531 2970 1711 3028; x_wconf 85' lang='lat' dir='ltr'>conservetur,</span> <span class='ocrx_word' id='word_1_256' title='bbox 1734 2979 1814 3014; x_wconf 85' lang='lat' dir='ltr'>manu</span> <span class='ocrx_word' id='word_1_257' title='bbox 1830 2965 1938 3029; x_wconf 91' lang='lat' dir='ltr'>propria</span> <span class='ocrx_word' id='word_1_258' title='bbox 1961 2964 2116 3014; x_wconf 77' lang='lat' dir='ltr'>roborantes</span> <span class='ocrx_word' id='word_1_259' title='bbox 2139 2960 2228 3027; x_wconf 88' lang='lat' dir='ltr'>sigillo</span> <span class='ocrx_word' id='word_1_260' title='bbox 2244 2966 2345 3011; x_wconf 86' lang='lat' dir='ltr'>nostro</span> <span class='ocrx_word' id='word_1_261' title='bbox 2373 2963 2410 3011; x_wconf 80' lang='lat'>20</span> 
     </span>
     <span class='ocr_line' id='line_1_22' title="bbox 689 3055 970 3141; baseline 0.011 -23"><span class='ocrx_word' id='word_1_262' title='bbox 689 3055 814 3141; x_wconf 70' lang='lat' dir='ltr'>signari</span> <span class='ocrx_word' id='word_1_263' title='bbox 837 3071 970 3121; x_wconf 87' lang='lat' dir='ltr'>iussimus.</span> 
     </span>
    </p>
   </div>
   <div class='ocr_carea' id='block_1_3' title="bbox 789 3191 2054 4425">
    <p class='ocr_par' dir='ltr' id='par_1_3' title="bbox 790 3191 1690 3280">
     <span class='ocr_line' id='line_1_23' title="bbox 790 3191 1690 3280; baseline -0.004 -21"><span class='ocrx_word' id='word_1_264' title='bbox 790 3192 927 3278; x_wconf 83' lang='lat' dir='ltr'>Signum</span> <span class='ocrx_word' id='word_1_265' title='bbox 951 3196 1018 3276; x_wconf 87' lang='lat' dir='ltr'>(M.)</span> <span class='ocrx_word' id='word_1_266' title='bbox 1040 3195 1157 3261; x_wconf 89' lang='lat' dir='ltr'>Karoli</span> <span class='ocrx_word' id='word_1_267' title='bbox 1180 3196 1295 3280; x_wconf 88' lang='lat' dir='ltr'>Magni</span> <span class='ocrx_word' id='word_1_268' title='bbox 1318 3191 1570 3280; x_wconf 82' lang='lat' dir='ltr'>gloriosissimi¹</span> <span class='ocrx_word' id='word_1_269' title='bbox 1592 3193 1690 3276; x_wconf 86' lang='lat' dir='ltr'>regis.</span> 
     </span>
    </p>

    <p class='ocr_par' dir='ltr' id='par_1_4' title="bbox 789 3298 1974 3490">
     <span class='ocr_line' id='line_1_24' title="bbox 789 3298 1974 3385; baseline -0.002 -24"><span class='ocrx_word' id='word_1_270' title='bbox 789 3298 905 3383; x_wconf 88' lang='lat' dir='ltr'>†Ego</span> <span class='ocrx_word' id='word_1_271' title='bbox 929 3298 1155 3365; x_wconf 87' lang='lat' dir='ltr'>Maldanarius</span> <span class='ocrx_word' id='word_1_272' title='bbox 1178 3299 1293 3365; x_wconf 90' lang='lat' dir='ltr'>Karoli</span> <span class='ocrx_word' id='word_1_273' title='bbox 1318 3300 1432 3385; x_wconf 82' lang='lat' dir='ltr'>Magni</span> <span class='ocrx_word' id='word_1_274' title='bbox 1455 3299 1603 3363; x_wconf 90' lang='lat' dir='ltr'>notarius</span> <span class='ocrx_word' id='word_1_275' title='bbox 1625 3298 1767 3383; x_wconf 88' lang='lat' dir='ltr'>cognovi</span> <span class='ocrx_word' id='word_1_276' title='bbox 1791 3305 1823 3361; x_wconf 84' lang='lat' dir='ltr'>et</span> <span class='ocrx_word' id='word_1_277' title='bbox 1846 3298 1974 3384; x_wconf 85' lang='lat' dir='ltr'>scripsi.</span> 
     </span>
     <span class='ocr_line' id='line_1_25' title="bbox 790 3400 1499 3490; baseline 0 -24"><span class='ocrx_word' id='word_1_278' title='bbox 790 3400 927 3486; x_wconf 86' lang='lat' dir='ltr'>Signum</span> <span class='ocrx_word' id='word_1_279' title='bbox 951 3406 972 3485; x_wconf 91' lang='lat'>†</span> <span class='ocrx_word' id='word_1_280' title='bbox 995 3403 1139 3469; x_wconf 85' lang='lat' dir='ltr'>Euasius</span> <span class='ocrx_word' id='word_1_281' title='bbox 1163 3404 1311 3490; x_wconf 89' lang='lat' dir='ltr'>episcopi</span> <span class='ocrx_word' id='word_1_282' title='bbox 1335 3404 1499 3470; x_wconf 90' lang='lat' dir='ltr'>Astensis.</span> 
     </span>
    </p>

    <p class='ocr_par' dir='ltr' id='par_1_5' title="bbox 789 3503 2054 3699">
     <span class='ocr_line' id='line_1_26' title="bbox 789 3503 2054 3592; baseline -0.001 -23"><span class='ocrx_word' id='word_1_283' title='bbox 789 3504 862 3589; x_wconf 84' lang='lat' dir='ltr'>Ego</span> <span class='ocrx_word' id='word_1_284' title='bbox 886 3505 1056 3571; x_wconf 85' lang='lat' dir='ltr'>Eurardue</span> <span class='ocrx_word' id='word_1_285' title='bbox 1079 3507 1193 3592; x_wconf 87' lang='lat' dir='ltr'>Magni</span> <span class='ocrx_word' id='word_1_286' title='bbox 1217 3506 1335 3572; x_wconf 87' lang='lat' dir='ltr'>Karoli</span> <span class='ocrx_word' id='word_1_287' title='bbox 1358 3506 1574 3571; x_wconf 82' lang='lat' dir='ltr'>cancellarius</span> <span class='ocrx_word' id='word_1_288' title='bbox 1599 3505 1741 3590; x_wconf 89' lang='lat' dir='ltr'>cognovi</span> <span class='ocrx_word' id='word_1_289' title='bbox 1764 3514 1796 3569; x_wconf 91' lang='lat' dir='ltr'>et</span> <span class='ocrx_word' id='word_1_290' title='bbox 1820 3503 2001 3590; x_wconf 87' lang='lat' dir='ltr'>subscripsi</span> <span class='ocrx_word' id='word_1_291' title='bbox 2024 3508 2054 3588; x_wconf 90' lang='lat'>†.</span> 
     </span>
     <span class='ocr_line' id='line_1_27' title="bbox 790 3608 1408 3699; baseline -0.002 -24"><span class='ocrx_word' id='word_1_292' title='bbox 790 3608 927 3695; x_wconf 87' lang='lat' dir='ltr'>Signum</span> <span class='ocrx_word' id='word_1_293' title='bbox 951 3615 972 3694; x_wconf 84' lang='lat'><strong>†</strong></span> <span class='ocrx_word' id='word_1_294' title='bbox 994 3612 1132 3677; x_wconf 90' lang='lat' dir='ltr'>Henrioi</span> <span class='ocrx_word' id='word_1_295' title='bbox 1156 3612 1408 3699; x_wconf 87' lang='lat' dir='ltr'>archiepiscopi.</span> 
     </span>
    </p>

    <p class='ocr_par' dir='ltr' id='par_1_6' title="bbox 792 3712 1320 3803">
     <span class='ocr_line' id='line_1_28' title="bbox 792 3712 1320 3803; baseline -0.002 -24"><span class='ocrx_word' id='word_1_296' title='bbox 792 3712 929 3798; x_wconf 88' lang='lat' dir='ltr'>Signum</span> <span class='ocrx_word' id='word_1_297' title='bbox 953 3718 974 3796; x_wconf 97' lang='lat'>†</span> <span class='ocrx_word' id='word_1_298' title='bbox 997 3715 1139 3800; x_wconf 90' lang='lat' dir='ltr'>Vitgarii</span> <span class='ocrx_word' id='word_1_299' title='bbox 1162 3718 1320 3803; x_wconf 88' lang='lat' dir='ltr'>episcopi.</span> 
     </span>
    </p>

    <p class='ocr_par' dir='ltr' id='par_1_7' title="bbox 792 3816 1893 4009">
     <span class='ocr_line' id='line_1_29' title="bbox 792 3816 1893 3906; baseline -0.003 -25"><span class='ocrx_word' id='word_1_300' title='bbox 792 3816 973 3883; x_wconf 69' lang='lat' dir='ltr'>Claudiusl&#39;</span> <span class='ocrx_word' id='word_1_301' title='bbox 997 3821 1174 3906; x_wconf 89' lang='lat' dir='ltr'>episcopus</span> <span class='ocrx_word' id='word_1_302' title='bbox 1199 3819 1413 3885; x_wconf 79' lang='lat' dir='ltr'>&#39;laurinensis</span> <span class='ocrx_word' id='word_1_303' title='bbox 1437 3819 1579 3904; x_wconf 88' lang='lat' dir='ltr'>cognovi</span> <span class='ocrx_word' id='word_1_304' title='bbox 1603 3826 1636 3883; x_wconf 88' lang='lat' dir='ltr'>et</span> <span class='ocrx_word' id='word_1_305' title='bbox 1660 3816 1841 3903; x_wconf 83' lang='lat' dir='ltr'>subscripsi</span> <span class='ocrx_word' id='word_1_306' title='bbox 1864 3816 1893 3895; x_wconf 91' lang='lat'>†.</span> 
     </span>
     <span class='ocr_line' id='line_1_30' title="bbox 792 3920 1709 4009; baseline 0.001 -23"><span class='ocrx_word' id='word_1_307' title='bbox 792 3921 865 4007; x_wconf 83' lang='lat' dir='ltr'>Ego</span> <span class='ocrx_word' id='word_1_308' title='bbox 887 3922 1090 3989; x_wconf 86' lang='lat' dir='ltr'>Romoaldus</span> <span class='ocrx_word' id='word_1_309' title='bbox 1114 3944 1226 3989; x_wconf 90' lang='lat' dir='ltr'>comes</span> <span class='ocrx_word' id='word_1_310' title='bbox 1249 3924 1391 4009; x_wconf 88' lang='lat' dir='ltr'>cognovi</span> <span class='ocrx_word' id='word_1_311' title='bbox 1415 3932 1447 3988; x_wconf 90' lang='lat' dir='ltr'>et</span> <span class='ocrx_word' id='word_1_312' title='bbox 1471 3921 1655 4008; x_wconf 88' lang='lat' dir='ltr'>subscripsi</span> <span class='ocrx_word' id='word_1_313' title='bbox 1678 3920 1709 3999; x_wconf 71' lang='lat' dir='ltr'>i.</span> 
     </span>
    </p>

    <p class='ocr_par' dir='ltr' id='par_1_8' title="bbox 792 4024 1924 4217">
     <span class='ocr_line' id='line_1_31' title="bbox 793 4024 1924 4114; baseline -0.002 -24"><span class='ocrx_word' id='word_1_314' title='bbox 793 4024 930 4111; x_wconf 87' lang='lat' dir='ltr'>Signum</span> <span class='ocrx_word' id='word_1_315' title='bbox 952 4026 973 4105; x_wconf 85' lang='lat'>†</span> <span class='ocrx_word' id='word_1_316' title='bbox 997 4025 1146 4092; x_wconf 85' lang='lat' dir='ltr'>Glariuci</span> <span class='ocrx_word' id='word_1_317' title='bbox 1169 4028 1420 4114; x_wconf 89' lang='lat' dir='ltr'>archiepiscopi.</span> <span class='ocrx_word' id='word_1_318' title='bbox 1853 4030 1924 4105; x_wconf 86' lang='lat' dir='ltr'>(Sl.)</span> 
     </span>
     <span class='ocr_line' id='line_1_32' title="bbox 792 4128 1679 4217; baseline -0.001 -24"><span class='ocrx_word' id='word_1_319' title='bbox 792 4130 864 4214; x_wconf 89' lang='lat' dir='ltr'>Ego</span> <span class='ocrx_word' id='word_1_320' title='bbox 888 4130 1063 4216; x_wconf 86' lang='lat' dir='ltr'>Risparius</span> <span class='ocrx_word' id='word_1_321' title='bbox 1086 4153 1198 4197; x_wconf 89' lang='lat' dir='ltr'>comes</span> <span class='ocrx_word' id='word_1_322' title='bbox 1222 4133 1362 4217; x_wconf 88' lang='lat' dir='ltr'>cognovi</span> <span class='ocrx_word' id='word_1_323' title='bbox 1385 4141 1419 4197; x_wconf 85' lang='lat' dir='ltr'>et</span> <span class='ocrx_word' id='word_1_324' title='bbox 1443 4129 1624 4215; x_wconf 89' lang='lat' dir='ltr'>subscripsi</span> <span class='ocrx_word' id='word_1_325' title='bbox 1649 4128 1679 4207; x_wconf 88' lang='lat'>†.</span> 
     </span>
    </p>

    <p class='ocr_par' dir='ltr' id='par_1_9' title="bbox 791 4232 1438 4322">
     <span class='ocr_line' id='line_1_33' title="bbox 791 4232 1438 4322; baseline 0.006 -25"><span class='ocrx_word' id='word_1_326' title='bbox 791 4232 864 4318; x_wconf 84' lang='lat' dir='ltr'>Ego</span> <span class='ocrx_word' id='word_1_327' title='bbox 888 4233 1084 4299; x_wconf 88' lang='lat' dir='ltr'>Achinerius</span> <span class='ocrx_word' id='word_1_328' title='bbox 1107 4255 1217 4301; x_wconf 90' lang='lat' dir='ltr'>comes</span> <span class='ocrx_word' id='word_1_329' title='bbox 1241 4237 1383 4322; x_wconf 88' lang='lat' dir='ltr'>cognovi</span> <span class='ocrx_word' id='word_1_330' title='bbox 1407 4236 1438 4313; x_wconf 87' lang='lat'>†.</span> 
     </span>
    </p>

    <p class='ocr_par' dir='ltr' id='par_1_10' title="bbox 791 4336 1235 4425">
     <span class='ocr_line' id='line_1_34' title="bbox 791 4336 1235 4425; baseline 0.007 -23"><span class='ocrx_word' id='word_1_331' title='bbox 791 4336 880 4402; x_wconf 91' lang='lat' dir='ltr'>Boso</span> <span class='ocrx_word' id='word_1_332' title='bbox 905 4358 1017 4404; x_wconf 90' lang='lat' dir='ltr'>comes</span> <span class='ocrx_word' id='word_1_333' title='bbox 1040 4342 1182 4425; x_wconf 89' lang='lat' dir='ltr'>cognovi</span> <span class='ocrx_word' id='word_1_334' title='bbox 1205 4339 1235 4419; x_wconf 87' lang='lat'>†.</span> 
     </span>
    </p>
   </div>
   <div class='ocr_carea' id='block_1_4' title="bbox 689 4474 2418 4649">
    <p class='ocr_par' dir='ltr' id='par_1_11' title="bbox 689 4474 2418 4649">
     <span class='ocr_line' id='line_1_35' title="bbox 791 4474 2351 4565; baseline 0.001 -25"><span class='ocrx_word' id='word_1_335' title='bbox 791 4474 883 4541; x_wconf 86' lang='lat' dir='ltr'>Data</span> <span class='ocrx_word' id='word_1_336' title='bbox 904 4477 1070 4543; x_wconf 86' lang='lat' dir='ltr'>Ticinenei</span> <span class='ocrx_word' id='word_1_337' title='bbox 1099 4478 1228 4565; x_wconf 89' lang='lat' dir='ltr'>palacio</span> <span class='ocrx_word' id='word_1_338' title='bbox 1252 4500 1339 4545; x_wconf 86' lang='lat' dir='ltr'>auno</span> <span class='ocrx_word' id='word_1_339' title='bbox 1368 4478 1411 4544; x_wconf 89' lang='lat' dir='ltr'>ab</span> <span class='ocrx_word' id='word_1_340' title='bbox 1436 4479 1667 4543; x_wconf 84' lang='lat' dir='ltr'>incarnacione</span> <span class='ocrx_word' id='word_1_341' title='bbox 1697 4477 1819 4544; x_wconf 89' lang='lat' dir='ltr'>domiui</span> <span class='ocrx_word' id='word_1_342' title='bbox 1842 4486 2068 4560; x_wconf 79' lang='lat' dir='ltr'>Dccuxxnu‘,</span> <span class='ocrx_word' id='word_1_343' title='bbox 2103 4474 2272 4541; x_wconf 91' lang='lat' dir='ltr'>indicione</span> <span class='ocrx_word' id='word_1_344' title='bbox 2300 4496 2351 4562; x_wconf 78' lang='lat' dir='ltr'>VI,</span> 
     </span>
     <span class='ocr_line' id='line_1_36' title="bbox 689 4581 2418 4649; baseline 0.002 -4"><span class='ocrx_word' id='word_1_345' title='bbox 689 4602 802 4646; x_wconf 89' lang='lat' dir='ltr'>mense</span> <span class='ocrx_word' id='word_1_346' title='bbox 825 4581 890 4646; x_wconf 91' lang='lat' dir='ltr'>iun.</span> <span class='ocrx_word' id='word_1_347' title='bbox 914 4582 997 4648; x_wconf 87' lang='lat' dir='ltr'>feria</span> <span class='ocrx_word' id='word_1_348' title='bbox 1021 4601 1067 4648; x_wconf 76' lang='lat' dir='ltr'>va</span> <span class='ocrx_word' id='word_1_349' title='bbox 2380 4600 2418 4649; x_wconf 80' lang='lat' dir='ltr'>ee</span> 
     </span>
    </p>
   </div>
   <div class='ocr_carea' id='block_1_5' title="bbox 1427 4859 1608 5097">
    <p class='ocr_par' dir='ltr' id='par_1_12' title="bbox 1427 4859 1608 5097">
     <span class='ocr_line' id='line_1_37' title="bbox 1471 4859 1558 4934; baseline 0.011 -1"><span class='ocrx_word' id='word_1_350' title='bbox 1471 4859 1558 4934; x_wconf 77' lang='lat'><strong>226.</strong></span> 
     </span>
     <span class='ocr_line' id='line_1_38' title="bbox 1427 5018 1608 5097; baseline 0 -18"><span class='ocrx_word' id='word_1_351' title='bbox 1427 5018 1608 5097; x_wconf 83' lang='lat' dir='ltr'>(Uneebt.)</span> 
     </span>
    </p>
   </div>
   <div class='ocr_carea' id='block_1_6' title="bbox 691 5154 2414 5489">
    <p class='ocr_par' dir='ltr' id='par_1_13' title="bbox 691 5154 2414 5489">
     <span class='ocr_line' id='line_1_39' title="bbox 691 5154 2348 5251; baseline -0.001 -23"><span class='ocrx_word' id='word_1_352' title='bbox 691 5158 786 5229; x_wconf 84' lang='lat' dir='ltr'>Kcrl</span> <span class='ocrx_word' id='word_1_353' title='bbox 813 5160 876 5230; x_wconf 83' lang='lat' dir='ltr'>der</span> <span class='ocrx_word' id='word_1_354' title='bbox 902 5158 1030 5230; x_wconf 79' lang='lat' dir='ltr'>Groese</span> <span class='ocrx_word' id='word_1_355' title='bbox 1050 5159 1208 5251; x_wconf 70' lang='lat' dir='ltr'>destritipt</span> <span class='ocrx_word' id='word_1_356' title='bbox 1234 5161 1298 5230; x_wconf 82' lang='lat' dir='ltr'>der</span> <span class='ocrx_word' id='word_1_357' title='bbox 1317 5160 1449 5232; x_wconf 70' lang='lat' dir='ltr'>Kinolis</span> <span class='ocrx_word' id='word_1_358' title='bbox 1470 5183 1536 5231; x_wconf 88' lang='lat' dir='ltr'>oon</span> <span class='ocrx_word' id='word_1_359' title='bbox 1565 5159 1696 5229; x_wconf 73' lang='lat' dir='ltr'>Teios</span> <span class='ocrx_word' id='word_1_360' title='bbox 1722 5159 1789 5229; x_wconf 78' lang='lat' dir='ltr'>dero</span> <span class='ocrx_word' id='word_1_361' title='bbox 1809 5157 1940 5242; x_wconf 70' lang='lat' dir='ltr'>Baetis,</span> <span class='ocrx_word' id='word_1_362' title='bbox 1970 5159 2142 5227; x_wconf 75' lang='lat' dir='ltr'>devortier</span> <span class='ocrx_word' id='word_1_363' title='bbox 2168 5154 2226 5225; x_wconf 82' lang='lat' dir='ltr'>die</span> <span class='ocrx_word' id='word_1_364' title='bbox 2246 5154 2348 5227; x_wconf 81' lang='lat' dir='ltr'>Zell</span> 
     </span>
     <span class='ocr_line' id='line_1_40' title="bbox 691 5280 1990 5368; baseline -0.002 -17"><span class='ocrx_word' id='word_1_365' title='bbox 691 5280 741 5351; x_wconf 84' lang='lat' dir='ltr'>St.</span> <span class='ocrx_word' id='word_1_366' title='bbox 769 5280 950 5351; x_wconf 69' lang='lat' dir='ltr'>Marcioni-n</span> <span class='ocrx_word' id='word_1_367' title='bbox 977 5282 1053 5351; x_wconf 78' lang='lat' dir='ltr'>ared</span> <span class='ocrx_word' id='word_1_368' title='bbox 1079 5282 1144 5352; x_wconf 86' lang='lat' dir='ltr'>dos</span> <span class='ocrx_word' id='word_1_369' title='bbox 1169 5280 1314 5352; x_wconf 81' lang='lat' dir='ltr'>Kloster</span> <span class='ocrx_word' id='word_1_370' title='bbox 1344 5280 1468 5368; x_wconf 76' lang='lat' dir='ltr'>Oeneo,</span> <span class='ocrx_word' id='word_1_371' title='bbox 1497 5283 1572 5353; x_wconf 72' lang='lat' dir='ltr'>send</span> <span class='ocrx_word' id='word_1_372' title='bbox 1598 5281 1741 5353; x_wconf 77' lang='lat' dir='ltr'>oerleilst</span> <span class='ocrx_word' id='word_1_373' title='bbox 1767 5280 1990 5351; x_wconf 75' lang='lat' dir='ltr'>Insinunitcil.</span> 
     </span>
     <span class='ocr_line' id='line_1_41' title="bbox 1842 5415 2414 5489; baseline -0.009 -12"><span class='ocrx_word' id='word_1_374' title='bbox 1842 5415 1967 5477; x_wconf 84' lang='lat' dir='ltr'>Herstal</span> <span class='ocrx_word' id='word_1_375' title='bbox 1989 5419 2050 5477; x_wconf 77' lang='lat'>774</span> <span class='ocrx_word' id='word_1_376' title='bbox 2074 5415 2244 5489; x_wconf 80' lang='lat' dir='ltr'>September</span> <span class='ocrx_word' id='word_1_377' title='bbox 2266 5420 2299 5475; x_wconf 87' lang='lat'>1.</span> <span class='ocrx_word' id='word_1_378' title='bbox 2374 5432 2414 5481; x_wconf 78' lang='lat'>40</span> 
     </span>
    </p>
   </div>
   <div class='ocr_carea' id='block_1_7' title="bbox 768 5600 2410 6161">
    <p class='ocr_par' dir='ltr' id='par_1_14' title="bbox 768 5600 2410 6161">
     <span class='ocr_line' id='line_1_42' title="bbox 768 5600 2346 5673; baseline -0.004 -12"><span class='ocrx_word' id='word_1_379' title='bbox 768 5604 828 5661; x_wconf 75' lang='grc'>226.</span> <span class='ocrx_word' id='word_1_380' title='bbox 847 5608 873 5673; x_wconf 88' lang='grc' dir='ltr'>ο)</span> <span class='ocrx_word' id='word_1_381' title='bbox 890 5606 942 5659; x_wconf 77' lang='lat' dir='ltr'>mit</span> <span class='ocrx_word' id='word_1_382' title='bbox 960 5605 1081 5659; x_wconf 74' lang='lat' dir='ltr'>crederer</span> <span class='ocrx_word' id='word_1_383' title='bbox 1101 5605 1184 5659; x_wconf 76' lang='lat' dir='ltr'>Tinte</span> <span class='ocrx_word' id='word_1_384' title='bbox 1201 5619 1272 5659; x_wconf 85' lang='lat' dir='ltr'>corr.</span> <span class='ocrx_word' id='word_1_385' title='bbox 1293 5620 1347 5659; x_wconf 83' lang='lat' dir='ltr'>aas</span> <span class='ocrx_word' id='word_1_386' title='bbox 1365 5607 1572 5672; x_wconf 75' lang='lat' dir='ltr'>composicionis</span> <span class='ocrx_word' id='word_1_387' title='bbox 1584 5606 1610 5658; x_wconf 99' lang='lat' dir='ltr'><strong><em>A</em></strong></span> <span class='ocrx_word' id='word_1_388' title='bbox 1690 5605 1718 5672; x_wconf 89' lang='lat' dir='ltr'>p)</span> <span class='ocrx_word' id='word_1_389' title='bbox 1735 5605 1787 5658; x_wconf 81' lang='lat' dir='ltr'>snit</span> <span class='ocrx_word' id='word_1_390' title='bbox 1806 5603 1947 5657; x_wconf 86' lang='lat' dir='ltr'>derselben</span> <span class='ocrx_word' id='word_1_391' title='bbox 1962 5602 2044 5655; x_wconf 79' lang='lat' dir='ltr'>Tinte</span> <span class='ocrx_word' id='word_1_392' title='bbox 2059 5615 2130 5655; x_wconf 85' lang='lat' dir='ltr'>corr.</span> <span class='ocrx_word' id='word_1_393' title='bbox 2144 5613 2198 5653; x_wconf 85' lang='lat' dir='ltr'>ons</span> <span class='ocrx_word' id='word_1_394' title='bbox 2210 5600 2304 5652; x_wconf 89' lang='lat' dir='ltr'>rebibs</span> <span class='ocrx_word' id='word_1_395' title='bbox 2317 5603 2346 5655; x_wconf 90' lang='lat' dir='ltr'><strong><em>A</em></strong></span> 
     </span>
     <span class='ocr_line' id='line_1_43' title="bbox 845 5668 2346 5744; baseline -0.002 -17"><span class='ocrx_word' id='word_1_396' title='bbox 845 5677 873 5744; x_wconf 82' lang='lat' dir='ltr'>q)</span> <span class='ocrx_word' id='word_1_397' title='bbox 890 5679 1031 5728; x_wconf 81' lang='lat' dir='ltr'>actoritate</span> <span class='ocrx_word' id='word_1_398' title='bbox 1043 5676 1079 5737; x_wconf 87' lang='lat' dir='ltr'>A,</span> <span class='ocrx_word' id='word_1_399' title='bbox 1097 5675 1194 5730; x_wconf 71' lang='lat' dir='ltr'>eberiso</span> <span class='ocrx_word' id='word_1_400' title='bbox 1207 5676 1237 5727; x_wconf 90' lang='lat' dir='ltr'>Z.</span> <span class='ocrx_word' id='word_1_401' title='bbox 1254 5680 1270 5729; x_wconf 84' lang='lat'><em>7</em></span> <span class='ocrx_word' id='word_1_402' title='bbox 1355 5677 1378 5741; x_wconf 88' lang='lat' dir='ltr'>r)</span> <span class='ocrx_word' id='word_1_403' title='bbox 1395 5678 1511 5744; x_wconf 74' lang='lat' dir='ltr'>erpdnet</span> <span class='ocrx_word' id='word_1_404' title='bbox 1524 5673 1641 5728; x_wconf 82' lang='lat' dir='ltr'>caeder</span> <span class='ocrx_word' id='word_1_405' title='bbox 1656 5672 1791 5728; x_wconf 83' lang='lat' dir='ltr'>Urkande</span> <span class='ocrx_word' id='word_1_406' title='bbox 1809 5672 1962 5727; x_wconf 80' lang='lat' dir='ltr'>Heinriobs</span> <span class='ocrx_word' id='word_1_407' title='bbox 1976 5670 2032 5724; x_wconf 90' lang='lat' dir='ltr'>III</span> <span class='ocrx_word' id='word_1_408' title='bbox 2115 5669 2139 5735; x_wconf 90' lang='lat' dir='ltr'>s)</span> <span class='ocrx_word' id='word_1_409' title='bbox 2157 5668 2303 5721; x_wconf 85' lang='lat' dir='ltr'>benficium</span> <span class='ocrx_word' id='word_1_410' title='bbox 2317 5672 2346 5724; x_wconf 90' lang='lat' dir='ltr'><strong><em>A</em></strong></span> 
     </span>
     <span class='ocr_line' id='line_1_44' title="bbox 845 5736 2346 5813; baseline -0.003 -15"><span class='ocrx_word' id='word_1_411' title='bbox 845 5750 867 5811; x_wconf 91' lang='lat' dir='ltr'>t)</span> <span class='ocrx_word' id='word_1_412' title='bbox 884 5746 977 5799; x_wconf 78' lang='lat' dir='ltr'>rdber</span> <span class='ocrx_word' id='word_1_413' title='bbox 995 5745 1046 5799; x_wconf 87' lang='lat' dir='ltr'>der</span> <span class='ocrx_word' id='word_1_414' title='bbox 1058 5745 1133 5799; x_wconf 80' lang='lat' dir='ltr'>Zeile</span> <span class='ocrx_word' id='word_1_415' title='bbox 1149 5761 1204 5798; x_wconf 78' lang='lat' dir='ltr'>vora</span> <span class='ocrx_word' id='word_1_416' title='bbox 1217 5744 1358 5799; x_wconf 70' lang='lat' dir='ltr'>desselben</span> <span class='ocrx_word' id='word_1_417' title='bbox 1371 5743 1463 5798; x_wconf 81' lang='lat' dir='ltr'>Harrd</span> <span class='ocrx_word' id='word_1_418' title='bbox 1478 5744 1683 5813; x_wconf 72' lang='lat' dir='ltr'>stachyetrapen</span> <span class='ocrx_word' id='word_1_419' title='bbox 1701 5746 1728 5796; x_wconf 94' lang='lat' dir='ltr'><strong><em>A</em></strong></span> <span class='ocrx_word' id='word_1_420' title='bbox 1797 5745 1827 5805; x_wconf 82' lang='lat' dir='ltr'>ul</span> <span class='ocrx_word' id='word_1_421' title='bbox 1844 5743 1876 5796; x_wconf 86' lang='lat' dir='ltr'>s&#39;n</span> <span class='ocrx_word' id='word_1_422' title='bbox 1895 5741 1944 5796; x_wconf 87' lang='lat' dir='ltr'>der</span> <span class='ocrx_word' id='word_1_423' title='bbox 1966 5740 2030 5795; x_wconf 85' lang='lat' dir='ltr'>Urk.</span> <span class='ocrx_word' id='word_1_424' title='bbox 2050 5738 2204 5793; x_wconf 81' lang='lat' dir='ltr'>Heinricbs</span> <span class='ocrx_word' id='word_1_425' title='bbox 2223 5736 2292 5792; x_wconf 80' lang='lat'><strong><em>111.-</em></strong></span> <span class='ocrx_word' id='word_1_426' title='bbox 2311 5741 2346 5793; x_wconf 90' lang='lat' dir='ltr'>de</span> 
     </span>
     <span class='ocr_line' id='line_1_45' title="bbox 846 5809 2346 5881; baseline -0.003 -13"><span class='ocrx_word' id='word_1_427' title='bbox 846 5818 967 5868; x_wconf 84' lang='lat' dir='ltr'>districto</span> <span class='ocrx_word' id='word_1_428' title='bbox 985 5818 1146 5868; x_wconf 86' lang='lat' dir='ltr'>incircuitu</span> <span class='ocrx_word' id='word_1_429' title='bbox 1248 5816 1277 5881; x_wconf 93' lang='lat' dir='ltr'>v)</span> <span class='ocrx_word' id='word_1_430' title='bbox 1294 5830 1347 5868; x_wconf 73' lang='lat' dir='ltr'>eoos</span> <span class='ocrx_word' id='word_1_431' title='bbox 1371 5813 1513 5867; x_wconf 73' lang='lat' dir='ltr'>desselben</span> <span class='ocrx_word' id='word_1_432' title='bbox 1532 5814 1622 5867; x_wconf 78' lang='lat' dir='ltr'>Harrd</span> <span class='ocrx_word' id='word_1_433' title='bbox 1640 5814 1708 5865; x_wconf 79' lang='lat' dir='ltr'>siber</span> <span class='ocrx_word' id='word_1_434' title='bbox 1727 5813 1775 5865; x_wconf 84' lang='lat' dir='ltr'>der</span> <span class='ocrx_word' id='word_1_435' title='bbox 1793 5812 1868 5865; x_wconf 82' lang='lat' dir='ltr'>Zeile</span> <span class='ocrx_word' id='word_1_436' title='bbox 1886 5810 2093 5879; x_wconf 77' lang='lat' dir='ltr'>naobpetrapen</span> <span class='ocrx_word' id='word_1_437' title='bbox 2112 5809 2138 5861; x_wconf 91' lang='lat' dir='ltr'><strong><em>A</em></strong></span> <span class='ocrx_word' id='word_1_438' title='bbox 2235 5809 2269 5874; x_wconf 83' lang='lat' dir='ltr'>vv)</span> <span class='ocrx_word' id='word_1_439' title='bbox 2289 5824 2346 5863; x_wconf 83' lang='lat' dir='ltr'>eon</span> 
     </span>
     <span class='ocr_line' id='line_1_46' title="bbox 846 5876 2410 5953; baseline -0.006 -13"><span class='ocrx_word' id='word_1_440' title='bbox 846 5885 989 5940; x_wconf 74' lang='lat' dir='ltr'>desselben</span> <span class='ocrx_word' id='word_1_441' title='bbox 1002 5884 1300 5952; x_wconf 75' lang='lat' dir='ltr'>Handnaolrtrdylicb</span> <span class='ocrx_word' id='word_1_442' title='bbox 1312 5884 1456 5953; x_wconf 67' lang='lat' dir='ltr'>despesdpt</span> <span class='ocrx_word' id='word_1_443' title='bbox 1469 5885 1496 5935; x_wconf 92' lang='lat' dir='ltr'><strong><em>A</em></strong></span> <span class='ocrx_word' id='word_1_444' title='bbox 1566 5886 1594 5948; x_wconf 79' lang='lat' dir='ltr'>a)</span> <span class='ocrx_word' id='word_1_445' title='bbox 1605 5884 1754 5950; x_wconf 81' lang='lat' dir='ltr'>gloriosimi</span> <span class='ocrx_word' id='word_1_446' title='bbox 1765 5882 1791 5935; x_wconf 92' lang='lat' dir='ltr'><strong><em>A</em></strong></span> <span class='ocrx_word' id='word_1_447' title='bbox 1860 5882 1890 5948; x_wconf 80' lang='lat' dir='ltr'>y)</span> <span class='ocrx_word' id='word_1_448' title='bbox 1901 5895 1951 5934; x_wconf 82' lang='lat' dir='ltr'>sor</span> <span class='ocrx_word' id='word_1_449' title='bbox 1964 5881 2093 5931; x_wconf 82' lang='lat' dir='ltr'>Claudius</span> <span class='ocrx_word' id='word_1_450' title='bbox 2106 5877 2159 5931; x_wconf 86' lang='lat' dir='ltr'>das</span> <span class='ocrx_word' id='word_1_451' title='bbox 2172 5876 2345 5946; x_wconf 70' lang='lat' dir='ltr'>Pergameni</span> <span class='ocrx_word' id='word_1_452' title='bbox 2372 5884 2410 5931; x_wconf 75' lang='lat' dir='ltr'>ts</span> 
     </span>
     <span class='ocr_line' id='line_1_47' title="bbox 846 5947 2347 6024; baseline -0.006 -16"><span class='ocrx_word' id='word_1_453' title='bbox 846 5956 1016 6024; x_wconf 62' lang='lat' dir='ltr'>abundent,</span> <span class='ocrx_word' id='word_1_454' title='bbox 1032 5955 1104 6007; x_wconf 80' lang='lat' dir='ltr'>nocls</span> <span class='ocrx_word' id='word_1_455' title='bbox 1121 5954 1210 6023; x_wconf 76' lang='lat' dir='ltr'>cinips</span> <span class='ocrx_word' id='word_1_456' title='bbox 1229 5952 1340 6021; x_wconf 78' lang='lat' dir='ltr'>Spdren</span> <span class='ocrx_word' id='word_1_457' title='bbox 1357 5968 1411 6006; x_wconf 85' lang='lat' dir='ltr'>oon</span> <span class='ocrx_word' id='word_1_458' title='bbox 1430 5951 1547 6018; x_wconf 77' lang='lat' dir='ltr'>Sobrift</span> <span class='ocrx_word' id='word_1_459' title='bbox 1565 5951 1700 6005; x_wconf 81' lang='lat' dir='ltr'>nielleicbt</span> <span class='ocrx_word' id='word_1_460' title='bbox 1718 5967 1772 6005; x_wconf 86' lang='lat' dir='ltr'>oon</span> <span class='ocrx_word' id='word_1_461' title='bbox 1790 5966 1841 6019; x_wconf 85' lang='lat' dir='ltr'>ego</span> <span class='ocrx_word' id='word_1_462' title='bbox 1916 5950 1942 6015; x_wconf 84' lang='lat' dir='ltr'>a)</span> <span class='ocrx_word' id='word_1_463' title='bbox 1960 5951 2149 6001; x_wconf 85' lang='lat' dir='ltr'>incarnacione</span> <span class='ocrx_word' id='word_1_464' title='bbox 2167 5947 2269 5997; x_wconf 86' lang='lat' dir='ltr'>domini</span> <span class='ocrx_word' id='word_1_465' title='bbox 2288 5962 2347 6001; x_wconf 85' lang='lat' dir='ltr'>oon</span> 
     </span>
     <span class='ocr_line' id='line_1_48' title="bbox 847 6014 2346 6089; baseline -0.007 -10"><span class='ocrx_word' id='word_1_466' title='bbox 847 6024 990 6079; x_wconf 83' lang='lat' dir='ltr'>derselben</span> <span class='ocrx_word' id='word_1_467' title='bbox 1008 6023 1099 6077; x_wconf 85' lang='lat' dir='ltr'>Hand</span> <span class='ocrx_word' id='word_1_468' title='bbox 1117 6024 1174 6088; x_wconf 73' lang='lat' dir='ltr'>aas</span> <span class='ocrx_word' id='word_1_469' title='bbox 1189 6023 1301 6077; x_wconf 80' lang='lat' dir='ltr'>starker</span> <span class='ocrx_word' id='word_1_470' title='bbox 1319 6023 1426 6083; x_wconf 82' lang='lat' dir='ltr'>Rasnr,</span> <span class='ocrx_word' id='word_1_471' title='bbox 1445 6020 1648 6089; x_wconf 75' lang='lat' dir='ltr'>ursprdnpls&#39;clr</span> <span class='ocrx_word' id='word_1_472' title='bbox 1665 6021 1799 6080; x_wconf 62' lang='lat' dir='ltr'>Ducem</span> <span class='ocrx_word' id='word_1_473' title='bbox 1821 6019 1875 6073; x_wconf 85' lang='lat' dir='ltr'>doe</span> <span class='ocrx_word' id='word_1_474' title='bbox 1893 6024 1966 6072; x_wconf 69' lang='lat' dir='ltr'>mete</span> <span class='ocrx_word' id='word_1_475' title='bbox 1978 6020 2003 6069; x_wconf 91' lang='lat' dir='ltr'>D</span> <span class='ocrx_word' id='word_1_476' title='bbox 2021 6018 2128 6081; x_wconf 77' lang='lat' dir='ltr'>rediri,</span> <span class='ocrx_word' id='word_1_477' title='bbox 2146 6015 2200 6068; x_wconf 84' lang='lat' dir='ltr'>des</span> <span class='ocrx_word' id='word_1_478' title='bbox 2219 6014 2346 6069; x_wconf 80' lang='lat' dir='ltr'>drittec</span> 
     </span>
     <span class='ocr_line' id='line_1_49' title="bbox 847 6092 1273 6161; baseline -0.007 -14"><span class='ocrx_word' id='word_1_479' title='bbox 847 6094 1002 6161; x_wconf 62' lang='lat' dir='ltr'>enunciet,</span> <span class='ocrx_word' id='word_1_480' title='bbox 1020 6094 1076 6144; x_wconf 85' lang='lat'>1111</span> <span class='ocrx_word' id='word_1_481' title='bbox 1094 6094 1151 6158; x_wconf 72' lang='lat' dir='ltr'>aas</span> <span class='ocrx_word' id='word_1_482' title='bbox 1165 6092 1273 6147; x_wconf 84' lang='lat' dir='ltr'>Rasar.</span> 
     </span>
    </p>
   </div>
   <div class='ocr_carea' id='block_1_8' title="bbox 0 0 2843 7156">
    <p class='ocr_par' dir='ltr' id='par_1_15' title="bbox 0 0 2843 7156">
     <span class='ocr_line' id='line_1_50' title="bbox 0 0 2843 7156; baseline 0 0"><span class='ocrx_word' id='word_1_483' title='bbox 0 0 2843 7156; x_wconf 95' lang='lat' dir='ltr'> </span> 
     </span>
    </p>
   </div>
  </div>
 </body>
</html>
