5642 7159
1089 748 1208 808 Kdltlr
1230 746 1318 807 BER
1340 746 1509 806 buosen
1533 741 1604 806 769.
2107 736 2171 801 293

624 944 657 1001 ln
679 952 786 1002 nomine
801 933 854 999 del
878 950 961 1015 patris
980 932 1213 1019 omnipotentis
1237 952 1264 998 et
1278 946 1326 997 filii
1349 952 1376 998 et
1397 947 1507 1013 spiritus
1523 948 1616 997 sancti.
1643 946 1791 997 Kurolusa
1814 947 1863 1001 deo
1879 948 2018 1000 ordinatus
2040 949 2170 1012 augustus
2192 945 2205 994 I

515 1071 634 1121 magnus
649 1054 778 1121 pacificus
799 1061 860 1104 rex
875 1039 1081 1103 Francorum
1103 1051 1248 1118 imperator
1262 1052 1443 1103 Romanorum
1465 1051 1618 1118 gubernans
1633 1052 1783 1119 imperium.
1876 1054 2009 1116 Quoniam
2024 1051 2171 1117 principem

520 1169 562 1212 tte
585 1162 751 1213 defensorem
774 1160 946 1213 ecclesiarum
969 1175 1019 1210 uos
1040 1159 1105 1210 fecit
1127 1156 1258 1221 dominus,
1281 1171 1315 1208 ne
1338 1158 1396 1208 eius
1419 1158 1517 1224 ingrati
1541 1172 1599 1208 esse
1614 1157 1753 1209 videamur
1775 1142 2006 1227 munificenilq,
2029 1155 2171 1208 servicium

520 1268 578 1318 sius
600 1271 779 1333 augmentare,
816 1264 943 1315 ecclesias
970 1262 1157 1328 multiplicare,
1191 1278 1272 1327 super
1293 1263 1407 1327 inceptis
1436 1266 1464 1313 et
1486 1264 1646 1313 constructis
1675 1263 1743 1314 benc
1774 1267 1801 1315 ct
1829 1268 1969 1327 oportune,
2003 1276 2037 1313 ne
2059 1259 2171 1327 posthac

474 1374 497 1420 a
520 1370 700 1433 destruantur,
735 1353 892 1439 potestati
915 1351 1020 1437 regali
1042 1351 1198 1419 convenit
1219 1352 1392 1417 tuitionem
1415 1350 1594 1437 impertire,
1619 1350 1707 1417 unde
1730 1349 1892 1439 quidquid
1914 1351 1959 1417 ad
1981 1349 2056 1416 loca
2078 1371 2171 1415 sanc·

520 1468 630 1524 torum
646 1458 763 1523 damus
786 1456 838 1521 vel
860 1455 1084 1537 concedimus,
1107 1454 1171 1520 hoc
1185 1454 1282 1522 nobis
1298 1454 1342 1520 ad
1364 1453 1529 1521 mercedis
1544 1463 1756 1541 augmentum
1778 1455 1831 1521 vel
1849 1454 2063 1521 stabilitatem
2079 1454 2171 1538 regui

520 1564 625 1628 nostri
648 1563 810 1649 pertinere
833 1560 1041 1627 confidimus.
1069 1560 1280 1646 Quapropter
1301 1579 1394 1625 notum
1417 1574 1452 1624 stt
1467 1574 1591 1624 omnibus
1614 1559 1817 1646 principibus
1833 1575 1931 1625 nostru
1954 1567 1987 1623 et
2001 1572 2126 1625 fidelibus
2147 1588 2172 1637 s,

519 1681 634 1749 qualiter
649 1697 699 1733 nos
714 1665 758 1731 ad
772 1664 971 1752 peticionem
997 1662 1210 1729 dilectissime
1225 1662 1377 1748 coniugis
1392 1670 1505 1747 nostre
1522 1661 1862 1749 Hiltigarde.illastris
1885 1665 1998 1749 regine
2016 1662 2171 1728 abbatem

519 1772 651 1836 nomine
674 1769 837 1835 'l'otouem
861 1791 903 1834 ex
927 1769 1129 1834 monasterio
1153 1767 1243 1854 quod
1265 1776 1405 1832 vocatur
1429 1764 1640 1833 Outenburra
1664 1767 1859 1834 cellanova
1886 1789 1960 1833 cum
1983 1766 2171 1834 hominibus

466 1892 497 1942 ro
520 1897 587 1939 una
602 1883 635 1940 et
650 1873 750 1940 rebus
774 1872 880 1958 ipsius
896 1872 1088 1938 monasterii
1106 1870 1167 1937 sub
1191 1880 1305 1938 nostro
1322 1870 1555 1938 mundiburdio
1572 1880 1606 1937 et
1621 1872 1835 1938 defensione·
1858 1881 1993 1959 propter
2009 1871 2171 1938 malorum

518 1979 652 2045 illicitas
675 1978 845 2044 bominum
866 1978 1098 2043 infestationes
1127 1975 1316 2062 accepimus
1339 1984 1372 2041 et
1398 1976 1590 2042 retinemus.
1636 1976 1743 2063 Igitur
1766 1998 1787 2041 a
1810 1977 1954 2062 presenti
1982 1976 2035 2043 die
2057 1998 2171 2043 coram

517 2083 723 2170 principibus
753 2083 877 2149 nostris
900 2081 1108 2148 decernimus
1137 2091 1237 2167 atque
1259 2079 1474 2168 precipiendo
1503 2081 1713 2168 precipimus,
1748 2089 1785 2146 ut
1813 2080 1895 2147 nulli
1925 2081 1965 2147 de
1993 2080 2171 2147 maioribus

518 2196 618 2274 atque
642 2186 826 2253 minoribus
849 2186 949 2252 liceat
971 2186 1120 2272 predicto
1145 2184 1258 2251 abbati
1290 2193 1349 2251 aut
1370 2184 1559 2251 hominibus
1581 2187 1688 2273 ipsius
1716 2187 1908 2252 monasterii
1931 2195 1998 2251 tam
2022 2187 2172 2272 ingenuis

518 2314 616 2379 quam
641 2291 862 2358 servientibus
884 2289 938 2356 vel
960 2293 994 2357 in
1016 2290 1126 2375 rebus,
1161 2314 1225 2378 que
1247 2291 1292 2357 ad
1314 2292 1421 2376 ipsam
1451 2312 1565 2357 casam
1588 2290 1641 2355 dei
1663 2289 1807 2377 legitime
1836 2291 1985 2378 aspicere
2007 2289 2171 2373 videntur,

465 2416 496 2465 15
519 2397 704 2484 inquietare
726 2405 786 2462 aut
812 2396 1013 2463 calumniam
1042 2396 1151 2461 facere
1174 2404 1353 2480 presumat,
1388 2394 1456 2470 sed,
1488 2394 1574 2460 sicut
1597 2394 1752 2479 diximus,
1786 2395 1885 2460 liceat
1907 2417 1981 2461 eum
2009 2416 2172 2461 unacum

518 2503 585 2568 iam
601 2498 694 2567 fatol
717 2502 919 2567 monasterio
937 2499 998 2565 sub
1014 2509 1129 2566 nostra
1154 2500 1291 2565 tuitione
1308 2500 1455 2585 quietum
1478 2498 1590 2565 vivere
1607 2520 1647 2565 ac
1669 2497 1813 2565 residere
1829 2519 1879 2581 ac,
1903 2498 1930 2563 si
1946 2498 2055 2585 alique
2072 2518 2172 2564 cause

520 2605 681 2672 adversus
704 2627 779 2670 eum
802 2613 862 2670 aut
882 2603 1034 2670 homiues
1056 2604 1162 2690 ipsius
1185 2604 1376 2669 monasterii
1401 2605 1614 2688 surrexerint,
1640 2625 1721 2690 quas
1745 2604 1831 2669 iufra
1851 2625 1974 2690 pagum
1997 2625 2070 2669 uum
2093 2602 2172 2669 fide-

521 2710 608 2777 libus
632 2711 701 2774 suis
725 2708 861 2775 definire
877 2730 942 2773 non
965 2708 1142 2794 potuerint,
1165 2708 1199 2772 in
1214 2708 1417 2792 presentiam
1439 2716 1588 2773 nostram
1602 2716 1821 2774 reserventur.
1844 2707 1889 2773 Et
1904 2716 1941 2772 ut
1964 2709 2052 2773 omni
2069 2729 2171 2794 regno

518 2822 632 2879 nostro
656 2820 690 2877 et
718 2810 871 2877 fidelibus
895 2812 1017 2876 nostris
1045 2819 1160 2896 pateat
1182 2832 1241 2876 nos
1272 2811 1435 2897 prefatum
1458 2812 1567 2877 locum
1595 2834 1661 2877 non
1684 2812 1829 2877 avaricie
1855 2811 1907 2877 vel
1931 2822 2077 2897 questus,
2113 2812 2171 2877 sed

463 2935 497 2984 ιο
520 2939 579 3001 pro
603 2937 715 2981 amore
740 2914 792 2980 dei
816 2924 849 2980 et
871 2917 980 2980 anime
1003 2914 1110 2980 salute
1133 2936 1173 2979 ac
1189 2914 1391 2981 defensionis
1415 2937 1518 2981 causa
1539 2916 1574 2982 in
1590 2926 1735 2983 nostram
1760 2924 1957 3001 potestatem
1974 2917 2170 3003 suscepisse,

518 3021 594 3087 hinc
616 3043 637 3086 a
661 3021 807 3106 presenti
832 3019 884 3084 die
907 3028 941 3085 et
963 3018 1121 3104 deinceps
1144 3019 1303 3086 fratribus
1320 3020 1468 3087 eiusdem
1491 3024 1684 3087 monasterii
1700 3022 1897 3088 auctoritate
1919 3029 2032 3087 nostra
2055 3019 2172 3086 damus

519 3127 604 3192 banc
627 3126 794 3190 licentiam
818 3134 851 3189 et
874 3124 1097 3208 concedimus,
1125 3133 1162 3189 ut
1183 3134 1260 3210 post
1283 3125 1466 3191 discessum
1489 3126 1625 3192 'l'otonis
1649 3125 1780 3191 abbatis
1804 3134 2003 3212 potestatem
2026 3123 2173 3191 habeant

517 3232 603 3295 inter
633 3252 669 3294 se
703 3228 845 3313 eligendi
875 3226 1047 3312 abbatem,
1083 3251 1180 3314 quem
1210 3228 1379 3295 meliorem
1415 3231 1595 3296 secundum
1623 3230 1771 3317 regulam
1806 3232 1911 3296 sancti
1939 3230 2111 3296 Benedicti
2139 3240 2173 3296 et

519 3336 681 3420 aptiorem
703 3342 818 3397 nostro
842 3332 982 3397 servicio
1006 3333 1153 3398 invenire
1176 3336 1352 3420 potuerint,
1376 3333 1538 3420 nobisque
1561 3356 1601 3400 ac
1626 3333 1874 3401 successoribus
1894 3335 2017 3400 nostris
2040 3356 2170 3420 presen-
2246 3356 2247 3359 ¹

463 3459 496 3506 ao
519 3450 616 3523 tetur,
650 3449 815 3526 quatenus
845 3441 936 3525 regia
960 3437 1175 3504 sublimetur⁶
1203 3439 1400 3504 auctoritate
1423 3447 1456 3504 et
1483 3438 1733 3523 confirmetur⁶;
1771 3441 1981 3507 investitum⁶
2008 3438 2172 3526 siquidem

519 3566 577 3629 per
600 3564 660 3608 nos
685 3543 824 3608 liberum
857 3542 945 3608 hunc
966 3541 1010 3608 ab
1040 3544 1128 3608 omni
1151 3543 1327 3609 exactione
1355 3542 1473 3609 curiali
1497 3544 1549 3609 vel
1572 3567 1707 3609 munere
1737 3544 1958 3631 permittimus
1981 3542 2072 3610 abire
2095 3564 2170 3609 con·

520 3648 744 3713 secracionem
768 3657 801 3713 et
824 3649 873 3712 sui
899 3644 1202 3733 monachorumque
1225 3647 1458 3731 concedentes,
1493 3646 1550 3713 ubi
1574 3671 1594 3714 a
1616 3648 1780 3736 religiosis
1804 3650 1982 3716 dumtaxat
2004 3649 2170 3735 episcopis

519 3752 605 3817 infra
628 3753 835 3838 provinciam
858 3749 1003 3816 ordinari
1027 3760 1191 3837 poterunt,
1215 3750 1417 3818 liberrimam
1440 3751 1574 3820 habere.
1612 3751 1764 3840 Amplius
1787 3754 1931 3841 presenti
1955 3776 2034 3819 sane
2057 3750 2171 3819 abbati

519 3857 657 3941 eiusque
682 3853 942 3929 successoribus,
976 3854 1147 3920 monachis
1176 3863 1209 3921 et
1236 3855 1424 3922 bominibus
1454 3878 1494 3921 ac
1523 3857 1792 3943 negociatoribus
1821 3854 1957 3944 prefati‘
1984 3858 2058 3941 loci,
2093 3857 2172 3944 quia

462 3979 497 4027 30
519 3968 637 4025 nostra
659 3960 857 4025 auctoritate
886 3959 1125 4044 frequentiam⁸
1157 3960 1271 4045 populi
1294 3960 1338 4025 ad
1365 3960 1524 4046 reliquias
1548 3984 1661 4027 sacras
1691 3963 1851 4027 venientis
1875 3961 1957 4028 inibi
1987 3963 2171 4045 statuimus,

519 4064 605 4129 banc
627 4063 792 4129 libertatis
816 4064 960 4149 gratiam
983 4062 1207 4146 concedimus,
1242 4075 1288 4148 ut,
1317 4065 1517 4154 ubicumque
1539 4070 1573 4133 in
1595 4088 1697 4153 regno
1721 4076 1834 4133 nostro
1865 4067 1909 4133 ad
1930 4066 2171 4153 negociandum

518 4169 726 4255 perrexerint
749 4168 865 4232 sivein
890 4167 1041 4233 civitates
1056 4166 1109 4233 vel
1132 4169 1166 4233 in
1183 4169 1306 4257 oppida
1329 4192 1388 4237 seu
1404 4170 1560 4258 pontem1¹
1584 4195 1751 4259 navesque
1767 4181 1891 4259 petant,
1916 4173 1986 4237 sive
2002 4172 2171 4237 venientes

519 4296 577 4338 seu
600 4273 775 4338 redeuntes
811 4272 881 4338 sine
904 4272 1078 4336 exactione
1106 4270 1250 4339 thelonei
1285 4296 1359 4340 cum
1388 4297 1471 4362 pace
1500 4278 1606 4343 securi
1632 4286 1805 4343 transeant
1833 4286 1866 4343 et
1894 4285 2042 4364 pergant.
2087 4277 2171 4342 Item

518 4393 621 4459 placuit
642 4397 733 4443 nostre
755 4392 926 4458 providencia
948 4393 977 4441 in
999 4376 1138 4443 Totonls
1162 4378 1281 4463 prefati
1305 4396 1444 4445 abbatiss
1467 4412 1631 4464 suorumque
1654 4414 1837 4449 successorum
1861 4404 1887 4449 et
1908 4398 2021 4447 fratrum
2043 4414 2059 4445 s
2081 4412 2171 4447 mona-

462 4498 496 4547 ³5
518 4499 628 4548 chorum
649 4499 700 4548 hoe
714 4498 907 4563 perpetualiter
930 4502 1062 4563 potestate
1077 4513 1185 4562 ponere,
1207 4504 1239 4548 ut
1253 4501 1405 4564 sapientum
1429 4503 1471 4550 usi
1494 4502 1613 4552 consiliis
1637 4518 1669 4553 ex
1691 4503 1741 4565 his,
1765 4518 1832 4568 quos
1855 4504 1924 4553 inter
1946 4507 2068 4568 potentes
2085 4502 2169 4553 seculi

517 4605 641 4653 noverint
663 4619 721 4653 esse
736 4604 863 4668 equitatis
885 4608 912 4654 ct
926 4586 1095 4652 fidelitatis
1113 4586 1295 4668 amantiores¹,
1319 4604 1421 4671 eligant
1436 4607 1492 4656 suis
1515 4610 1695 4672 competenter
1710 4605 1777 4657 locis
1799 4606 1944 4657 advocatos
1960 4611 1986 4657 et
2008 4606 2170 4669 defensores,

518 4692 546 4757 si
576 4713 659 4777 opus
687 4690 880 4772 habuerint,
927 4692 978 4755 sin
1006 4711 1084 4757 vero
1114 4712 1175 4756 nos
1206 4702 1401 4780 nostrosque
1438 4716 1644 4761 successores
1674 4697 1873 4761 iustissimos
1905 4705 1937 4760 et
1968 4696 2170 4761 certissimos

518 4796 707 4862 defensores
736 4795 893 4862 habeant·
938 4812 992 4862 Sed
1021 4812 1113 4863 nullus
1135 4812 1273 4864 homiuum
1300 4816 1351 4865 sibi
1373 4816 1443 4867 hanc
1466 4832 1483 4864 ιι
1510 4822 1669 4883 potestatem
1697 4822 1834 4882 presumat
1862 4816 2005 4867 vendicare
2028 4817 2070 4867 vel
2093 4818 2170 4883 qnasi

517 4917 703 4968 hereditarium
726 4922 774 4967 aut
796 4917 887 4982 aliquo
909 4919 967 4967 iure
983 4917 1100 4968 debitam
1123 4919 1257 4982 invaders,
1280 4921 1331 4970 nisi
1346 4938 1425 4987 quem
1449 4922 1555 4973 abbatis
1578 4927 1604 4972 et
1620 4921 1809 4973 monachorum
1833 4922 1956 4972 consulta
1978 4922 2170 4987 approbatiora

461 5024 495 5071 40
518 5022 603 5073 velint
618 5022 765 5084 admittere,
788 5037 819 5072 eo
835 5028 924 5073 mmen
946 5027 1084 5073 tenorent
1105 5028 1167 5088 post
1182 5022 1337 5075 fidelitatem
1358 5027 1432 5091 regio
1448 5029 1506 5077 iure
1528 5027 1607 5078 nobis
1629 5026 1780 5092 nostrisque
1803 5026 2002 5077 successoribus
2026 5006 2169 5085 [frictam]k

517 5127 609 5176 abbati
640 5126 692 5175 tria
713 5126 784 5177 iuret
814 5131 994 5177 sacramenta:
1031 5127 1154 5191 primum,
1184 5127 1256 5193 quod
1278 5130 1424 5180 secundum
1454 5146 1531 5195 posse
1555 5135 1582 5180 et
1609 5146 1686 5181 nosse
1709 5131 1797 5180 iustus
1825 5134 1852 5180 et
1874 5130 1947 5180 utilis
1970 5129 2117 5180 advocatus
2140 5131 2169 5180 in

517 5231 638 5281 homines
662 5236 689 5282 et
711 5247 753 5281 res
775 5230 888 5296 predicti
911 5232 1066 5281 monasterii
1089 5231 1199 5297 existut5
1236 5234 1390 5296 secundum,
1419 5225 1508 5299 [quod]
1537 5233 1667 5299 quidquid
1694 5235 1846 5299 placitando
1869 5235 2031 5300 acquisierit,
2060 5219 2096 5285 ld
2118 5229 2170 5285 esi

516 5320 552 5383 in
574 5319 694 5385 iniuria
717 5316 916 5385 bannoram¹
939 5318 992 5383 vel
1016 5319 1243 5385 satisfactione
1270 5323 1503 5405 temeritatum,
1537 5340 1620 5388 tercia
1641 5354 1657 5385 ι
1680 5339 1731 5387 sibi
1759 5344 1833 5403 pane
1860 5344 1963 5391 retenta
1985 5339 2052 5391 duae
2074 5339 2169 5390 reddat

517 5440 609 5489 abbati
633 5446 660 5489 et
674 5439 777 5490 nullum
801 5438 963 5489 advocatum
980 5437 1022 5489 vel
1046 5444 1196 5489 exactorem
1219 5446 1307 5505 preter
1322 5456 1351 5493 se
1374 5426 1438 5491 niel
1455 5442 1561 5492 abbatis
1583 5442 1755 5507 permissione
1771 5444 1930 5507 constituat3
1953 5443 2074 5507 tercium,
2098 5443 2169 5510 quod

459 5648 493 5697 tt
593 5646 654 5703 210.
672 5647 698 5714 a)
715 5648 880 5699 deffensione
897 5645 933 5710 Β,
951 5644 1049 5701 eberiso
1066 5647 1098 5700 Ζ.
1116 5649 1153 5701 36
1170 5646 1231 5700 ared
1249 5650 1286 5700 38
1303 5648 1464 5700 dsffensores
1490 5648 1552 5702 aad
1571 5650 1602 5702 Z.
1621 5653 1656 5702 13
1680 5650 1801 5701 deffinire
1905 5650 1933 5717 b)
1949 5650 2020 5702 facto
2038 5648 2065 5702 Β

672 5718 698 5782 c)
715 5732 787 5768 corr.
807 5732 861 5769 aas
881 5717 1044 5768 sublimatur
1147 5718 1176 5784 d)
1193 5732 1238 5769 aar
1258 5715 1347 5771 Rassd
1363 5716 1562 5787 rinpesebaltet
1588 5734 1641 5772 son
1660 5717 1803 5771 derselbeu
1823 5717 1913 5771 Ηαιιᾱ
1941 5717 1994 5771 das
2013 5718 2169 5785 nfastdeue

671 5784 749 5839 Gitat
767 5800 822 5839 aas
841 5785 902 5839 dem
926 5786 1065 5840 Wormsrr
1084 5783 1244 5842 Concordat
1262 5785 1305 5839 Μ.
1320 5785 1353 5839 θ.
1367 5786 1416 5840 SS.
1434 5790 1479 5851 23,
1499 5790 1552 5842 613
1570 5787 1625 5841 N!
1651 5787 1701 5856 opi.
1722 5787 1763 5841 M.
1784 5786 1818 5843 G·
1838 5786 1956 5842 Oorrnd.
1974 5792 1999 5850 1,
2020 5791 2074 5843 159

671 5856 697 5919 e)
714 5857 859 5906 investitus
873 5855 900 5908 B
969 5854 1138 5921 odaraacb
1157 5859 1314 5909 monaterii
1332 5854 1423 5910 durch
1444 5856 1671 5911 Usstrrstres'chen
1688 5856 1786 5927 petitpt
1856 5858 1885 5926 g)
1903 5858 2054 5926 unquentis
2071 5857 2099 5912 Β

671 5924 700 5991 Ιι)
718 5932 829 5990 pontum
848 5924 875 5977 B
978 5926 1000 5993 i)
1018 5933 1151 5979 amamres
1170 5926 1205 5990 B,
1224 5925 1363 5979 eumedirt
1380 5926 1454 5981 rsosb
1471 5938 1505 5981 ao
1517 5929 1576 5981 223
1666 5927 1695 5995 lr)
1713 5926 1803 5981 dieses
1821 5926 1883 5980 arrd
1901 5926 1948 5980 die
1966 5927 2091 5982 anderen
2109 5928 2169 5983 eiss-

671 5992 885 6062 9etlommertess
907 5994 1001 6048 Worte
1024 5999 1140 6064 nudant
1163 6010 1217 6048 aas
1235 5997 1339 6049 210223
1444 5995 1466 6065 l)
1484 6013 1634 6065 pannorum
1652 5996 1687 6065 B,
1716 5999 1745 6047 in
1762 5999 1863 6051 iniuria
1885 5995 2021 6057 atellaebt
2040 5998 2168 6059 verderbt

670 6078 724 6117 aas
749 6062 810 6116 dem
834 6063 1076 6134 strengemdssereu
1099 6069 1205 6119 intare
