5642 7159
1039 716 1159 777 Kana
1181 717 1268 777 ΜΒ
1289 715 1457 782 (lBOSSE
1479 749 1530 775 -.
2041 713 2106 779 443

466 902 557 969 illia5
578 903 712 968 iustieie
734 903 939 970 reformetur.
984 902 1080 969 Nune
1103 925 1192 989 ergo,
1222 905 1300 989 quia
1322 902 1432 970 looum
1460 903 1548 970 buno
1570 905 1742 969 maiestate
1770 905 1860 992 regie
1884 903 1972 971 sedis
1995 904 2106 971 domni

467 1005 644 1093 apostolici
667 1007 800 1073 deoreto
824 1015 857 1072 et
878 1015 994 1072 nostra
1020 1007 1183 1094 imperiali
1204 1009 1361 1093 potentia,
1390 1017 1501 1074 vestro
1530 1018 1681 1095 quoque¹
1710 1030 1848 1075 assensn
1873 1009 2105 1092 exaltavimus,

466 1111 640 1178 honestate
669 1133 748 1178 vero
778 1111 876 1177 huius
907 1111 1018 1198 templi
1049 1121 1083 1178 et
1110 1112 1327 1198 plurimorum
1356 1122 1545 1178 sanctorum
1574 1113 1785 1180 veneratione
1813 1114 2106 1200 magnificavimus,

466 1216 562 1282 decet
584 1237 646 1282 neo
667 1216 884 1300 incongruum
904 1215 1044 1296 videtur,
1074 1216 1152 1302 quin
1174 1215 1220 1281 od
1240 1215 1303 1281 hoo
1325 1218 1462 1281 nimium
1488 1239 1581 1282 meus
1604 1218 1715 1304 figitur
1737 1219 1897 1301 animue·,
1932 1227 1969 1284 ut
1990 1218 2105 1303 petilio

428 1335 550 1403 omen,
584 1320 678 1385 euius
701 1341 761 1386 vos
783 1341 850 1385 non
872 1319 978 1386 solum
1001 1319 1180 1401 auditores,
1215 1318 1275 1384 sed
1297 1316 1353 1384 etb
1381 1318 1554 1386 benivolos
1576 1321 1719 1387 faetores
1741 1321 1812 1387 fieri
1834 1322 1982 1405 exoravi,
2017 1319 2107 1408 apud

467 1431 547 1489 vos⁶
569 1421 726 1504 obtineat,
762 1423 917 1509 quatinus
939 1445 1005 1489 non
1028 1422 1133 1488 solum
1156 1421 1266 1488 elerici
1289 1433 1323 1489 et
1345 1423 1423 1490 laici
1446 1425 1510 1492 looi
1539 1424 1635 1491 huius
1658 1425 1822 1511 indigene,
1857 1424 1971 1491 sedet
1993 1444 2106 1489 omnes

465 1526 573 1595 incole
595 1539 628 1594 et
649 1526 778 1593 advene
805 1525 861 1592 hio
881 1525 1067 1593 inhabitare
1089 1526 1247 1602 volentes,
1279 1538 1448 1614 presentes
1472 1529 1637 1602 allaturi,
1673 1528 1734 1594 snb
1757 1538 1831 1595 tuta
1853 1538 1886 1595 et
1908 1528 2012 1595 libera
2034 1526 2106 1613 lege

466 1629 509 1695 ab
533 1632 622 1696 omni
644 1630 755 1697 servili
778 1631 967 1697 conditione
989 1631 1090 1696 vitam
1114 1641 1216 1716 agant
1238 1653 1278 1697 ao
1302 1653 1416 1698 omnes
1439 1635 1563 1719 pariter
1593 1657 1636 1700 ex
1659 1634 1731 1698 avis
1754 1642 1787 1698 et
1809 1635 1933 1699 attavis
1956 1631 2000 1698 ad
2021 1631 2107 1697 hano

467 1734 577 1801 sedem
601 1737 812 1820 pertinentes,
835 1734 912 1801 licet
935 1733 1015 1799 alibi
1038 1756 1164 1800 moram
1187 1732 1376 1819 facientesd,
1401 1736 1444 1802 ab
1469 1735 1531 1802 hae
1554 1737 1636 1824 lege,
1666 1759 1765 1824 quam
1787 1737 1955 1803 dictavero
1979 1737 2014 1801 in
2036 1758 2107 1822 pre·

413 1856 445 1905 10
468 1838 656 1921 sentiarum,
683 1861 704 1903 a
727 1837 816 1903 nullo
840 1860 1034 1905 successore
1055 1848 1168 1904 nostro
1193 1838 1309 1906 veleb
1333 1840 1443 1925 aliquo
1468 1841 1692 1909 maolrinatore
1715 1843 1889 1930 legumque
1913 1841 2107 1907 subversore

466 1943 695 2029 infringantur,
729 1965 908 2028 numquam
936 1943 977 2008 de
1011 1964 1111 2009 manu
1146 1944 1352 2031 imperatoris
1381 1944 1455 2010 rel·
1490 1945 1579 2032 regis
1611 1944 1711 2012 aliani
1745 1967 1885 2032 persone
1917 1944 2021 2010 nobili
2054 1942 2107 2008 vel

467 2047 604 2132 ignobili
636 2050 671 2113 in
699 2048 858 2115 beneficio
890 2047 1072 2114 tradantur.
1118 2048 1366 2135 Adquieverunt
1395 2050 1538 2115 universi
1567 2050 1678 2116 domni
1707 2061 1740 2117 et
1762 2051 1871 2136 magni
1898 2050 2107 2134 imperatoris

466 2148 601 2218 Karoli¹
621 2153 772 2237 petitioni
794 2162 827 2219 et
849 2152 1022 2236 voluntati,
1057 2154 1112 2240 qni
1135 2152 1179 2219 ad
1207 2152 1271 2218 hoe
1299 2153 1481 2241 sollempne
1511 2153 1729 2221 dedicationis
1759 2177 1802 2220 ex
1830 2153 1968 2220 diversis
1995 2153 2107 2238 regnis

467 2255 703 2341 confluxerant,
737 2279 778 2322 ao
806 2255 930 2324 bonum
960 2267 993 2324 et
1020 2265 1193 2344 aeoeptum
1221 2279 1333 2324 eoram
1362 2257 1425 2323 deo
1454 2267 1487 2324 et
1512 2257 1700 2324 hominibus
1731 2257 1843 2324 domni
1871 2255 2045 2342 apostolici
2076 2264 2109 2320 et

414 2374 445 2425 ro
467 2361 677 2446 imperatoris
700 2361 868 2428 decretum
890 2370 1105 2428 astruxerunt
1126 2370 1160 2427 et
1182 2362 1326 2427 omnium
1348 2361 1508 2447 graduum
1533 2362 1773 2447 episcoporum,
1797 2359 1955 2426 abbatum
1978 2382 2109 2445 quoque

466 2463 577 2530 banno
600 2464 807 2532 corroborari
829 2474 862 2531 et
884 2465 1070 2531 confirmari
1092 2464 1178 2531 hano
1201 2467 1409 2552 imperatoris
1433 2465 1623 2550 petitionem
1638 2466 1782 2530 universi
1806 2466 1917 2551 magni
1940 2471 1994 2528 et‘
2015 2464 2108 2549 parvi

466 2567 742 2636 acclamaverunt.

1244 2811 1331 2886 296.

1199 2969 1379 3049 (Uneelsl.)

412 3141 446 3190 ao
468 3113 563 3185 Karl
588 3114 652 3186 der
683 3109 810 3183 Gnoses
836 3112 974 3183 selenlrl
1000 3113 1078 3183 dem
1100 3111 1244 3184 Kloeler
1269 3110 1326 3182 Sl.
1355 3110 1515 3182 Berlin
1542 3111 1608 3182 dee
1640 3110 1714 3206 Orl'
1734 3108 1915 3180 Oonmonl.

580 3253 584 3260 ’
1048 3269 1051 3273 ’
1682 3251 1822 3312 Crissiaoo
1847 3281 1885 3294 -
1910 3249 1992 3310 Jeni
2013 3254 2065 3311 24.

572 3444 680 3506 Graeci
702 3440 873 3503 Oarleloire
895 3442 931 3500 de
954 3441 996 3503 St.
1013 3441 1123 3502 Berlin
1143 3458 1200 3501 eon
1220 3442 1268 3502 De
1289 3442 1399 3505 Wltills
1422 3437 1742 3524 (enpelepl1775l76)
1765 3439 1785 3500 l
1805 3441 1861 3501 Hs.
1878 3443 1941 3501 803
1960 3457 1994 3513 p.
2011 3443 2051 3500 31
2076 3441 2109 3498 in

566 3550 621 3610 der
641 3547 809 3609 Bibliothet
829 3565 871 3606 ra
894 3545 937 3607 st.
965 3545 1052 3607 Ornar
1075 3544 1141 3625 (D).

569 3687 722 3764 Hoipnerl
743 3688 803 3748 Les
825 3687 940 3747 olsorles
962 3688 999 3747 de
1020 3687 1067 3751 Sl.
1084 3688 1192 3747 Berlin
1214 3693 1245 3759 1,
1269 3690 1290 3748 8
1311 3693 1346 3746 n⁰
1359 3688 1401 3748 25
1425 3704 1482 3748 aree
1504 3686 1546 3746 D.
1569 3716 1610 3730 -
1633 3685 1826 3746 uenerator
1839 3686 1911 3760 Περ.
1928 3686 1993 3746 502
2009 3682 2110 3762 (486).

570 3829 741 3903 noeoeane
755 3829 830 3887 olma
851 3827 928 3887 aare
947 3825 1078 3901 Vorldpe.
1101 3827 1141 3886 In
1155 3827 1186 3888 D
1208 3845 1259 3886 om
1275 3825 1396 3887 Schinae
1419 3827 1473 3886 der
1493 3826 1636 3888 Urlende
1658 3827 1706 3886 clia
1722 3843 1779 3886 aas
1801 3825 1854 3884 der
1869 3823 2112 3885 Ktreterelrronilr

571 3935 621 3995 cies
645 3933 800 3994 Jolrannee
822 3931 952 4006 lprrine,
976 3931 1114 3991 Mortena
1140 3931 1311 3991 ltreasres
1334 3932 1364 4002 3,
1389 3933 1462 4004 492,
1485 3931 1667 3990 elammende
1690 3929 1895 4006 Bernerlrssp:
1939 3930 2001 3988 Hoe
2024 3927 2111 4003 priri-

570 4039 677 4115 legium
699 4037 803 4098 litteris
825 4038 973 4097 exaratum
995 4038 1040 4096 est
1062 4036 1092 4094 in
1115 4051 1255 4094 marmore
1277 4033 1308 4094 in
1330 4034 1439 4110 palatio
1462 4034 1653 4108 Narbonensi,
1681 4034 1762 4094 cuius
1784 4033 1925 4109 originale
1947 4032 2008 4093 sive
2030 4030 2111 4106 sigil-

572 4145 662 4204 latum
685 4146 729 4202 est
751 4158 839 4219 penes
861 4141 1025 4216 episcopum
1048 4139 1282 4210 Noviomensem;
1318 4139 1391 4198 idem
1420 4138 1618 4214 inscriptura
1646 4155 1705 4198 non
1727 4154 1854 4212 numero,
1890 4139 1939 4197 sed
1962 4136 2110 4213 duplatum

572 4249 703 4309 sensim
724 4246 756 4307 in
771 4244 921 4306 Karieiaeo
944 4244 1052 4320 palatio
1075 4243 1140 4302 and
1162 4242 1211 4301 dir
1236 4241 1489 4319 Qarllerrsnpabe:
1511 4260 1545 4303 ex
1566 4242 1687 4318 antiqua
1708 4243 1792 4320 eopia
1814 4243 1845 4303 in
1868 4243 1951 4303 lheea
1971 4242 2110 4301 (laumont

571 4351 637 4414 n⁰l
661 4357 690 4412 et
704 4350 861 4426 registrata
883 4350 913 4409 in
929 4347 1084 4409 cartulario
1106 4350 1143 4411 D.
1160 4349 1205 4408 W.
1220 4350 1288 4407 tom.
1308 4343 1322 4405 1
1348 4363 1416 4423 pag.
1434 4343 1486 4408 91.
1510 4343 1545 4408 2⁰
1561 4351 1590 4408 et
1611 4352 1688 4410 tomo
1703 4345 1745 4412 39
1767 4347 1836 4408 folio
1852 4343 1927 4409 404.
1956 4345 2112 4409 *Wlhrend

571 4457 619 4517 dia
639 4457 730 4515 (illene
750 4452 908 4525 Abeelrrifl
930 4453 980 4513 dee
1003 4452 1168 4512 chronicon
1189 4451 1336 4525 Folqreini
1360 4449 1505 4529 (anpelryl
1527 4469 1579 4511 erm
1602 4451 1678 4530 961)
1715 4452 1762 4510 die
1789 4451 1933 4512 Urlrande
1951 4467 2010 4524 par
2029 4451 2111 4508 nielli

571 4561 703 4622 ermanni
723 4559 789 4618 und
810 4562 869 4618 eret
891 4557 938 4616 dle
953 4559 1083 4631 jrlnpere
1097 4553 1254 4627 Abeetrifl
1277 4555 1325 4614 die
1347 4555 1525 4633 Seleenkanp
1547 4574 1603 4616 von
1626 4556 1776 4617 Oanmonl
1798 4557 1891 4615 cieret
1913 4554 1992 4614 Korl
2007 4554 2036 4615 ci.
2056 4553 2110 4614 Gr.

570 4668 626 4726 mil
647 4665 713 4724 don
727 4664 868 4723 Briseis.-
891 4662 972 4723 euius
995 4660 1161 4722 traditionis
1183 4662 1265 4720 esrta
1288 4677 1376 4737 penes
1399 4660 1562 4736 episcopum
1580 4659 1754 4721 limiensem
1777 4661 1900 4720 habetur
1921 4658 2109 4729 enreietnrt,

575 4767 715 4832 oraora
744 4765 825 4828 sarr.
849 4767 885 4826 de
910 4765 954 4827 Sl.
978 4765 1087 4825 Berlin
1109 4769 1150 4825 73
1178 4770 1213 4823 n⁰
1232 4767 1300 4837 54⁰,
1334 4765 1424 4824 lemni
1451 4765 1572 4839 Iperr'ne
1595 4764 1614 4825 l.
1639 4782 1662 4824 e.
1692 4767 1735 4825 ira
1763 4766 1816 4824 14.
1840 4763 1894 4824 Jlr.
1924 4779 2013 4837 sorar
2039 4761 2113 4821 neele

571 4876 656 4934 einen
671 4871 895 4945 frenrosieelren
913 4871 985 4931 Teel
1008 4870 1061 4929 der
1075 4868 1247 4943 Faleelsnp
1269 4871 1324 4927 mil
1346 4868 1516 4947 almeon,
1539 4869 1627 4928 deren
1642 4874 1734 4930 areler
1756 4869 1808 4928 der
1823 4869 1975 4928 territerio
1991 4866 2112 4927 Rolend

571 4982 611 5038 iel
635 4978 678 5056 (in
701 4977 822 5054 quedam
845 4974 1007 5051 privilegio,
1030 4976 1106 5051 quod
1121 4974 1189 5034 hoio
1211 4973 1347 5034 eeclesiae
1363 4974 1517 5047 consessit,
1542 4976 1668 5051 quodie
1689 4976 1827 5036 verboed
1850 4977 1965 5035 verbum
1981 4972 2112 5049 sequitur

572 5083 603 5142 in
625 5081 729 5156 gallire
752 5079 810 5141 sio:
845 5079 891 5138 An
913 5077 1005 5152 paleis
1026 5078 1045 5137 le
1066 5077 1167 5154 cerysi
1190 5079 1286 5138 donna
1308 5078 1406 5138 (larles
1429 5078 1447 5136 a
1471 5079 1551 5139 saint
1573 5079 1675 5139 Berlin
1699 5079 1838 5138 crement
1860 5081 1889 5137 et
1911 5094 1957 5137 ses
1980 5079 2112 5152 apperte

570 5202 686 5258 naneae,
711 5186 830 5261 present
845 5184 971 5244 Boulent
992 5185 1021 5243 et
1035 5181 1165 5259 Olivier).
1191 5180 1346 5254 Oosmonl,
1370 5185 1477 5243 bereils
1500 5187 1565 5243 877
1587 5186 1620 5242 in
1643 5186 1724 5243 einer
1751 5182 1894 5244 Urlrnnde
1916 5181 2008 5241 Karle
2024 5181 2052 5240 d.
2069 5181 2109 5240 K.
2128 5219 2131 5228 .

569 5292 700 5364 pnronnt
724 5283 883 5370 (lleerord
905 5287 924 5347 l.
949 5304 972 5346 e.
996 5290 1059 5348 124
1080 5295 1115 5344 n⁰
1136 5289 1187 5359 56,
1217 5288 1347 5347 Bolmer
1367 5288 1441 5362 Ray.
1465 5289 1570 5348 Kerol.
1594 5287 1702 5364 1815),
1737 5305 1801 5346 reor
1828 5288 1905 5346 oller
1926 5286 2031 5346 Beeilr
2057 5301 2111 5343 eon

572 5393 616 5454 Sl.
640 5393 758 5464 Berlin,
793 5409 856 5452 war
883 5393 954 5452 eber
985 5391 1061 5450 neele
1088 5390 1145 5450 den
1177 5393 1219 5450 im
1247 5396 1299 5453 11.
1324 5390 1378 5453 Jlr.
1410 5389 1577 5463 versasslen
1605 5391 1843 5464 Forlsslranpen
1876 5390 1929 5448 der
1957 5388 2112 5448 Miraonla

570 5515 595 5558 e.
618 5497 740 5556 Bertini
764 5497 799 5574 (e.
824 5498 875 5566 45,
899 5498 951 5567 46,
976 5498 1027 5565 17,
1049 5492 1093 5552 Μ.
1114 5492 1151 5556 (l.
1169 5494 1222 5555 SS.
1247 5497 1298 5566 15,
1322 5493 1398 5573 518)
1430 5494 1494 5552 and
1515 5494 1592 5552 neele
1614 5492 1671 5551 den
1693 5493 1908 5566 Errillrlanpen
1930 5492 1980 5550 des
2003 5493 2037 5549 in
2059 5490 2113 5549 der

571 5605 667 5661 ersten
687 5598 795 5672 Hdlfle
817 5600 866 5660 cles
890 5602 941 5661 12.
957 5597 1010 5659 Jlr.
1027 5598 1165 5658 islanden
1188 5597 1290 5659 Simon
1313 5596 1558 5672 (Gslrarcl178,
1582 5600 1645 5658 190
1667 5603 1702 5655 rs⁰
1716 5599 1746 5666 9,
1770 5599 1822 5668 18,
1845 5597 1893 5656 die
1916 5595 2030 5655 lrlrlere
2051 5612 2113 5653 ner

571 5722 628 5765 oue
651 5705 708 5763 den
729 5703 884 5764 Mirareris
904 5704 1132 5763 elnnomrnrne
1154 5700 1241 5761 Stella
1263 5702 1340 5761 arcis
1360 5701 1404 5762 Μ.
1426 5701 1461 5762 G.
1480 5701 1604 5772 SS.13,
1629 5703 1704 5776 640)
1727 5699 1854 5772 riolfocle
1873 5699 2112 5774 paroollllrltliqen

545 5891 605 5948 295.
623 5893 652 5958 y)
669 5891 736 6012 illup
752 5887 801 6012 ᾗ),
814 5895 847 6010 δι
864 5889 922 5940 illio
940 5886 976 5942 0²
1037 5889 1078 6010 ἔ)
1095 5893 1237 6009 vestrqqpe
1255 5885 1343 6008 0:10}²
1364 5960 1370 5972 1
1420 5890 1446 5955 s)
1463 5888 1554 6011 liBglitur
1572 5905 1646 5972 mens
1665 5883 2055 6009 “imm-Bss’lniffimpidg‘
2072 5883 2110 5937 B¹

624 5963 652 6100 pp
662 5959 757 6083 l{azeroth
774 5958 943 6097 immmpip
954 5964 1048 6082 qppto²
1077 5974 1162 6096 ,ιιοῶ
1178 6041 1211 6080 ω
1228 6025 1275 6080 Bi.
1297 5958 1307 6024 )
1334 5963 1449 6010 strantes
1585 5960 1612 6026 e)
1628 5963 1796 6027 imperatoris
1815 5971 1847 6008 ve
1876 5953 1894 6022 Ι

1895 6129 1945 6178 oe*
