5642 7159
642 749 709 815 414
1248 756 1679 816 KAlSIlBUltKUNDEN.

644 940 736 1025 illud,
766 941 854 1026 quod
877 941 990 1007 datum
1012 948 1064 1005 est
1085 939 1238 1024 ecclesie,
1268 940 1341 1025 deo,
1365 942 1421 1028 qui
1444 943 1514 1008 eius
1537 952 1589 1008 est
1611 964 1763 1028 sponsus,
1793 943 1908 1030 procul
1933 943 2034 1010 dubio
2058 945 2208 1010 offertur.
2257 944 2309 1010 Et

644 1045 720 1110 ideo
745 1044 847 1110 semel
876 1067 950 1110 mea
972 1044 1131 1110 memoria
1158 1045 1340 1111 novissima
1367 1045 1532 1132 religiosis
1563 1046 1670 1112 sancti
1693 1045 1876 1130 Gualarici,
1911 1047 2030 1133 quibus
2064 1056 2308 1116 antecessores

644 1151 751 1216 nostri
774 1149 979 1216 donaverunt
1001 1158 1105 1215 terras
1122 1159 1156 1215 et
1178 1149 1324 1216 dominia
1340 1151 1446 1236 plura,
1470 1161 1503 1216 et
1517 1172 1578 1216 nos
1601 1172 1659 1238 pro
1675 1151 1859 1218 animarum
1881 1162 2066 1218 nostrarum
2091 1161 2124 1217 et
2147 1153 2308 1217 omnium

643 1274 759 1338 regum
781 1254 1004 1341 redemptione
1033 1252 1183 1320 dedimus
1205 1264 1273 1322 tres
1301 1254 1398 1320 villas
1421 1258 1455 1321 in
1483 1278 1580 1341 pago*
1594 1255 1750 1339 Vidmau,
1787 1278 1850 1342 que
1877 1253 2059 1342 vulgariter
2081 1257 2309 1322 nominantur

645 1357 810 1443 Tilloyan,
843 1357 1085 1425 Boussevillam
1115 1369 1148 1424 et
1170 1358 1280 1443 Nibat,
1316 1381 1391 1425 cum
1422 1359 1574 1425 omnibus
1602 1360 1759 1426 membris
1791 1360 2042 1447 pertinentibus.
2086 1361 2180 1427 Bene
2209 1363 2306 1426 enim
2333 1377 2351 1426 6

646 1461 740 1528 decet
766 1463 912 1548 regalem
939 1465 1157 1547 maiestatem,
1191 1473 1228 1530 ut
1255 1464 1344 1530 bono
1367 1464 1424 1530 fini
1453 1465 1647 1532 adiiciamus
1677 1465 1752 1549 biis,
1786 1465 1906 1552 quibus
1933 1476 2159 1533 antecessores
2191 1467 2309 1531 nostri

646 1565 852 1631 donaverunt
873 1567 970 1633 dictis
985 1567 1161 1654 religiosis,
1185 1567 1304 1655 quibus
1320 1578 1352 1635 et
1374 1570 1492 1634 iterum
1514 1569 1742 1636 concessimus
1757 1591 1817 1656 pro
1841 1570 1964 1637 eisdem
1988 1570 2055 1637 suis
2079 1570 2309 1636 servitoribus

646 1678 678 1734 et
700 1669 930 1756 familiaribus,
952 1682 990 1738 ut
1012 1681 1135 1759 queant
1157 1675 1205 1738 ire
1227 1682 1261 1738 et
1282 1674 1394 1739 venire
1416 1672 1450 1738 in
1473 1674 1562 1738 omni
1584 1671 1764 1738 franchisia
1787 1681 1820 1737 et
1835 1671 1988 1739 libertate
2010 1675 2045 1738 in
2068 1673 2156 1737 omni
2182 1682 2308 1738 nostro

644 1795 746 1859 regno
770 1776 933 1842 Franciae
948 1785 982 1841 et
1004 1779 1145 1843 caeteris
1162 1779 1257 1842 terris
1280 1786 1313 1843 et
1329 1777 1495 1858 dominiis,
1519 1800 1604 1863 quae
1627 1787 1705 1842 sunt
1728 1786 1761 1842 et
1783 1785 1879 1843 erunt
1900 1779 1934 1842 in
1956 1778 2100 1844 futurum
2124 1777 2158 1841 in
2183 1785 2311 1843 nostra

647 1876 836 1944 obedientia
858 1889 892 1943 et
915 1879 1130 1963 subiectione,
1159 1889 1193 1945 et
1215 1880 1256 1947 de
1277 1883 1421 1948 Francia
1443 1883 1476 1946 in
1500 1882 1665 1967 Angliam‚
1694 1883 1727 1946 iu
1751 1880 1910 1957 Scotiam,
1938 1882 2183 1970 Aequitaniam,
2209 1881 2309 1948 Alle·
2338 1901 2372 1949 ln

645 1982 801 2068 maniam,
831 1981 1026 2050 leandiam
1049 1994 1083 2050 et
1105 1986 1321 2070 Noroergiam
1350 2009 1391 2052 ac
1414 1986 1447 2051 in
1472 1985 1623 2052 omnibus
1653 1985 1727 2052 aliis
1749 1985 1832 2052 locis
1860 1986 2124 2073 quibuscumque
2148 1988 2220 2052 sint
2243 2009 2313 2073 per

645 2109 736 2153 mare
761 2087 831 2153 sive
850 2108 911 2174 per
932 2098 1054 2154 terram
1070 2100 1103 2155 et
1126 2090 1167 2156 de
1183 2090 1362 2177 praedictis
1386 2091 1468 2156 locis
1484 2093 1604 2158 reverti
1628 2093 1662 2156 in
1677 2091 1863 2174 Franciam,
1887 2101 2020 2177 portare
2039 2101 2072 2156 et
2094 2100 2273 2176 reportare
2281 2087 2312 2169 b,

647 2214 786 2257 onerare
808 2201 842 2258 et
857 2215 1049 2278 exonerare,
1071 2195 1217 2261 vendere
1232 2204 1265 2260 et
1288 2218 1396 2260 emere
1411 2217 1526 2261 omues
1549 2196 1754 2262 mercennias
1770 2196 2004 2261 convenientes
2029 2216 2087 2282 pro
2105 2216 2168 2260 usu
2186 2217 2315 2260 eorum

647 2306 681 2361 et
702 2297 849 2382 ipsorum
865 2299 1060 2364 servitorum
1084 2308 1117 2364 et
1131 2298 1352 2382 familiarium,
1375 2298 1502 2386 absque
1523 2310 1634 2365 tamen
1657 2299 1746 2386 quod
1765 2300 1829 2384 ipsi
1852 2308 2026 2365 teneantur
2048 2299 2178 2365 solvere
2203 2298 2314 2364 nobis

646 2401 700 2467 vel
722 2403 843 2468 nostris
867 2402 1116 2469 successoribus
1140 2427 1246 2491 neque
1269 2403 1364 2470 alteri
1386 2426 1549 2490 personae
1571 2403 1708 2492 aliquod
1730 2404 1900 2483 tributum,
1926 2403 2110 2470 subsidium
2134 2405 2209 2469 sive
2226 2425 2312 2488 pas·
2341 2421 2375 2468 15

648 2506 778 2592 sagium
800 2516 859 2572 aut
882 2506 1028 2593 aliquam
1051 2507 1150 2572 aliam
1174 2510 1383 2575 exactionem
1405 2510 1470 2575 nisi
1493 2509 1742 2576 retributionem
1766 2509 1923 2576 divinam.
1952 2509 1997 2572 Et
2018 2531 2059 2573 ne
2083 2507 2210 2594 aliquis
2237 2509 2314 2573 suis

647 2612 794 2697 peccatis
817 2612 1038 2698 exigentibus,
1072 2613 1162 2699 quod
1191 2613 1289 2699 absit,
1322 2614 1404 2681 illud
1432 2615 1555 2681 donum
1578 2614 1704 2680 violare
1733 2625 1936 2700 praesumat,
1971 2612 2058 2677 idem
2083 2612 2223 2677 firmum
2248 2634 2316 2697 per

647 2725 780 2781 nostras
803 2715 916 2782 literas
940 2716 1125 2784 stabilimus
1149 2740 1224 2785 cum
1247 2721 1447 2806 presentium
1470 2719 1606 2785 inferius
1629 2719 1872 2785 nominatorum
1897 2717 2084 2804 signaturis.
2124 2713 2315 2781 Rolandus

648 2831 681 2888 et
704 2821 881 2890 Oliverius.

750 2961 876 3029 Datum
898 2962 1100 3050 Aquisgrani
1133 2962 1257 3051 palatio
1286 2985 1373 3029 anno
1408 2962 1451 3029 ab
1481 2964 1708 3029 incarnatione
1742 2962 1865 3029 domini
1895 2960 2169 3045 octingentesimo
2202 2981 2317 3043 nono,
2343 2979 2380 3026 ao

647 3065 827 3132 indictione
843 3088 941 3152 nona,
963 3067 1170 3154 praesidente
1185 3068 1355 3134 Romanae
1379 3069 1449 3133 sedi
1471 3090 1561 3154 papa
1577 3068 1705 3150 Leone3
1729 3067 1762 3130 in
1785 3065 1916 3131 nomine
1940 3064 2063 3130 domini
2085 3065 2195 3128 nostri
2219 3064 2318 3129 Iesu.

750 3189 823 3274 Ego
845 3189 969 3257 Paulus
993 3189 1152 3256 diaconus
1175 3200 1209 3256 et
1232 3191 1428 3256 secretarius
1450 3191 1629 3275 recognovi
1653 3197 1686 3254 et
1710 3187 1899 3274 subscripsi.

1437 3484 1524 3558 279.

1387 3627 1566 3707 (Uaccus.)

648 3767 744 3839 Kurl
771 3769 835 3840 ἄεν
867 3767 995 3841 Grossc
1027 3769 1171 3840 vernias
1203 3770 1282 3840 dem
1308 3768 1452 3840 Kloster
1478 3767 1625 3840 Fuldn
1658 3768 1714 3839 dte
1741 3765 1896 3837 Zelateu
1931 3787 1996 3836 noa
2029 3763 2152 3834 deseca
2191 3763 2325 3838 Villae
2351 3789 2388 3837 ss

649 3892 724 3963 aad
750 3893 818 3962 den
845 3889 985 3979 dorcas
1004 3891 1206 3981 casdesipea
1233 3889 1393 3981 Horipca
1420 3891 1496 3961 aad
1525 3887 1685 3960 Colonen.

1861 3990 1982 4049 Auclrea
2005 3991 2068 4048 810
2091 3989 2188 4062 April
2213 3994 2274 4051 22.

752 4183 944 4256 Aapeblictes
974 4182 1112 4257 original
1141 4183 1191 4242 des
1219 4186 1250 4245 9.
1273 4181 1326 4242 Jlr.
1351 4180 1416 4259 (A).
1451 4213 1494 4224 -
1528 4178 1597 4241 oon.
1621 4179 1793 4240 Εᾶενᾶανᾶἰ
1820 4196 1877 4238 aas
1904 4177 1956 4237 ἄεν
1978 4177 2067 4236 Mitte
2094 4176 2147 4237 dcs
2172 4183 2233 4241 12.
2261 4182 2326 4244 Jls.

754 4293 771 4348 1
797 4286 822 4361 f.
845 4286 897 4349 79¹
920 4286 970 4367 (0)
992 4288 1058 4346 aad
1080 4291 1144 4349 102
1166 4281 1225 4365 (0¹)
1249 4288 1292 4345 im
1314 4286 1520 4348 Staotserelvio
1541 4303 1581 4344 aa
1604 4284 1762 4357 Martum.

754 4429 905 4491 Schaanut
921 4429 1000 4488 Hist.
1017 4428 1107 4488 Fuld.
1123 4432 1154 4500 2,
1179 4429 1221 4488 83
1244 4431 1311 4487 21⁰9
1336 4443 1372 4485 ee
1393 4427 1485 4484 εᾶενε·
1507 4441 1609 4498 ἄρσεν.
1628 4421 1693 4502 (D).
1719 4454 1758 4465 -
1782 4422 1903 4481 Dronke
1921 4419 1983 4481 OD.
1999 4419 2091 4480 Fald.
2109 4421 2179 4480 127
2195 4429 2236 4480 ss⁰
2250 4427 2328 4484 247
2352 4441 2389 4489 so

753 4551 810 4592 aas
838 4531 877 4591 A.
912 4566 954 4574 —
988 4533 1120 4606 Herqaet
1149 4530 1231 4604 spec.
1256 4531 1328 4604 dipl.
1351 4529 1444 4589 Falci.
1469 4530 1510 4590 15
1540 4546 1597 4587 aas
1621 4526 1660 4587 A.
1699 4559 1737 4569 —-
1774 4527 1863 4586 Face.
1889 4525 2020 4600 Herqaet
2043 4524 2062 4584 l.
2086 4540 2110 4582 c.
2139 4525 2174 4584 Τ.
2205 4530 2239 4587 6.
2280 4563 2329 4572 -

753 4637 949 4696 Malibaclrer
970 4638 1043 4710 Ray.
1067 4638 1131 4696 448
1155 4631 1254 4713 (438).

753 4777 792 4848 Δ,
814 4795 894 4850 puna
908 4793 964 4836 roa
985 4778 1067 4835 εἰνεν
1081 4776 1175 4835 Hand
1187 4775 1381 4850 pesenacum,
1404 4774 1548 4844 aarum,
1572 4773 1734 4846 ollsrdtnps
1749 4771 1829 4831 nicht
1852 4771 1907 4829 orit
1922 4769 2135 4830 sandalidum
2152 4768 2328 4848 Gesclrs'cls,

754 4884 802 4942 dic
824 4881 1048 4956 diplomatisclrc
1070 4879 1185 4951 Sclsrift
1207 4880 1261 4939 der
1282 4882 1379 4938 ersten
1401 4875 1508 4950 Hdlste
1536 4877 1586 4936 des
1609 4881 1639 4937 9.
1663 4874 1716 4935 Jt.
1739 4875 1971 4934 auchsauhmea.
2017 4873 2133 4932 Awar
2156 4877 2246 4936 auch
2271 4879 2330 4939 die

760 4987 882 5061 Vorluqe
910 4985 965 5059 far
986 4985 1161 5058 Eberhard,-
1197 4984 1357 5059 abysssum
1384 5000 1441 5041 voa
1469 4979 1715 5040 anwcscntliclsca
1740 4979 1809 5038 aad
1835 4980 1899 5037 hier
1929 4978 2009 5037 nictit
2036 4977 2231 5040 cameracen
2255 4984 2326 5044 Ab·
2353 4997 2390 5046 ss

754 5093 945 5165 weictanpen
965 5090 1036 5150 sind
1057 5089 1106 5148 die
1126 5089 1344 5162 Aenderanqos
1366 5086 1431 5145 aad
1454 5085 1584 5144 Zasotse
1607 5081 1662 5156 fstr
1683 5084 1765 5142 seiae
1786 5082 1892 5143 Mache
1914 5081 2187 5143 churokteristisclr.
2233 5085 2328 5149 Duos

755 5196 908 5257 δᾶιανινεαᾶ
923 5197 988 5255 eine
1010 5194 1119 5254 andere
1139 5192 1382 5264 Ueterlieferunp
1405 5189 1452 5249 als
1467 5188 1497 5247 A
1519 5188 1639 5247 tauta
1660 5187 1743 5257 tabe,
1767 5188 1807 5246 ist
1826 5187 1976 5246 duretaus
1999 5184 2328 5266 accommodatior»,-

753 5304 820 5363 aeia
844 5302 918 5361 Text
940 5302 1064 5370 stimant,
1092 5298 1272 5358 aamcntltcls
1294 5296 1371 5355 auctr
1393 5296 1426 5352 in
1449 5293 1506 5352 dea
1527 5291 1655 5362 Nausea,
1688 5307 1788 5364 persae
1810 5292 1866 5350 mit
1889 5289 1928 5362 A,
1961 5307 2023 5348 aar
2044 5291 2078 5348 ia
2100 5290 2203 5350 anem
2229 5294 2331 5357 Falla

757 5409 847 5485 (Note
870 5406 896 5485 c)
928 5408 1070 5465 dictator
1099 5406 1165 5464 ciac
1192 5404 1283 5462 altere
1305 5402 1398 5460 Form
1428 5398 1479 5457 ἄεν
1501 5395 1729 5467 Constructas,-
1766 5394 1806 5453 du
1828 5411 1861 5452 εν
1890 5394 1967 5454 auct
1993 5394 2028 5451 ia
2050 5393 2147 5451 daem
2177 5397 2332 5459 anderen

754 5513 842 5572 Folle
866 5511 912 5591 (in
932 5516 967 5570 νυ
979 5507 1058 5588 287)
1082 5509 1139 5567 dea
1162 5508 1223 5566 itm
1244 5503 1450 5577 eorliependen
1468 5503 1540 5562 Text
1564 5500 1774 5576 eipeamdcttip
1797 5498 1966 5568 emeadtrte,
1991 5498 2030 5556 ist
2051 5497 2130 5556 caelu
2152 5497 2237 5572 tier,
2264 5506 2331 5564 wie
2354 5520 2394 5570 40

753 5619 844 5678 schoa
866 5615 970 5688 dictet,
994 5616 1066 5688 Rcy.
1083 5616 1148 5673 294
1170 5613 1211 5672 K.
1226 5611 1300 5680 224,
1324 5609 1442 5679 metnte,
1466 5606 1513 5666 die
1536 5605 1692 5666 Aaaatme
1714 5603 1879 5676 boccttipt,
1903 5603 1973 5661 dass
1996 5601 2045 5660 dic
2066 5598 2332 5681 Abwcicluaness

755 5725 798 5781 im
820 5720 980 5791 Protolsoll,
1004 5720 1053 5778 dic
1075 5716 1207 5788 Beipatc
1228 5716 1281 5774 der
1295 5714 1478 5782 Invocatioa,
1502 5711 1556 5769 der
1576 5711 1657 5769 aiclrt
1679 5707 1791 5768 elamat
1813 5708 1935 5780 ricdtipe
1951 5705 2137 5778 Kaisestitcl,
2163 5707 2220 5768 ἄνέ
2236 5711 2331 5774 Ans.

755 5828 917 5899 lassanpea
944 5826 978 5882 ia
1007 5824 1061 5882 der
1082 5821 1246 5894 Dotiranq,
1281 5820 1329 5878 die
1355 5817 1603 5891 Richtiqstellaap
1631 5816 1683 5875 der
1711 5814 1864 5874 Indictioa
1892 5813 1964 5887 (ind.
1988 5812 2095 5870 111:
2120 5811 2203 5890 810)
2238 5820 2334 5879 seim

756 5933 876 6006 εἰρενιενε
903 5929 1156 5999 Vertesseranpea
1176 5926 1265 5984 scien.
1291 5959 1332 5968 -
1355 5925 1537 5997 Falernum,
1561 5923 1594 5980 ia
1618 5921 1715 5980 dieser
1729 5920 1824 5979 Form
1845 5919 1900 5976 mit
1924 5915 1990 5975 dem
2005 5915 2124 5976 Nomen
2148 5914 2206 5977 des
2225 5921 2332 5984 Abies

730 6083 788 6140 278.
809 6083 837 6150 b)
855 6087 1008 6148 reaportars
1025 6077 1059 6132 B.
2360 6079 2396 6128 lt
