5642 7159
636 767 676 831 12
1240 765 1676 828 KAISERURKUNDEN.

633 973 708 1037 illas
731 971 879 1039 colonias
901 973 936 1036 in
953 970 1150 1037 Acebrslido
1174 982 1207 1037 et
1225 971 1362 1038 Walion
1385 980 1419 1037 et
1433 971 1523 1036 illem
1547 975 1729 1037 warinnam
1746 972 1903 1054 fiscalem,
1927 995 1986 1059 per
2003 996 2100 1059 quam
2122 975 2180 1040 illa
2202 997 2282 1040 ruca

634 1075 837 1142 consuetudo
861 1084 911 1140 est
932 1074 1072 1150 trabere,
1095 1097 1193 1160 quam
1216 1075 1385 1160 adipeam
1407 1073 1522 1140 villum
1537 1075 1744 1141 Teudbertus
1765 1077 1878 1160 tenuit,
1902 1088 1936 1143 et
1958 1077 2115 1163 quicquid
2137 1101 2158 1143 a
2180 1079 2280 1163 longo

633 1188 781 1264 tempore
804 1177 978 1263 adipeam
1000 1176 1112 1242 villam
1129 1177 1171 1241 ab
1194 1188 1292 1244 antea
1308 1178 1370 1243 fuit
1393 1187 1565 1263 aspectum
1587 1179 1640 1244 vel
1664 1201 1864 1265 possessum,
1887 1204 1948 1268 per
1969 1193 2116 1249 nostram
2140 1187 2281 1250 auctori·

632 1293 734 1350 tatem
763 1283 815 1348 vel
839 1283 1121 1349 confirmationem
1150 1293 1183 1348 et
1205 1305 1263 1369 pro
1296 1283 1477 1349 stabilitate
1499 1286 1592 1370 regni
1620 1287 1725 1351 nostri
1747 1286 1781 1350 in
1810 1286 1862 1351 dei
1885 1287 2017 1352 nomine
2040 1286 2084 1350 ad
2105 1288 2179 1372 ipsa
2201 1309 2281 1352 casa

635 1389 742 1454 sancti
765 1388 920 1472 Dyonisii
939 1409 1026 1473 sepe
1050 1388 1139 1454 dicta
1167 1388 1245 1453 villa
1270 1386 1498 1452 Taberniacus
1526 1390 1713 1454 cumomni
1744 1390 1933 1474 integritate
1955 1388 2009 1456 vel
2033 1389 2199 1456 soliditate
2222 1414 2282 1457 sua
2304 1407 2321 1456 5

639 1490 705 1576 [sit]
726 1514 889 1558 concessa
904 1491 956 1558 vel
973 1492 1178 1558 confirmata.
1210 1493 1254 1557 Et
1271 1491 1428 1578 quiequid
1443 1491 1562 1557 exinde
1578 1494 1649 1579 ipse
1664 1502 1773 1558 rector
1787 1492 1841 1557 vel
1856 1493 1930 1577 ipsu
1946 1495 2158 1576 congregatio
2177 1493 2281 1559 sancti

636 1597 792 1681 Dyonisii
825 1597 934 1663 lacere
962 1597 1136 1681 voluerint,
1171 1595 1308 1672 liberam
1340 1604 1372 1660 et
1405 1595 1627 1661 firmissimam
1654 1601 1689 1662 in
1723 1596 1875 1661 omnibus
1905 1594 2051 1661 habeant
2083 1606 2281 1680 potestatem

635 1699 779 1768 faciendi
814 1710 846 1766 et
868 1723 927 1787 per
949 1701 1045 1766 huius
1079 1710 1192 1767 nostre
1214 1700 1422 1765 auctoritatis
1451 1708 1560 1764 teneat
1594 1701 1740 1785 vigorem
1768 1711 1977 1785 nuncupatus
1999 1699 2165 1767 Fulradus
2194 1701 2282 1768 abba

636 1805 865 1872 confirmatam
894 1808 929 1870 in
950 1805 1020 1870 iure
1049 1813 1082 1870 et
1105 1803 1329 1871 dominatione
1358 1826 1418 1868 sua
1440 1826 1516 1868 cum
1543 1804 1596 1870 dei
1618 1813 1651 1869 et
1677 1814 1790 1869 nostra
1813 1806 1921 1886 gratia
1949 1804 1993 1870 ad
2020 1814 2147 1890 partem
2176 1811 2281 1871 saneti

636 1906 799 1992 Dycuisii.
838 1907 884 1972 Et
898 1916 935 1972 ut
950 1903 1043 1973 evisl
1067 1930 1107 1972 ac
1125 1903 1264 1994 [futuris]
1290 1905 1492 1991 temporibus
1507 1916 1641 1973 maneat
1655 1906 1894 1990 inconvulsum,
1918 1928 2017 1974 manu
2032 1918 2146 1974 nostra
2170 1908 2282 1976 subter
2306 1927 2337 1975 10

636 2035 708 2078 eam
731 2010 935 2077 decrevimus
958 2011 1123 2076 affirmare
1146 2020 1179 2075 et
1201 2009 1299 2075 anulo
1323 2017 1448 2083 nostro¹
1463 2010 1617 2095 sigillare.

736 2150 874 2235 Signum
897 2154 963 2228 (Μ.)
989 2148 1144 2232 <illustris
1167 2146 1247 2232 viri>
1276 2148 1386 2213 domni
1416 2141 1485 2232 <et>
1510 2147 1661 2234 Pippini⁰
1681 2147 1911 2232 gloriosissimi
1933 2152 2031 2234 regis.

736 2270 927 2336 Widmarus
950 2271 1060 2334 iussus
1083 2272 1284 2354 recognovit.

736 2409 827 2475 Data
849 2432 936 2475 anno
958 2410 1055 2475 tertio
1079 2410 1171 2493 regni
1194 2409 1307 2491 nostri,
1332 2406 1502 2473 Vermeria
1524 2410 1557 2472 in
1580 2407 1715 2493 palatio.

1439 2700 1475 2775 8.
2305 2735 2335 2783 is

631 2861 767 2953 Pippio
800 2859 938 2932 5555515
971 2861 1048 2930 dem
1082 2858 1226 2930 Klostcr
1259 2857 1316 2929 St.
1346 2856 1484 2930 Deoia
1517 2859 1584 2930 655
1617 2880 1730 2950 555555
1765 2855 2005 2930 Hoolroerrots
2039 2860 2280 2951 eiupeeopenen

637 2981 701 3052 Ort
727 2983 803 3054 556
829 2982 893 3053 dos
919 2978 1059 3051 Kastell
1085 2977 1136 3050 St.
1166 2979 1296 3050 Milies
1321 2980 1371 3049 im
1404 2977 1486 3050 Gau
1512 3003 1578 3052 555
1612 2978 1767 3052 Verrius.

1804 3100 1981 3176 Gomptepne
2004 3105 2065 3162 755
2090 3101 2160 3161 Just
2183 3105 2234 3162 29.

739 3311 879 3384 05555551
900 3312 944 3370 tm
964 3310 1211 3370 Nutiooolorclrio
1232 3327 1273 3368 55
1295 3308 1388 3367 Poris
1411 3307 1475 3383 (A).

735 3450 865 3510 Doublet
888 3450 969 3511 Hist.
993 3449 1029 3508 65
1052 3448 1095 3509 St.
1119 3448 1221 3523 115555
1244 3450 1316 3508 696.
1340 3476 1382 3490 -
1404 3447 1543 3505 Fetibieo
1565 3446 1646 3506 Hist.
1669 3445 1705 3503 dc
1726 3445 1769 3517 St.
1793 3446 1895 3520 Deoys
1914 3416 1974 3519 pr.¹
1987 3448 2031 3505 25
2053 3448 2149 3505 5136
2172 3462 2229 3504 aas
2250 3445 2279 3504 Α
2301 3455 2335 3503 55

733 3576 775 3607 =
800 3547 1290 3622 051555511555655555555511,
1313 3554 1388 3621 274,
1411 3553 1442 3611 2.
1459 3544 1556 3621 5621,
1581 3553 1633 3620 96,
1656 3571 1698 3602 =
1722 3548 1857 3623 Boaquet
1873 3550 1903 3619 5,
1928 3551 1993 3608 702
2006 3554 2040 3606 50
2055 3553 2083 3620 7,
2107 3571 2148 3602 =
2173 3549 2279 3622 1115555

732 3655 923 3726 Petrossa,
948 3656 1034 3716 1528
1056 3660 1090 3712 5ο
1110 3658 1161 3714 16.
1192 3686 1229 3697 -
1261 3651 1378 3724 Turdis
1395 3652 1479 3711 1155.
1502 3653 1571 3713 trist.
1595 3655 1638 3711 47
1658 3656 1693 3708 52
1712 3654 1754 3711 56
1776 3668 1833 3710 555
1856 3650 1894 3713 Α.
1923 3682 1966 3696 -
1987 3650 2184 3709 5165155555
2205 3651 2277 3723 Res.

735 3763 777 3821 78
800 3761 877 3835 (76).

737 3898 825 3957 Gonu
853 3915 910 3957 555
932 3898 1011 3958 usus
1036 3897 1232 3971 oeschrieben,
1273 3895 1671 3968 7565555555551565555555
1700 3895 1873 3965 5515555555,
1909 3897 1958 3954 eiu
1981 3895 2067 3954 15551
2095 3895 2278 3968 5155115555·

732 4002 977 4062 oittoosaeicbens
1005 4002 1168 4071 verwisett,
1203 4001 1251 4058 die
1279 3999 1524 4072 Dattrunpsseite
1551 4000 1701 4071 55515555,
1735 4000 1903 4073 15565555
1932 3998 1988 4071 frtr
2013 4000 2061 4058 die
2093 4005 2168 4060 erste
2198 4000 2278 4059 Zeile
2300 4015 2333 4064 25
2412 4037 2415 4041 <

735 4106 800 4165 556
822 4106 870 4164 die
891 4105 1056 4178 Datiraup.
1080 4137 1123 4149 -
1144 4105 1199 4164 Ats
1226 4103 1350 4176 Vortope
1378 4101 1434 4174 fur
1455 4102 1504 4161 die
1526 4103 1648 4177 Areopa
1676 4103 1742 4163 556
1763 4103 1821 4162 655
1843 4102 1964 4163 6551555
1986 4104 2084 4162 665555
2106 4105 2154 4162 die
2175 4105 2278 4164 Η555-

736 4208 974 4268 555555555565
996 4209 1125 4282 Pipps'os
1149 4207 1205 4280 ss'tr
1226 4207 1270 4268 St.
1293 4206 1389 4266 Deoia
1412 4206 1459 4270 Μ.
1487 4207 1524 4268 G.
1548 4208 1620 4268 DD.
1643 4209 1768 4269 1115555.
1791 4210 1856 4267 108
1877 4213 1911 4266 50
1929 4210 1984 4270 23.
2007 4240 2049 4251 -
2071 4207 2135 4268 Der
2158 4208 2278 4269 Schtuss

733 4312 786 4370 der
799 4297 1072 4384 Pertioeneformel
1093 4329 1157 4370 cum
1180 4311 1259 4386 ipsos
1282 4309 1485 4388 clericosqui
1508 4311 1612 4371 ibidem
1636 4312 1778 4372 deservire
1800 4312 1938 4371 riduutur
1959 4312 2071 4371 5555555
2085 4331 2126 4372 au
2141 4314 2276 4386 5555555,

732 4415 803 4475 6555
826 4415 972 4475 euclides
994 4433 1035 4474 su
1051 4415 1169 4488 Bepinn
1192 4415 1241 4473 655
1257 4416 1287 4474 8.
1305 4413 1359 4474 Jh.
1377 4430 1434 4472 555
1456 4415 1552 4472 ciuem
1567 4415 1681 4473 555555
1703 4414 1859 4487 Wulfootd
1881 4433 1931 4473 am
1946 4415 2045 4475 selben
2063 4414 2117 4475 Ort
2130 4415 2279 4490 pestistete

732 4519 913 4578 1155555555
940 4519 994 4577 der
1015 4518 1193 4591 6555515555
1221 4515 1453 4589 mitiobeprs'ffen
1480 4535 1553 4579 soor.
1597 4518 1678 4576 Aber
1705 4518 1760 4577 655
1782 4518 1904 4578 Kloster
1926 4518 1969 4581 st.
1993 4519 2102 4578 Mssiet
2128 4521 2334 4581 5555515550

732 4623 812 4682 Kort
834 4623 863 4682 6.
888 4623 953 4693 Gr„
977 4621 1029 4681 der
1050 4622 1112 4680 ilum
1136 4623 1200 4681 772
1222 4620 1270 4679 dte
1292 4637 1348 4679 555
1370 4620 1485 4692 Pippiu
1506 4620 1667 4679 uerlielrene
1689 4622 1870 4680 Immuoitst
1891 4624 2039 4696 bestctts'pt,
2062 4623 2126 4681 und
2148 4622 2278 4698 5565565

733 4728 763 4787 6.
780 4727 817 4787 F.
841 4726 1023 4800 selbstdndiy
1046 4726 1111 4784 556
1124 4730 1184 4785 erst
1205 4728 1295 4784 anter
1308 4723 1425 4783 Lethes
1439 4725 1463 4783 Ι
1478 4726 1556 4784 eoiret
1577 4743 1633 4785 555
1656 4724 1811 4787 85115555
1834 4727 1884 4783 ein
1898 4726 2129 4800 wirtunqsloser
2150 4729 2277 4788 Verrunt

729 4831 871 4905 55555555,
906 4831 956 4889 ein
978 4830 1160 4890 Besitereclst
1190 4828 1255 4901 uus
1278 4828 1322 4892 St.
1346 4828 1453 4888 uestes
1479 4831 1588 4889 wieder
1608 4819 1668 4889 e'ssr
1692 4830 1821 4904 Geltunp
1853 4848 1895 4889 55
1917 4832 2050 4907 5515555,
2084 4831 2278 4892 1165155655

732 4935 806 5008 sen.
831 4939 915 4996 1110
939 4935 1050 5010 (1075)
1072 4934 1126 5008 opt.
1151 4933 1340 5007 structure.
1363 4936 1426 4994 231
1449 4934 1485 4993 K
1504 4937 1555 4994 13.

733 5141 794 5215 (0.)
817 5139 831 5221 ξ
853 5137 1011 5222 Pippinus
1035 5159 1095 5201 rex
1118 5137 1321 5202 Francorum
1350 5137 1399 5200 vir
1421 5135 1568 5202 inluster.
1591 5136 1606 5222 ’ᾖ
1709 5152 1818 5204 Summa
1840 5169 1904 5204 eura
1927 5159 1954 5204 et
1975 5169 2096 5205 munna
2118 5154 2275 5205 sulecetndo
2298 5155 2331 5204 35

631 5257 711 5309 deret
723 5272 781 5308 esse
793 5258 958 5322 princepum,
974 5261 1006 5306 ut
1017 5271 1057 5319 ea,
1073 5271 1142 5322 quae
1154 5271 1171 5306 a
1182 5255 1372 5306 sacerdotebus
1386 5237 1506 5305 Christi
1523 5272 1571 5321 pro
1584 5262 1771 5322 oportunetate
1782 5257 1955 5308 ecclesiarum
1968 5257 2011 5308 dei
2022 5259 2122 5309 fuerint
2133 5259 2277 5324 postulata,

630 5361 753 5412 sollerter
768 5361 918 5425 perspicere
942 5365 969 5411 et
984 5375 1103 5426 congrua
1124 5360 1169 5411 uel
1184 5364 1318 5424 oportuna
1337 5361 1375 5409 eis
1391 5357 1522 5408 beneficia
1543 5375 1597 5410 non
1613 5359 1724 5423 diuiare,
1747 5359 1794 5411 sed
1809 5375 1849 5422 ea,
1871 5376 1941 5426 quae
1956 5376 2005 5426 pro
2029 5360 2071 5410 dei
2085 5363 2191 5412 intuetu
2207 5367 2277 5425 sunt,

631 5464 667 5515 ad
690 5457 835 5515 effectuma
857 5465 884 5512 in
901 5463 943 5514 dei
965 5479 1078 5514 nomene
1093 5478 1260 5528 mancepare.
1296 5463 1400 5528 Iggitur
1415 5458 1600 5531 cognuscat
1623 5449 1768 5514 omnium
1790 5448 1937 5514 fidelium
1960 5449 2012 5514 dei
2035 5459 2068 5513 et
2089 5459 2276 5516 nostrorum

630 5563 699 5619 tam
722 5553 951 5638 praesencium
985 5573 1083 5638 quem
1107 5561 1139 5615 et
1173 5552 1355 5617 futurorum
1378 5562 1564 5634 sagacem,
1599 5553 1675 5637 quia
1698 5574 1759 5618 nos
1793 5575 1853 5638 pro
1883 5552 1934 5618 dei
1965 5574 2075 5619 amore
2098 5564 2131 5618 et
2161 5564 2275 5619 saneto

630 5656 782 5722 Dionisie
805 5656 958 5742 specialis
981 5655 1112 5741 patroni
1135 5654 1250 5736 nostri,
1283 5652 1340 5719 ubi
1363 5652 1558 5720 Folleradus
1582 5655 1687 5721 abbas
1714 5665 1747 5720 et
1769 5666 1882 5721 custos
1905 5679 2059 5742 praeesse
2082 5657 2274 5738 dinuscitur,
2298 5674 2332 5722 40

629 5761 704 5828 loco
728 5761 820 5826 aleco
844 5763 878 5825 in
907 5783 994 5846 pago
1017 5757 1254 5844 Uereduuinse,
1289 5781 1374 5845 quae
1398 5757 1562 5845 apellatur
1590 5758 1633 5823 ad
1656 5759 1770 5824 Munte
1793 5769 1908 5824 sancto
1932 5759 2074 5827 Micaelo
2098 5760 2274 5844 arcangelo

732 5963 757 6018 7.
794 5965 822 6031 b)
840 5968 899 6017 eius
918 5964 945 6018 B
1048 5965 1073 6032 5)
1091 5966 1202 6032 gloriosi
1221 5967 1313 6033 Pipini
1331 5965 1365 6019 Β.

731 6069 756 6126 8.
793 6071 820 6137 a)
837 6072 943 6123 effetum
962 6071 990 6123 A
