5642 7159
695 729 760 794 426
1294 729 1735 794 KAlSERURKUNDEN.

695 920 822 1003 regiam
844 919 1002 982 forestam
1019 914 1178 980 Wavram
1200 937 1275 982 cum
1298 917 1452 983 omnibus
1469 917 1564 992 villis,
1589 940 1651 1004 que
1673 919 1707 982 in
1731 939 1770 982 ea
1793 927 1878 1000 sunt,
1903 916 2030 983 scilicet
2044 918 2205 1001 Halisca,
2233 917 2368 982 Milim·

695 1024 792 1091 brica
814 1032 847 1089 ct
866 1023 1046 1096 Brunnum,
1070 1018 1270 1085 Senberlara
1292 1029 1325 1084 et
1346 1020 1489 1085 Letoina
1511 1030 1545 1086 et
1567 1019 1710 1086 Soalnea
1733 1030 1766 1086 et
1780 1021 1917 1087 Bersela
1940 1031 1973 1088 et
1987 1021 2132 1088 Rahisco
2158 1031 2197 1088 et
2214 1019 2367 1088 Salsitlo

694 1141 727 1195 et
748 1130 839 1194 Nera
860 1136 893 1192 et
914 1125 1110 1191 Rimbamna
1132 1136 1165 1188 et
1181 1123 1267 1188 Alon
1290 1133 1323 1189 et
1344 1124 1437 1189 Urna
1461 1146 1519 1189 seu
1542 1123 1720 1190 Walciteia
1743 1134 1776 1189 et
1791 1124 1913 1190 Aldina
1935 1135 1968 1190 et
1989 1124 2136 1208 Blarica,
2160 1125 2306 1190 Netosa
2332 1135 2369 1190 et

693 1231 889 1313 Andr-atina,
912 1231 1012 1294 stiam
1035 1238 1069 1293 et
1084 1226 1277 1313 Cruptinum
1301 1238 1333 1291 et
1348 1225 1465 1292 Urinia
1487 1248 1562 1291 cum
1578 1226 1729 1292 omnibus
1753 1230 1877 1293 mansis
1901 1228 2055 1295 domibus
2077 1230 2168 1294 casis
2196 1228 2367 1294 cortibus

693 1336 829 1402 edificiis
860 1334 942 1399 olcis
970 1331 1097 1417 campis
1127 1324 1232 1415 pratis
1261 1332 1397 1416 pascuis
1421 1330 1516 1416 aquis
1544 1352 1770 1417 aquarumque
1799 1331 1992 1398 decursibus
2015 1331 2205 1398 mobilibus
2237 1343 2275 1398 et
2300 1335 2365 1397 im·
2390 1349 2406 1395 s

693 1438 879 1522 mobilibus,
903 1459 979 1503 cum
1003 1437 1089 1503 omni
1106 1437 1279 1501 venatione
1303 1444 1336 1499 et
1358 1456 1534 1521 porcorum
1551 1437 1703 1521 pastione
1727 1445 1760 1501 et
1781 1437 1915 1521 insuper
1930 1457 2058 1501 omnem
2081 1435 2243 1520 regalem
2261 1438 2365 1502 iusti·

692 1548 777 1612 ciam
793 1544 931 1627 ecclesie
956 1543 1063 1607 sancti
1078 1540 1217 1625 Remigii
1233 1540 1437 1604 Francorum
1461 1537 1603 1625 apostoli
1620 1539 1746 1624 integre
1769 1539 2029 1605 transfundimus
2052 1549 2086 1605 et
2102 1540 2365 1607 confirmamus

691 1672 765 1717 cum
789 1648 952 1729 omnibus,
977 1670 1040 1732 que
1063 1645 1107 1710 ad
1129 1646 1287 1709 forestam
1310 1643 1449 1709 eandem
1472 1644 1636 1729 pertinere
1658 1644 1820 1709 videntur.
1855 1659 1933 1711 Unde
1949 1667 1975 1711 st
1997 1662 2047 1711 hoc
2062 1667 2156 1727 nostre
2173 1663 2365 1712 auctoritatis

690 1777 844 1838 preceptum
866 1769 962 1820 exinde
984 1767 1041 1817 lieri
1063 1767 1197 1828 iussimus,
1226 1779 1273 1829 par
1295 1763 1367 1830 quod
1389 1763 1555 1813 decernimus
1577 1769 1658 1830 atque
1680 1766 1821 1826 sancimus,
1856 1771 1887 1814 ut
1908 1767 2005 1816 nostris
2027 1781 2286 1832 successorumque
2312 1784 2364 1816 no-

690 1884 805 1927 strorum
834 1874 999 1939 temporibus
1021 1872 1123 1937 prefate
1152 1886 1195 1920 res
1217 1869 1252 1919 ad
1274 1871 1451 1934 prescriptum
1474 1874 1595 1920 sanctum
1623 1870 1712 1920 locum
1734 1875 1864 1935 perpetua
1891 1871 2036 1922 stabilitate
2058 1871 2271 1922 inviolabiliter
2295 1888 2361 1938 per·
2387 1874 2420 1922 10

689 1985 815 2031 maneant
841 1978 985 2043 nullusque
1007 1976 1105 2027 habeat
1132 1979 1291 2039 potestatem
1318 1973 1414 2024 exinde
1437 1973 1539 2039 aliquid
1569 1975 1687 2024 minuere
1715 1973 1758 2023 vel
1786 1973 1950 2024 subtrahere.
1995 1974 2030 2024 st
2052 1980 2083 2024 ut
2110 1973 2163 2025 hec
2195 1977 2364 2026 auctoritas

689 2085 835 2150 pleniorem
857 2085 885 2132 in
907 2081 950 2131 dei
973 2082 1080 2130 nomina
1103 2078 1221 2129 obtineat
1243 2076 1393 2128 firmitatem
1417 2083 1443 2127 st
1465 2093 1512 2142 per
1534 2078 1626 2127 futura
1648 2083 1768 2142 tempora
1790 2079 1879 2128 verius
1902 2077 2025 2128 credatur
2056 2083 2082 2128 et
2106 2078 2282 2144 diligentius
2308 2080 2359 2130 ob-

689 2195 817 2246 servatur,
841 2201 922 2236 manu
943 2185 1053 2249 propria
1074 2183 1167 2233 subter
1189 2197 1247 2232 eam
1270 2180 1433 2231 firmavimus
1456 2187 1483 2232 et
1505 2181 1579 2232 anuli
1602 2183 1686 2232 nostri
1709 2183 1882 2246 impressione
1905 2183 2003 2248 signari
2026 2183 2166 2233 iussimus.

794 2325 905 2391 Signum
927 2323 1020 2372 Karoli
1043 2322 1204 2372 serenissimi
1227 2322 1402 2385 imperatoris.

792 2446 924 2513 Segbinus
947 2445 1068 2494 notarius
1090 2443 1210 2494 advicem
1232 2443 1380 2493 Luitwardi
1402 2446 1633 2496 archicancellarii
1654 2448 1797 2512 recognovi
1821 2439 1854 2495 ei
1876 2429 2069 2515 subscripsi.
2388 2448 2421 2495 15

791 2587 863 2636 Data
877 2590 900 2632 11
922 2584 978 2634 kal.
999 2584 1058 2633 iulii
1081 2597 1151 2634 anno
1174 2583 1208 2632 ab
1224 2583 1408 2633 incarnatione
1431 2582 1531 2633 domini
1547 2585 1698 2650 Dcccxn,
1721 2583 1867 2634 indictione
1883 2566 1949 2650 Vlb,
1973 2599 2041 2634 anno
2058 2600 2124 2635 vero
2149 2588 2237 2652 regni
2259 2586 2362 2638 domni

688 2689 782 2740 Karoli
805 2691 912 2755 augusti
933 2690 1028 2755 XLVI,
1051 2688 1155 2752 imperii
1178 2693 1267 2736 antem
1289 2688 1371 2754 X1113
1395 2693 1484 2737 actum
1509 2671 1653 2754 Leodl03
1675 2689 1704 2736 in
1726 2688 1771 2739 dei
1792 2691 1898 2740 nomine
1920 2689 2041 2740 feliciter.

1431 2929 1432 2932 ‘
1471 2964 1558 3038 aas.

1415 3106 1595 3186 (Uneeirt).

683 3248 779 3320 Korl
805 3251 869 3321 655
900 3247 1027 3320 Grosse
1060 3248 1198 3319 5565566
1230 3248 1308 3318 6555
1329 3246 1485 3318 Kioster
1509 3245 1760 3318 Reiederrac
1793 3248 1849 3317 die
1882 3246 2069 3337 6656566565
2102 3245 2209 3318 Villa
2247 3249 2354 3337 Uim,
2381 3272 2416 3320 55

684 3369 813 3442 6551566
839 3372 956 3441 556555
990 3368 1219 3440 6555556155
1244 3367 1416 3440 66566556
1448 3367 1502 3438 als
1536 3365 1620 3458 Vopt
1647 3368 1721 3438 556
1754 3366 1924 3438 65565551
1956 3369 2076 3439 655555
2103 3365 2354 3460 6565955555.

1949 3506 2058 3568 Maior
2080 3509 2146 3566 813
2171 3541 2220 3551 -
2248 3545 2305 3570 -.

786 3700 977 3774 AnoeblicVea
1002 3698 1138 3773 05556556
1160 3717 1218 3759 555
1240 3699 1294 3757 der
1315 3698 1403 3756 Mitte
1426 3698 1475 3756 655
1500 3701 1549 3758 12.
1571 3697 1624 3759 66.
1648 3699 1690 3755 im
1713 3699 1978 3758 81556555566555
2000 3695 2152 3770 &abac
2178 3697 2254 3777 (A).

784 3840 953 3900 Nccclerus
977 3837 1164 3899 Chronico2
1187 3837 1211 3910 s.
1234 3841 1307 3908 125,
1331 3841 1360 3898 2.
1377 3837 1422 3896 56.
1440 3834 1550 3914 (1675)
1576 3839 1639 3896 698
1662 3858 1703 3890 =
1726 3837 1846 3896 Mutius
1871 3837 2033 3895 06555655
2056 3838 2106 3906 79,
2134 3859 2177 3890 =
2207 3837 2355 3900 Orasius

785 3945 864 4003 Aren.
876 3943 967 4004 8555.
983 3947 1014 4012 2,
1039 3948 1090 4014 11,
1115 3967 1155 3996 =
1183 3944 1276 4015 Yepes
1300 3942 1405 4002 05555.
1428 3959 1494 4014 pen.
1518 3941 1718 3999 651555655
1741 3941 2159 4012 trecassinensis
2186 3948 2227 3999 rs⁰
2242 3947 2276 4014 3,
2306 3968 2354 4000 =
2383 3959 2418 4007 as

785 4048 892 4122 Moqer
913 4047 1078 4107 Advocatio
1100 4054 1220 4107 armata
1244 4052 1306 4108 157
1328 4069 1370 4102 =
1394 4047 1524 4120 0555555
1548 4045 1681 4106 Censura
1704 4045 1776 4116 dipl.
1799 4044 1928 4102 Lindos.
1953 4046 2026 4113 164,
2053 4042 2162 4115 0112,
2193 4049 2276 4119 624,
2307 4071 2355 4104 =

783 4153 827 4211 Le
849 4152 952 4212 Oointe
967 4154 1046 4210 Arm.
1064 4155 1094 4222 7,
1116 4155 1178 4211 281
1202 4170 1244 4210 55
1266 4155 1329 4211 813
1351 4157 1385 4209 5ο
1399 4156 1472 4220 374,
1497 4172 1538 4204 =
1562 4149 1695 4226 (Teneai)
1717 4149 1797 4206 Hist.
1819 4147 1971 4205 Vindicius
1993 4164 2063 4219 app.
2081 4148 2133 4216 76,
2158 4169 2207 4202 =
2234 4151 2354 4227 Lerniy

783 4257 852 4316 ΒΑ.
878 4260 928 4326 18,
953 4258 1017 4315 188
1039 4260 1105 4314 511
1130 4278 1172 4310 .-;
1194 4256 1363 4314 1956655555
1385 4253 1806 4325 Eratosthenem-Lanatum.
1832 4248 1988 4320 065551,
2012 4253 2084 4320 172,
2108 4270 2151 4303 =
2182 4253 2354 4315 Procillat

782 4361 864 4420 Mon.
894 4361 930 4418 de
958 4361 1036 4417 Bere
1057 4363 1087 4427 1,
1117 4365 1155 4419 91
1184 4366 1219 4416 ri⁰
1238 4363 1290 4418 47.
1326 4391 1364 4402 —-
1399 4337 1550 4416 Pistoriae
1577 4355 1780 4414 Amoenitaias
1806 4355 1951 4412 bist-iar.
1976 4356 2005 4423 5,
2034 4354 2118 4412 1455
2154 4372 2232 4423 ,aas
2258 4361 2354 4418 einer

781 4466 912 4524 sicherers
922 4463 1252 4537 privat-Bibliotheqce
1269 4485 1310 4516 =
1333 4462 1459 4520 Haeclrel
1474 4462 1508 4518 in
1529 4461 1659 4534 Weyelirr
1677 4461 1760 4519 Thes.
1777 4475 1835 4520 rer.
1852 4458 1937 4518 Suco.
1956 4461 1984 4526 4,
2001 4461 2073 4528 112,
2098 4479 2139 4512 =
2163 4459 2289 4522 Petrus
2313 4467 2351 4523 ira
2376 4479 2410 4528 5ο

784 4561 1051 4645 (1555605651,
1074 4571 1149 4627 299.
1172 4599 1215 4609 -
1237 4566 1513 4635 61558565317,
1537 4567 1581 4624 27
1602 4565 1694 4621 5112
1708 4581 1765 4622 555
1787 4562 1922 4621 Vidimus
1945 4563 2109 4620 5551719.
2130 4593 2168 4604 -
2195 4565 2352 4626 667551555-

783 4675 859 4747 berc.
882 4673 944 4732 ΠΒ.
963 4678 993 4742 1,
1018 4675 1058 4730 76
1073 4676 1107 4728 51
1123 4675 1162 4729 69
1178 4688 1236 4728 555
1252 4669 1289 4728 A.
1313 4700 1354 4711 -
1371 4667 1519 4727 Deutsclre
1539 4668 1752 4740 Ueberscteunp
1776 4668 1807 4724 in
1823 4665 1876 4723 655
1892 4663 2021 4724 Circuit
2038 4664 2087 4722 655
2106 4663 2224 4727 Gallus
2246 4663 2351 4730 06555

781 4795 837 4836 555
860 4779 925 4835 dem
941 4774 1068 4848 Anfanp
1090 4775 1140 4834 655
1156 4779 1207 4834 16,
1225 4775 1275 4832 66.
1293 4776 1326 4831 irs
1349 4773 1429 4834 Bibl.
1446 4773 1494 4831 des
1517 4773 1593 4830 liter.
1616 4772 1735 4829 Vereins
1752 4773 1784 4827 irs
1800 4769 1951 4842 Stuttqart
1972 4772 2023 4838 84,
2047 4771 2088 4827 48
2110 4769 2178 4826 556
2210 4773 2352 4848 Quoue„

780 4880 844 4939 556
859 4881 1069 4954 66555655555
1091 4898 1117 4938 e.
1138 4879 1239 4937 Gesclr.
1257 4878 1309 4936 der
1325 4878 1411 4936 Atrei
1427 4877 1598 4934 Reicdertou
1613 4878 1643 4945 2,
1665 4878 1716 4934 44.
1742 4906 1781 4916 —
1805 4872 2030 4944 Schristprobers
2047 4870 2167 4930 Brundi
2186 4875 2351 4938 85556555-

780 5001 855 5043 5555
882 4981 1242 5055 Urkundeaseilsclrunpea
1266 4981 1401 5058 (Quallerr
1424 4979 1487 5036 556
1509 4979 1719 5050 66555655555
1741 4996 1766 5035 e.
1789 4977 1891 5035 65556.
1915 4977 1967 5034 der
1990 4977 2076 5033 rosei
2093 4975 2285 5040 Reicirenou
2311 4983 2348 5062 1)
2374 5000 2410 5047 as

781 5089 815 5147 Τ.
841 5090 859 5146 1
883 5083 1243 5164 (Recoonitiorsseeiclrerr),
1267 5089 1318 5156 16,
1343 5090 1386 5143 17
1409 5080 1602 5160 (06565555).
1631 5115 1664 5124 -
1691 5081 1886 5139 Mediocriter
1908 5081 1979 5152 Rq.
2004 5081 2067 5139 478
2091 5076 2199 5155 (465).

780 5228 949 5301 66656555
970 5246 1027 5286 555
1048 5227 1099 5286 655
1121 5226 1215 5285 Hand
1237 5226 1286 5284 655
1309 5226 1515 5284 6566555555
1538 5221 1642 5281 Ourios
1669 5221 1807 5280 Odalrich
1830 5219 1898 5298 (opi.
1921 5225 1955 5277 5ο
1968 5217 2054 5294 236),
2086 5222 2256 5283 rescribirt
2281 5228 2356 5299 aas

779 5335 874 5391 tinem
903 5332 1039 5391 rcdirten
1069 5329 1206 5404 Oriqiaal
1227 5330 1372 5402 Ludwiqs
1395 5328 1425 5386 6.
1450 5329 1501 5399 D,
1536 5345 1591 5385 555
1614 5325 1680 5383 dem
1705 5342 1767 5382 555
1796 5324 2221 5397 65513555556555555656555,
2252 5331 2350 5402 jones

776 5438 943 5496 Hcdeberts
966 5434 1025 5513 (als
1047 5436 1263 5506 Recoprsoseent
1285 5433 1486 5492 mcdroeisbar
1501 5427 1693 5506 854-859),
1718 5428 1771 5486 655
1794 5429 1848 5486 mit
1872 5427 2114 5486 6516555575515
2137 5429 2351 5503 uberfahren

775 5540 840 5598 556
855 5540 948 5598 65556
970 5537 1371 5597 65555551565155555656565
1394 5535 1588 5593 5555551566
1603 5533 1713 5604 warde,
1736 5533 1801 5591 556
1823 5531 1877 5590 655
1893 5529 1997 5603 Sicori,
2022 5529 2076 5587 655
2092 5535 2172 5588 55515
2190 5535 2346 5598 Ρονίνᾱε.
2373 5557 2410 5604 40

774 5643 1030 5716 655561556ωέ55
1053 5641 1081 5700 6.
1107 5641 1145 5700 D.
1170 5642 1214 5716 (in
1240 5641 1396 5699 Gebrcucd
1419 5637 1614 5715 831-861),
1639 5639 1771 5697 65155555
1794 5636 1912 5707 warde·
1934 5635 1981 5693 die
2009 5633 2155 5692 Uritande
2178 5637 2350 5718 Ludwiqs

776 5747 804 5805 6.
821 5745 860 5805 D.
877 5764 942 5805 soor
964 5764 1016 5804 555
1037 5745 1121 5802 55565
1141 5743 1187 5802 uls
1210 5744 1257 5802 die
1273 5743 1379 5813 Hdlste
1402 5744 1521 5813 665555,
1545 5745 1589 5802 sie
1611 5740 1758 5814 urnfcsste
1780 5742 1929 5799 6656565555
1952 5738 2173 5811 7165155655,
2191 5746 2234 5816 je
2258 5751 2351 5808 eim

774 5850 1026 5923 ursprmrolichen
1051 5847 1132 5906 Zeila
1160 5849 1349 5920 entsprechen
1377 5851 1400 5908 2
1425 5849 1524 5906 Zeilen
1553 5846 1605 5904 655
1627 5845 1815 5918 Falcidiam
1858 5861 1891 5902 55
1916 5844 2008 5901 reicit
2035 5841 2127 5899 65555
2156 5845 2240 5908 Text
2267 5857 2352 5917 coer

747 6034 808 6090 286
827 6037 855 6102 b)
872 6037 910 6087 Vl
929 6034 988 6100 aas
1002 6034 1110 6106 Rcsur,
1128 6048 1199 6086 corr.
1219 6048 1272 6085 555
1290 6031 1339 6085 111.
