5642 7159
1054 692 1173 751 usui.
1196 691 1284 750 ulia
1307 691 1477 752 ossossn
1501 687 1574 752 782.
2071 689 2132 754 193

487 878 609 940 riorum
632 897 748 960 regum
772 875 967 940 emunitates
990 875 1044 941 vel
1066 885 1208 959 nostra⁸,
1232 876 1274 941 ab
1291 877 1401 962 impiis
1425 875 1611 941 hominibus
1628 875 1777 950 lacerari,
1803 877 1883 943 sed·
1906 877 2133 965 undecumque

488 979 531 1044 ad
554 1001 690 1064 presens
713 980 786 1064 ipsa
808 1000 888 1043 casa
918 981 1023 1044 sancti
1047 980 1182 1045 Martini
1210 981 1332 1046 vestita
1355 1003 1428 1046 esse
1450 981 1581 1045 videtur
1611 980 1663 1046 vel
1686 979 1807 1047 anteab
1830 1005 1851 1046 a
1873 981 2133 1070 quibuscumque

489 1081 586 1147 deum
609 1081 799 1146 timentibus
821 1081 873 1146 vel
889 1081 985 1147 bonis
1008 1082 1194 1148 bominibus
1218 1084 1331 1149 datum
1354 1084 1406 1148 vel
1429 1083 1586 1150 collatum
1609 1085 1716 1168 suerit,
1741 1086 1802 1151 sub
1825 1087 2014 1151 emunitatis
2038 1084 2133 1152 titulo

488 1183 648 1262 resideat3
672 1195 705 1249 et
721 1186 917 1271 quicumque
933 1185 978 1250 ad
992 1186 1099 1272 ipsam
1115 1207 1228 1251 casam
1248 1187 1300 1253 dei
1316 1186 1443 1273 aliquid
1458 1185 1537 1252 dare
1553 1188 1726 1271 voluerint,
1750 1213 1792 1254 ex
1808 1191 2135 1256 nostraauctoritate

452 1288 638 1354 ohabeant
660 1288 827 1352 licentiam
849 1289 991 1355 faciendi
1014 1300 1047 1354 et
1070 1289 1131 1355 sub
1155 1292 1342 1355 emunitatis
1365 1291 1461 1358 titulo
1478 1292 1605 1379 absque
1627 1293 1694 1357 ulla
1717 1293 1822 1358 fiscali
1837 1303 2002 1380 potestate
2026 1295 2134 1379 quiete

488 1392 682 1458 resideant⁰.
722 1391 767 1456 Et
791 1392 947 1477 quicquid
969 1392 1071 1458 fiscus
1093 1395 1339 1459 consuetudinis
1362 1393 1500 1460 habuit‘l
1521 1396 1711 1482 recipiendi,
1734 1399 1768 1462 in
1791 1396 2007 1462 luminaribus
2030 1397 2135 1482 ipsius

490 1496 595 1560 saneti
619 1495 752 1560 Martini
774 1517 833 1580 pro
857 1504 970 1560 nostra
993 1496 1173 1562 elemosina
1188 1497 1232 1562 ad
1254 1521 1391 1584 presens
1413 1500 1446 1564 in
1461 1501 1623 1564 recisum⁶
1646 1509 1853 1585 computetur
1867 1521 1940 1564 cum
1963 1502 2039 1586 ipsa
2061 1499 2136 1564 sub·

490 1601 661 1687 sequentia
685 1598 742 1684 [et]
765 1611 832 1664 tam
856 1603 926 1685 ipse
942 1601 1048 1667 abbas
1071 1625 1169 1688 quam
1186 1612 1218 1668 et
1242 1624 1450 1668 successores
1474 1605 1524 1668 sui
1541 1625 1654 1668 omnes
1676 1627 1729 1670 res
1752 1605 1856 1690 ipsius
1881 1605 1986 1668 sancti
2002 1603 2135 1668 Martini

491 1704 551 1769 sub
575 1705 703 1789 integra
726 1706 905 1769 emunitate
928 1706 1166 1791 perpetualiter
1188 1705 1331 1772 debeant
1352 1707 1474 1772 habere
1498 1717 1530 1773 et
1553 1708 1732 1794 possidere.
1759 1708 1804 1773 Et
1819 1709 1846 1772 si
1870 1709 2033 1773 anteactis
2055 1717 2136 1774 tem-

436 1829 468 1877 ιο
491 1809 625 1897 poribus
641 1833 700 1896 per
715 1809 860 1896 aliquam
877 1810 1113 1896 negligentiam
1136 1811 1188 1875 vel
1205 1810 1413 1897 tepiditatem
1436 1801 1595 1877 abbatum
1611 1822 1669 1877 aut
1691 1813 1971 1898 presumptionem
1990 1811 2135 1877 iudicum

491 1913 531 1978 de
554 1913 628 1998 ipsa
658 1916 836 1979 emunitate
860 1914 1036 2000 quicquam
1058 1915 1251 1996 minuatum,
1282 1915 1447 1998 irruptum
1469 1915 1727 2002 convulsumque
1751 1925 1809 1980 aut
1835 1915 2040 1980 confractum
2062 1915 2135 1996 fuit,

492 2017 687 2082 omnimodis
703 2015 775 2083 hisf
787 2019 911 2083 nostris
927 2017 1181 2084 auctoritatibus
1197 2028 1230 2083 et
1244 2017 1414 2084 beneficiis
1430 2028 1652 2085 restauretur⁸
1669 2030 1702 2084 et
1713 2019 1851 2084 ulterius
1867 2017 1976 2085 nullus
1991 2027 2137 2083 vestrum

490 2121 666 2208 nullusque
700 2124 863 2188 iuniorum
892 2133 1078 2188 vestrorum
1107 2132 1165 2188 aut
1200 2144 1429 2188 successorum
1458 2121 1656 2210 iufringereh
1691 2123 1780 2210 quod
1814 2120 2054 2187 concessimus¹
2081 2132 2139 2187 aut

491 2228 615 2292 violare
638 2237 816 2313 presumat,
841 2227 909 2311 sed,
939 2229 1026 2293 sicut
1049 2230 1200 2315 superius
1225 2229 1348 2293 dictum
1371 2237 1432 2310 est,
1462 2250 1536 2293 cum
1560 2228 1754 2315 plenissima
1777 2229 1956 2293 emunitate
1978 2228 2012 2291 in
2035 2225 2139 2312 pacek

438 2347 471 2396 15
493 2353 567 2396 cum
591 2330 642 2396 dei
665 2331 829 2396 adiutorio
854 2331 905 2396 vel
927 2341 1042 2398 nostra
1064 2334 1172 2417 gratia
1200 2334 1309 2398 omnia
1332 2332 1474 2406 valeant,
1500 2355 1584 2417 quae
1607 2331 1669 2397 sibi
1693 2331 1773 2396 data
1795 2331 1847 2396 vel
1874 2331 1985 2397 danda
2007 2331 2138 2416 fuerint,

494 2434 676 2520 possidere.
720 2434 765 2499 Et
786 2445 823 2498 ut
845 2434 927 2500 baec
950 2437 1119 2522 preceptio
1143 2437 1231 2500 circa
1252 2437 1362 2522 ipsam
1385 2457 1498 2501 casam
1522 2458 1561 2500 ac
1584 2434 1807 2501 venerabilem
1836 2434 2008 2500 ecclesiam
2032 2437 2140 2500 sancti

492 2540 627 2606 Martini
642 2561 701 2625 pro
725 2540 844 2604 futuris
860 2539 1064 2626 temporibus
1087 2539 1196 2605 valeat
1214 2539 1405 2626 perdurare,
1430 2562 1530 2605 manu
1553 2541 1687 2626 propria
1710 2561 1783 2606 eam
1802 2537 1915 2604 subter
1937 2539 2140 2605 firmavimus

494 2652 526 2709 et
549 2643 639 2708 anuli
661 2644 766 2708 nostri
788 2644 1003 2729 impressione
1027 2645 1242 2730 signavimus.

597 2781 735 2867 Signum
756 2781 873 2847 Karoli
896 2781 1126 2868 gloriosissimi
1148 2784 1244 2869 regis.

438 2920 472 2968 ιο
596 2902 690 2968 Rado
714 2902 831 2988 relegit
853 2913 886 2968 et
909 2902 1115 2989 subscripsit.

597 3041 688 3106 Data
711 3042 743 3108 in
772 3064 884 3108 mense
907 3043 1002 3128 aprili
1034 3064 1122 3108 anno
1145 3061 1226 3108 xnu
1249 3055 1282 3109 et
1304 3062 1383 3108 v1111
1409 3044 1502 3128 regni
1531 3042 1651 3125 nostri3
1689 3049 1799 3106 actum
1822 3039 1993 3126 carisiago
2018 3040 2141 3126 palatio

495 3147 605 3230 regi03
628 3146 661 3210 in
685 3145 738 3211 dei
761 3147 894 3211 nomine
916 3145 1057 3211 feliciter
1079 3145 1200 3212 amen¹.

1284 3438 1369 3513 tta.

496 3597 590 3669 Korl
617 3600 681 3671 der
704 3597 831 3671 Grosae
856 3600 994 3672 somnio
1021 3602 1085 3672 der
1103 3600 1235 3672 Kirclre
1260 3601 1300 3669 ia
1325 3597 1534 3668 Frltalor
1559 3597 1723 3667 daurom
1745 3591 1960 3680 Erabt'aclrof
1972 3589 2060 3664 Duil
2080 3613 2146 3662 uon

441 3739 475 3787 aa
497 3719 625 3790 Maiae
651 3720 937 3794 neeromantia
964 3721 1095 3794 Bear'te.

1759 3817 1867 3878 Daren
1894 3821 1958 3879 782
1980 3813 2051 3875 Jatt
2072 3817 2102 3874 4.

545 3982 551 3994 .
599 4013 777 4087 Hersfclder
791 4013 954 4075 Gloriatur
968 4032 1026 4075 aas
1041 4016 1094 4074 der
1104 4014 1192 4074 Mitte
1207 4014 1257 4073 des
1276 4013 1324 4072 12.
1338 4012 1391 4073 ,Νι
1405 4010 1431 4085 f.
1443 4005 1495 4072 18
1508 4005 1584 4089 (10')
1601 4011 1643 4068 im
1657 4008 1861 4071 Staatsarcbiv
1874 4025 1916 4067 aa
1926 4006 2074 4078 Marcam
2086 4001 2148 4082 (0).

605 4136 713 4196 Weack
734 4136 822 4196 Hess.
847 4137 1062 4210 Loadesqeacb.
1086 4131 1134 4207 2⁶,
1159 4139 1200 4196 10
1222 4140 1293 4194 Μ
1315 4151 1372 4193 aas
1397 4131 1428 4194 0.
1452 4166 1495 4176 —
1517 4131 1805 4203 multicoloriter.
1829 4129 1891 4190 251
1917 4124 2015 4207 (242).

597 4323 744 4388 Karolus
768 4324 877 4409 gratia
900 4324 952 4390 dei
975 4347 1036 4390 rex
1058 4324 1264 4389 Francorum
1287 4332 1320 4387 et
1341 4319 1641 4405 Langobardorum
1663 4338 1703 4384 ac
1727 4317 1887 4403 patricius
1911 4315 2143 4380 Romanorum.

441 4441 475 4491 30
600 4427 764 4514 Quicquid
787 4428 874 4492 enim
902 4427 984 4492 locis
1007 4426 1243 4492 venerabilium
1273 4434 1462 4490 sauctorum
1491 4422 1702 4508 concedimus
1730 4421 1781 4486 vel
1804 4419 2051 4500 confirmamus,
2078 4414 2141 4480 hoc

496 4527 594 4594 nobis
618 4529 683 4596 ad·
704 4531 889 4597 mercedem
912 4531 964 4596 vel
989 4530 1204 4597 stabilitatem
1226 4532 1319 4616 regni
1342 4531 1448 4595 nostri
1470 4527 1574 4594 iudei
1595 4526 1728 4593 nomine
1750 4525 1913 4611 pertinere
1935 4519 2140 4587 confidimus.

496 4633 617 4699 Notum
643 4635 686 4700 sit
702 4636 801 4721 igitur
817 4634 970 4701 omnibus
987 4638 1152 4723 episcopis
1175 4634 1353 4701 abbatibus
1369 4634 1509 4699 ducibus
1532 4629 1709 4697 comitibus
1726 4626 1915 4693 domesticis
1937 4623 1991 4689 vel
2007 4622 2141 4708 reliquis

495 4738 650 4804 fidelibus
665 4742 787 4805 nostris
803 4740 1011 4827 presentibus
1034 4749 1133 4825 atque
1149 4740 1277 4822 futuris,
1301 4740 1380 4825 quia
1394 4735 1592 4803 venerabilis
1615 4733 1732 4800 Lullus
1749 4729 2031 4818 Mogontiacensis
2048 4724 2139 4792 urbis

496 4842 765 4929 archiepiscopus
787 4867 841 4910 res
865 4844 994 4931 aliquas
1017 4844 1103 4908 iufra
1125 4865 1263 4928 regnum
1287 4843 1538 4907 Austrasiorum
1559 4839 1707 4926 legitimo
1730 4836 1843 4902 ordine
1865 4836 1958 4899 visus
1981 4833 2043 4897 fuit
2065 4853 2141 4895 con-

442 4948 640 5032 acquisisse
670 4949 704 5013 in
732 4949 913 5014 ministerio
936 4947 1117 5014 Rabanone
1147 4957 1180 5012 et
1203 4946 1363 5033 vaigario
1394 4945 1445 5010 vel
1475 4942 1662 5030 Agilgaudo
1692 4950 1725 5006 et
1752 4943 1842 5027 ipsas
1869 4961 1922 5004 res
1951 4936 2047 5002 nobis
2076 4956 2141 4999 nou

496 5062 650 5137 coactus,
686 5053 745 5119 sed
767 5063 951 5140 spontanea
975 5051 1143 5118 voluntate
1166 5045 1225 5138 per
1247 5051 1410 5117 cartulam
1434 5050 1621 5115 donationis
1645 5046 1792 5112 curtibus
1820 5043 1940 5108 nostris
1970 5042 2062 5106 visus
2093 5049 2144 5104 est

497 5154 669 5242 delegasse
693 5167 792 5242 atque
814 5158 849 5221 iu
873 5155 1025 5221 omuibus
1048 5155 1235 5222 tradidisse.
1272 5156 1342 5220 Nos
1366 5164 1476 5219 autem
1499 5154 1533 5218 in
1559 5150 1769 5238 postmodum
1792 5155 1973 5214 tractantes
1998 5144 2142 5210 divinam

496 5260 754 5326 misericordiam
778 5260 819 5326 de
841 5261 948 5345 anime
971 5270 1082 5344 nostre
1100 5260 1207 5325 salute
1230 5261 1375 5345 prefatas
1398 5281 1452 5322 res
1475 5256 1519 5322 ad
1542 5251 1748 5341 ecclesiam¹’‚
1774 5274 1872 5340 quam
1891 5252 1962 5337 ipse
1985 5246 2141 5332 archiepi-

496 5385 617 5449 scopus
639 5362 737 5428 nobis
753 5363 956 5428 condonavit
978 5365 1073 5428 cuius
1088 5362 1286 5428 vocabulum
1310 5371 1359 5426 est
1374 5360 1553 5433 Frideslar,
1578 5381 1640 5445 quq
1657 5367 1707 5422 est
1730 5361 1940 5422 constructa⁰
1961 5353 1995 5416 in
2018 5350 2143 5415 honore

440 5549 474 5599 40
574 5551 815 5614 titanorum
832 5552 863 5606 E
931 5552 958 5620 a)
974 5553 1019 5604 vel
1037 5551 1113 5606 ΗΒΕ
1179 5552 1212 5672 ὴὲ
1225 5557 1288 5602 ante
1306 5549 1342 5613 E,
1361 5547 1415 5601 dos
1433 5546 1562 5618 soluendo
1581 5564 1597 5598 a
1615 5545 1684 5611 fehlt
1703 5544 1746 5599 D⁸
1827 5543 1852 5608 c)
1869 5541 1985 5594 resideat
2003 5536 2077 5592 12³1«)

650 5622 678 5685 d)
699 5623 823 5674 habuerit
840 5621 885 5674 Dl
988 5623 1014 5689 e)
1032 5625 1062 5672 in
1088 5625 1174 5675 recisa
1214 5620 1239 5673 ei
1262 5617 1402 5682 Μαιιὲιιι,
1430 5617 1527 5671 eberiso
1549 5617 1582 5668 ιίι
1604 5617 1710 5678 u⁰195,
1739 5614 1798 5667 eiras
1822 5610 1989 5679 Erltlrirunp
2015 5607 2144 5661 versucbt

651 5689 789 5760 Datame
808 5690 986 5745 Glossarium
1003 5708 1031 5743 ιι.
1051 5691 1091 5744 r'd.
1114 5695 1136 5750 7,
1155 5693 1191 5743 45
1260 5689 1325 5754 flio
1344 5686 1388 5740 12⁸
1469 5687 1498 5754 g)
1515 5691 1698 5738 restaurentur
1716 5682 1792 5737 ΗΒΕ
1877 5680 1904 5746 Ιι)
1921 5679 2075 5758 infrangere
2094 5676 2145 5740 12³,

652 5759 769 5813 diatriba
790 5759 946 5824 Wortform
964 5760 996 5811 iu
1012 5771 1046 5812 no
1059 5763 1113 5813 123
1182 5759 1203 5824 i)
1221 5759 1404 5810 consensimus
1418 5755 1461 5809 D3
1540 5756 1568 5822 k)
1586 5770 1679 5822 parem
1698 5751 1773 5806 D³E
1839 5750 1861 5814 l)
1879 5747 2066 5817 Reroqmtsoa
2082 5745 2144 5798 arrd

652 5828 801 5891 bactrum,
817 5829 910 5891 schim
928 5829 960 5881 ιἰι
979 5827 1031 5881 Di.

441 5937 475 5986 45
575 5932 634 5989 142.
654 5934 681 5999 a)
698 5931 766 5987 acO
832 5935 860 5999 b)
871 5934 1006 5997 eclesiam,
1025 5931 1122 5986 ebrato
1134 5932 1173 5985 im
1185 5930 1334 6002 folpersdea
1352 5929 1469 5984 dissolbe
1482 5927 1653 5997 Sohrcibanq
1672 5927 1762 5981 dieses
1780 5925 1888 5981 Wortcs
1958 5922 1983 5988 c)
2001 5923 2030 5973 in
2043 5921 2145 5971 honore

651 6004 791 6055 beatorum
809 6003 990 6070 apostolorum
1007 6005 1136 6070 principis
1154 6004 1229 6054 Petri
1247 6019 1298 6069 quq
1316 6009 1358 6052 est
1375 6005 1528 6054 constructa
1552 5998 1574 6053 0

539 6105 778 6158 Kaiasrurkuudeu
792 6106 815 6156 1.
1944 6095 1978 6143 25
