5642 7159
1046 725 1168 786 sans
1190 725 1279 786 uua
1300 725 1472 786 oaossu
1497 720 1533 806 [ι.
1558 719 1645 804 ιιιι.
2110 719 2171 785 201

630 911 777 978 Karalus
800 912 911 998 gratia
934 910 988 977 dei
1010 933 1071 976 rex
1094 910 1299 976 Francorum
1322 920 1355 975 et
1377 909 1673 996 Longobardorum
1696 930 1737 975 ac
1761 909 1920 994 patricius
1941 909 2173 976 Romanorum.

633 1017 717 1083 Cum
730 1038 793 1081 nos
808 1017 842 1080 in
858 1015 910 1080 dei
925 1016 1077 1080 nomine⁸
1092 1012 1353 1080 Theodonevilla
1369 1013 1494 1099 palatio
1509 1023 1623 1080 nostro
1640 1035 1705 1078 una
1721 1034 1797 1080 cum
1819 1010 2032 1099 optimatibus
2049 1021 2082 1078 et
2096 1011 2175 1079 fide·

529 1119 617 1185 libus
646 1118 837 1185 nostrised
864 1118 1091 1183 universorum
1117 1138 1240 1183 causas
1269 1116 1453 1183 audiendas
1481 1116 1534 1182 vel
1561 1127 1653 1183 recta
1681 1117 1806 1183 iudicia
1834 1114 2060 1183 terminandab
2088 1139 2176 1182 rese·

529 1223 681 1288 daremus
703 1222 815 1308 ibique
843 1223 978 1287 veniens
1001 1220 1193 1287 Wicbertus
1223 1221 1344 1286 missus
1366 1229 1481 1286 noster
1509 1244 1576 1285 una
1599 1243 1673 1286 cum
1698 1221 1842 1287 scabinis
1870 1229 1904 1286 et
1924 1220 2065 1286 testibus
2088 1219 2175 1286 Mos·

492 1341 508 1390 5
531 1327 641 1409 linses,
667 1328 724 1413 qui
747 1325 936 1392 detulerunt
957 1325 1064 1408 nobis,
1087 1346 1126 1390 eo
1143 1323 1234 1410 quod
1255 1346 1308 1390 res
1330 1325 1543 1410 proprietatis
1559 1334 1682 1408 nostre,
1705 1324 1740 1389 id
1762 1334 1813 1391 est
1829 1327 2064 1392 monasterium
2088 1324 2178 1411 qnod

530 1431 650 1496 dicitur
673 1430 861 1514 Medolago,
889 1430 978 1517 quod
1002 1449 1086 1494 avus
1108 1438 1221 1494 noster
1241 1428 1387 1494 Karolus
1418 1428 1584 1514 quondam
1607 1430 1770 1494 maiorum
1803 1428 1920 1494 domus
1943 1428 2056 1495 Miloni
2079 1428 2177 1494 bene-

530 1534 656 1599 ficiavit
680 1544 713 1599 et
735 1543 852 1620 postea
875 1534 1014 1599 domnus
1030 1542 1063 1599 et
1084 1533 1216 1619 genitor
1238 1541 1352 1598 noster
1366 1533 1528 1618 Pippinus
1552 1532 1718 1619 quondam
1739 1556 1800 1598 rex
1822 1534 1927 1619 ipsius
1943 1532 2056 1598 Miloni
2080 1532 2176 1599 bene-

529 1637 676 1703 ficiavit⁰
698 1647 732 1702 et
754 1634 849 1723 post‘¹
872 1637 1055 1703 discessum
1077 1635 1193 1701 Miloni
1217 1635 1401 1701 Harthamo
1425 1638 1593 1722 episcopo,
1616 1647 1649 1702 et
1671 1637 1899 1721 adseruerunt,
1930 1647 1967 1702 ut
1988 1636 2178 1704 Leodonius

531 1741 697 1828 quondam
721 1742 896 1828 episcopus
919 1742 1047 1827 genitor
1069 1740 1185 1806 Miloni
1213 1750 1246 1806 et
1268 1740 1403 1805 Widoni
1431 1739 1581 1826 partibus
1611 1741 1752 1808 ecclesie
1780 1744 1886 1807 sancti
1909 1743 2007 1825 Petri,
2042 1764 2105 1829 que
2129 1752 2179 1808 est

478 1861 510 1911 ιο
533 1854 724 1913 constructa
745 1846 833 1911 infra
860 1867 970 1911 muros
993 1847 1167 1911 Treverice
1191 1843 1289 1924 urbis,
1317 1868 1460 1931 persua
1488 1855 1672 1912 strumenta
1700 1846 1903 1933 delegasset3
1937 1857 1971 1912 et
1997 1846 2178 1927 dixerunt·,

532 1948 673 2034 qualiter
688 1949 778 2023 Milo,
804 1951 859 2036 qui
876 1951 937 2014 tuit
959 1971 1133 2016 successor
1155 1949 1261 2035 ipsius
1277 1949 1428 2015 Leodoni
1445 1951 1592 2035 episcopi
1615 1959 1648 2014 et
1663 1972 1702 2016 eo
1725 1959 1872 2037 tempore
1888 1952 2057 2038 episcopio
2074 1951 2180 2016 sancti

531 2053 619 2119 Petri
635 2054 810 2119 Treverice
834 2053 925 2119 urbis
948 2053 1095 2139 regebat,
1119 2054 1258 2120 abbates
1281 2055 1403 2140 inipso
1427 2057 1629 2120 monasterio
1653 2054 1694 2121 de
1716 2057 1791 2142 ipsa
1813 2057 1947 2121 civitate
1969 2057 2122 2139 misisset,
2145 2055 2180 2120 id

532 2167 583 2222 est
605 2157 715 2224 Ebreo
747 2167 780 2223 et
807 2167 884 2243 post
906 2157 1015 2223 Ebreo
1039 2156 1234 2224 Ratbertum
1266 2159 1461 2244 episcopum
1489 2168 1522 2224 et
1548 2168 1626 2244 post
1646 2158 1841 2225 Ratbertum
1864 2159 2095 2243 Harthamum,
2125 2161 2180 2245 qui

533 2270 665 2349 etpost
695 2261 878 2327 discessum
902 2261 1016 2326 Miloni
1046 2262 1166 2327 exinde
1190 2263 1330 2326 vestitus
1359 2261 1424 2326 fuit
1444 2284 1503 2347 per
1530 2261 1728 2328 beneficium
1751 2262 1882 2350 Pippini
1910 2263 2007 2348 regis,
2037 2271 2070 2329 et
2095 2261 2180 2328 tales

533 2478 570 2534 ut
594 2469 752 2536 vidissent
773 2480 807 2535 et
828 2471 1013 2536 certissime
1036 2471 1270 2555 cognovissent
1291 2470 1458 2534 iusticiam
1481 2491 1554 2535 esse
1578 2472 1684 2536 sancti
1707 2472 1795 2537 Petri
1819 2471 1863 2538 ad
1885 2472 2088 2557 episcopium
2104 2470 2182 2536 Tre-

533 2573 643 2638 verice
673 2572 774 2638 urbis.
819 2573 864 2638 Et
892 2572 1016 2639 ibidem
1045 2573 1085 2639 de
1114 2574 1177 2638 hac
1205 2596 1241 2638 re
1270 2569 1458 2638 contentio¹
1486 2572 1547 2638 fuit
1576 2576 1661 2640 inter
1683 2574 1854 2641 Wicberto
1884 2575 1987 2639 misso
2016 2584 2049 2640 et
2076 2573 2184 2640 filioss

534 2677 710 2743 Lantberti
734 2677 870 2744 Widoni
893 2686 927 2743 et
949 2677 1123 2744 Hrodoldo
1147 2678 1198 2743 vel
1219 2676 1416 2754 Warnario;
1453 2699 1531 2743 nam
1554 2687 1691 2763 agentes
1720 2680 1826 2742 sancti
1849 2677 1936 2744 Petri
1961 2677 2014 2743 vel
2036 2674 2183 2743 scabini¹¹

536 2781 700 2864 dicebant,
724 2791 760 2846 ut
782 2781 984 2847 Lambertus
1006 2782 1136 2866 genitor
1159 2804 1272 2849 eorum
1295 2804 1355 2868 per
1377 2783 1482 2847 forcia
1504 2791 1671 2868 potestate
1693 2783 1825 2868 Pippini
1848 2783 1935 2867 regis
1958 2782 2046 2847 malo
2071 2781 2184 2847 ordine

479 2902 513 2952 ιο
535 2887 643 2972 ipsum
658 2887 893 2952 monasterium
916 2885 1107 2953 invasisset¹
1129 2896 1162 2952 et
1178 2887 1399 2953 Harthamum
1424 2887 1616 2974 episcopum
1640 2885 1759 2950 exinde
1775 2885 1988 2972 expoliasset.
2017 2886 2060 2950 Et
2076 2885 2184 2950 taliter

535 2988 775 3066 iudicaverunt,
810 3000 847 3055 ut
868 3013 927 3076 per
954 2991 1060 3077 legem
1089 3002 1122 3056 et
1150 2993 1317 3056 iusticiam
1344 2990 1402 3055 illa
1430 2992 1589 3055 vestitura
1617 2988 1768 3075 partibus
1799 2991 1921 3055 nostris
1950 2998 2050 3076 atque
2079 2989 2184 3054 sancti

534 3093 625 3159 Petri
648 3094 765 3160 adesse
789 3092 966 3170 debuisset,
991 3117 1051 3182 pro
1075 3118 1114 3161 eo
1138 3095 1227 3180 quod
1242 3094 1323 3161 Milo
1347 3104 1380 3159 et
1394 3094 1602 3160 Harthamus
1624 3096 1732 3180 ipsum
1754 3095 1990 3160 monasterium
2014 3117 2073 3180 per
2087 3093 2185 3160 bene·

535 3198 646 3264 ficium
669 3197 786 3264 Karoli
815 3200 950 3264 maioris
978 3199 1096 3266 domus
1124 3208 1158 3264 et
1186 3198 1298 3264 domni
1321 3199 1453 3284 Pippini
1481 3199 1568 3283 regis
1599 3220 1728 3283 semper
1756 3196 1964 3281 habuissent3
2003 3197 2062 3263 sed
2084 3196 2184 3263 Wido

536 3311 636 3388 atque
658 3305 807 3390 germani
831 3305 881 3369 sui
898 3303 1090 3370 Hrodoldus
1114 3313 1146 3368 ct
1168 3302 1351 3368 Warnarus
1375 3302 1658 3375 contradixerunt,
1681 3310 1853 3366 uteorum
1876 3301 1993 3367 fuisset
2014 3302 2185 3384 vestitura,

476 3420 515 3470 *ιι
538 3407 616 3492 quia
644 3410 774 3493 genitor
797 3429 911 3475 eorum
932 3408 1136 3474 Lantbertus
1163 3407 1367 3493 inlegitima
1398 3406 1496 3472 alode
1521 3428 1578 3472 eos
1605 3407 1744 3472 vestitos
1774 3405 1952 3471 dimisisset
1979 3414 2012 3471 et
2041 3426 2101 3492 pro
2124 3403 2186 3469 hac

538 3531 640 3575 causa
662 3533 785 3596 magna
800 3511 922 3578 ibidem
945 3513 1007 3577 fuit
1022 3507 1217 3578 contentio‘.
1242 3510 1339 3576 Unde
1354 3532 1415 3576 nos
1439 3532 1507 3576 una
1522 3532 1597 3576 cum
1612 3509 1766 3575 fidelibus
1782 3513 1904 3576 nostris
1927 3520 2016 3576 totos
2032 3509 2187 3575 scabinos

539 3612 580 3679 de
603 3614 724 3680 ducato
748 3616 906 3681 Moslinse
929 3613 1192 3697 coniunximusk,
1223 3617 1278 3701 qui
1301 3616 1500 3681 unanimiter
1530 3614 1768 3698 iudicaverunt,
1797 3624 1834 3680 ut
1857 3614 1955 3679 Wido
1984 3624 2017 3680 et
2039 3612 2187 3698 germani

540 3718 591 3782 sui
613 3718 698 3784 tales
721 3721 934 3786 auctoritates
957 3743 1023 3785 non
1046 3720 1250 3802 habuissent,
1280 3718 1421 3804 qualiter
1444 3719 1571 3805 genitor
1600 3740 1714 3784 eorum
1741 3727 1857 3784 contra
1879 3718 2053 3804 Pippinum
2076 3738 2186 3801 regem

538 3823 647 3909 ipsum
670 3826 906 3890 monasterium
929 3823 1176 3903 evindicasset¹‚
1205 3832 1321 3889 nostra
1343 3822 1492 3908 legitima
1514 3822 1558 3888 ad
1581 3833 1693 3908 partes
1718 3824 1823 3888 sancti
1845 3823 1933 3887 Petri
1957 3844 2031 3887 esse
2054 3819 2188 3886 deberet

483 3944 518 3993 ao
540 3929 709 3992 vestitura.
748 3926 814 3994 Sed
838 3928 915 3993 dum
939 3927 1038 3994 Wido
1063 3938 1096 3995 at
1117 3929 1266 4015 germani
1291 3929 1342 3992 sui
1365 3928 1406 3992 de
1429 3927 1590 3992 vestitura
1612 3926 1758 4012 legitima
1781 3948 1841 3991 nec
1865 3935 1966 3991 testes
1989 3947 2094 4011 neque
2116 3944 2187 3987 sca·

539 4029 635 4096 binos
665 4031 786 4097 habere
815 4042 1006 4119 potuerunt,
1035 4042 1113 4098 tunc
1137 4034 1186 4098 eis
1213 4031 1395 4098 iudicatum
1422 4033 1498 4106 fuit,
1530 4042 1567 4097 ut
1593 4031 1626 4096 in
1655 4032 1822 4117 presentia
1850 4039 1965 4095 nostra
1992 4031 2058 4094 iam
2087 4028 2187 4093 fatom

539 4137 741 4201 monasterio
764 4135 915 4223 partibus
938 4138 1059 4202 nostris
1083 4139 1116 4201 in
1139 4158 1244 4202 causa
1267 4138 1374 4203 sancti
1396 4136 1485 4202 Petri
1508 4136 1723 4201 Treverensis
1746 4157 1821 4200 cum
1850 4134 2028 4200 fidefacta
2051 4131 2189 4198 reddere

540 4237 715 4325 deberent;
739 4240 828 4327 quod
850 4241 896 4304 ita
920 4250 953 4305 et
975 4242 1126 4306 fecerunt
1149 4250 1183 4306 et
1204 4241 1424 4328 permissum
1447 4261 1560 4306 eorum
1579 4241 1739 4304 vestitura
1761 4260 1782 4303 a
1805 4238 1954 4325 partibus
1978 4239 2084 4303 sancti
2099 4236 2188 4302 Petri

540 4344 808 4426 Treverecensis,
843 4342 899 4408 ubi
934 4343 1140 4409 Wcomadus
1173 4343 1445 4429 archiepiscopus
1479 4345 1630 4430 pontifex
1663 4367 1736 4409 esse
1769 4343 1914 4427 videtur,
1948 4341 2190 4429 presentialiter

485 4462 519 4512 ac
542 4447 700 4530 fecerunt,
724 4448 822 4512 sicuti
843 4449 889 4512 eis
905 4469 926 4511 a
947 4447 1045 4513 nobis
1067 4447 1121 4513 vel
1142 4447 1296 4514 fidelibus
1320 4449 1441 4514 nostris
1464 4447 1646 4513 iudicatum
1669 4447 1741 4531 fuit,
1764 4447 1798 4511 id
1821 4456 1897 4512 sunt
1919 4445 2143 4532 Augalramno
2154 4443 2189 4526 ¹),

540 4549 671 4632 Petro¹)
695 4561 728 4617 et
744 4549 922 4634 Bornoni⁸)
942 4552 1117 4638 episcopis,
1135 4552 1297 4635 Erhardo,
1314 4552 1506 4634 Walarano,
1524 4553 1658 4634 Ernust,
1675 4551 1863 4626 warnario,
1882 4551 2077 4632 Huncelino,
2094 4549 2190 4615 War-

540 4653 651 4735 lando,
668 4653 842 4737 Waltario,
866 4655 1073 4740 Rimigaudo,
1091 4655 1260 4737 Hainrico‚
1286 4654 1456 4721 (ilaeronin
1479 4665 1512 4721 et
1527 4656 1720 4721 Hieronimo
1743 4653 1919 4720 comitibus
1943 4677 2003 4720 nec
2026 4677 2092 4720 non
2116 4663 2148 4719 et
2171 4677 2191 4720 a

542 4757 677 4843 reliquis
695 4756 848 4823 fidelibus
864 4760 987 4824 nostris
1004 4758 1159 4824 scabinos
1175 4759 1380 4841 Tbeutfrido,
1397 4758 1571 4842 Waltario,
1589 4758 1763 4842 Hildrado,
1779 4757 1992 4841 Thouthario,
2009 4758 2190 4841 Ebreardo,

542 4860 716 4943 Baldoino,
734 4860 875 4944 Gcrhac,
901 4861 1090 4944 Gundacro,
1108 4862 1306 4946 Gisleberto,
1322 4864 1429 4946 Buou,
1445 4862 1593 4946 Theodo,
1614 4862 1787 4943 Fulcoino,
1803 4860 2006 4947 Hadegario,
2022 4860 2190 4947 Alpcario,

486 4983 521 5032 to
545 4964 739 5049 Gunihario,
767 4964 967 5048 Aldmanno,
1001 4966 1157 5050 Folrado,
1184 4967 1296 5041 Bolso‚
1333 4966 1567 5049 Gundolando,
1596 4966 1778 5049 Odilhario,
1813 4965 1970 5040 Ricfrido,
1998 4965 2190 5048 Teutberto‚

544 5068 755 5155 Helengario,
778 5070 1000 5156 Ravangario,
1032 5069 1214 5144 Odilberto,
1239 5071 1401 5155 Unifrido,
1432 5071 1641 5152 Ebrehelmo,
1665 5070 1829 5152 Herardo,
1858 5068 1967 5148 Audo,
1991 5068 2191 5154 Barigaudo,

544 5173 736 5249 Warmado,
770 5173 965 5256 Hereberto,
999 5174 1162 5258 Rotfrido,
1195 5175 1398 5260 Beregrimo,
1429 5174 1606 5261 Adalingo,
1641 5174 1778 5260 Regulo,
1814 5172 1946 5256 Obbon,
1981 5171 2191 5258 Thietdingo,

543 5276 731 5361 Trutberto,
761 5278 935 5362 Walanco,
964 5278 1134 5365 Ricgaulo,
1165 5280 1242 5344 item
1274 5277 1446 5361 Guniario,
1479 5278 1656 5364 Gunilaigo
1692 5287 1724 5342 et
1752 5276 1966 5342 Walachario
1995 5299 2053 5341 seu
2081 5277 2192 5341 comiti

542 5381 678 5468 palatii⁰
706 5383 809 5447 nostri
839 5382 977 5447 Woradi
1007 5381 1059 5448 vel
1088 5384 1207 5448 ceteris
1231 5404 1329 5468 quam
1359 5382 1470 5470 plures
1499 5381 1667 5464 fidelibus,
1704 5382 1760 5467 qui
1793 5380 1913 5446 ibidem
1943 5379 2096 5463 aderant,
2132 5379 2193 5443 visi

488 5501 522 5549 ιι
547 5506 659 5551 sumus
683 5484 857 5567 iudicasse,
881 5495 918 5549 ut
941 5487 1186 5572 suprascriptus
1209 5485 1415 5552 Weomadus
1440 5485 1708 5572 archiepiscopus
1731 5483 1797 5549 tale
1820 5493 2012 5570 preceptum
2034 5484 2087 5549 vel
2110 5483 2192 5548 iudi·

544 5590 632 5654 cium
659 5588 883 5654 evindicatum
906 5588 947 5654 de
975 5589 1153 5655 iamdicto
1182 5591 1383 5655 monasterio
1408 5588 1582 5654 Modolaco
1613 5612 1680 5654 una
1711 5610 1786 5653 cum
1814 5587 1913 5654 rebus
1944 5597 1977 5653 et
2005 5587 2192 5653 hominibus

623 5744 681 5800 148.
702 5742 728 5807 ιι)
748 5746 857 5796 nomine
875 5745 976 5796 domini
994 5743 1025 5797 F
1096 5742 1125 5811 b)
1142 5746 1325 5796 terminandas
1339 5743 1369 5797 F
1444 5743 1470 5811 c)
1487 5745 1652 5796 benainisset
1670 5743 1700 5796 F
1766 5745 1793 5808 d)
1810 5760 1858 5811 pre
1871 5742 1901 5796 F
1966 5747 1992 5810 e)
2010 5746 2118 5796 luerunt
2140 5743 2198 5810 auf

700 5812 800 5867 Rasar
826 5829 879 5866 voa
907 5812 1049 5867 dcrscllrea
1072 5813 1164 5866 Hand
1181 5812 1213 5866 F
1312 5815 1466 5880 ointentio
1486 5812 1517 5866 F
1616 5815 1644 5880 g)
1663 5813 1792 5867 daranclv
1815 5821 1921 5865 nostros
1948 5813 2046 5882 patilpt
2064 5812 2095 5867 F

700 5881 730 5948 h)
746 5884 864 5933 scabinis
882 5880 913 5935 F
984 5885 1005 5949 i)
1022 5886 1154 5935 evasisset
1172 5881 1202 5935 F
1276 5883 1306 5948 k)
1324 5885 1505 5935 cumuiximus
1524 5881 1554 5935 F
1629 5884 1648 5950 l)
1666 5883 1828 5935 eiudicassat
1846 5881 1876 5936 F
1954 5883 1991 5949 m)
2008 5885 2079 5935 iacto
2099 5881 2129 5936 F

490 5949 524 5999 50
700 5952 730 6020 n)
747 5952 861 6003 Gaarom
879 5950 910 6005 F
1011 5952 1038 6020 o)
1056 5953 1141 6020 palati
1159 5951 1190 6004 F

582 6037 604 6106 ¹)
620 6036 743 6105 Bisctof
756 6053 811 6092 oon
829 6036 907 6091 Mcts
975 6037 1070 6106 'loca
1091 6037 1205 6092 Verdsm
1224 6036 1275 6108 apl.
1293 6040 1397 6092 a0126
1467 6037 1489 6106 8)
1507 6054 1559 6093 oon
1579 6037 1650 6092 Toul
1667 6037 1718 6108 opt
1738 6049 1770 6091 ιιι
1783 6040 1845 6092 161.

589 6141 827 6193 Kaisarurlruuden
848 6142 869 6192 1.
1992 6141 2025 6192 26
