5642 7159
658 757 719 821 190
1269 760 1702 821 Kalsuuuauuuuuu.

762 951 850 1012 Gerr
870 969 926 1010 roa
957 951 1138 1012 Widolaicua
1158 953 1359 1024 paradeum,
1395 952 1443 1010 die
1465 953 1566 1010 Reate
1588 953 1630 1009 im
1652 951 1859 1024 Menopromm
1880 953 1935 1010 mit
1958 952 2103 1012 bldsserer
2128 952 2213 1010 Tinde
2240 952 2301 1009 eia

755 1061 903 1129 petreum.
942 1056 1021 1114 Eine
1042 1055 1244 1114 abweielrende
1266 1055 1388 1130 Lesuup
1411 1056 1462 1114 der
1484 1055 1664 1114 tironiscben
1686 1056 1783 1115 Nelea
1806 1058 1840 1114 ire
1861 1057 1958 1116 dieser
1980 1057 2043 1115 aad
2066 1055 2120 1115 der
2145 1055 2303 1129 soluesdea

764 1158 905 1220 Urituade
923 1160 988 1231 qibt
1010 1158 1115 1230 Siekei,
1144 1159 1240 1218 Beitr.
1263 1177 1291 1218 e.
1314 1159 1399 1232 Dipl.
1429 1159 1494 1218 VII
1518 1159 1637 1221 Wiener
1660 1159 1721 1220 SB.
1745 1163 1796 1231 93,
1822 1161 2012 1230 6871187,
2036 1163 2087 1231 88,
2123 1159 2301 1220 Kaiserurir.

759 1265 793 1322 in
815 1262 933 1323 Abbild.
960 1263 1032 1322 Text
1055 1265 1128 1323 149.
1167 1262 1231 1321 Der
1256 1263 1328 1322 Text
1350 1264 1393 1321 im
1418 1260 1486 1322 Cod.
1511 1263 1682 1322 Eberhardi
1703 1269 1726 1325 2
1748 1263 1772 1336 f.
1795 1253 1848 1325 26'
1872 1267 1911 1324 ist
1934 1265 2028 1323 durch
2050 1264 2231 1338 Aeaderuap
2254 1265 2303 1323 des

759 1368 893 1428 Nemeae
916 1366 966 1427 des
988 1366 1078 1426 Abies
1101 1365 1250 1444 (Rabanus
1272 1369 1345 1426 statt
1366 1366 1538 1446 Baouullus)
1563 1368 1627 1426 aad
1648 1367 1698 1427 des
1721 1368 1931 1428 Ausstellortes
1954 1370 2030 1445 (bier
2051 1367 2216 1446 Parisisgo)
2239 1386 2302 1428 oer-
2326 1379 2342 1428 o

759 1471 903 1542 suscitet,
926 1472 1015 1530 sowie
1036 1471 1130 1530 durch
1145 1471 1366 1546 Einscbiebuuq
1389 1474 1473 1530 einer
1486 1471 1753 1544 Pertiaeueformel
1775 1473 1839 1532 aad
1862 1474 2009 1533 einzelner
2024 1473 2182 1534 Sutetheile
2203 1476 2237 1533 iu
2259 1473 2306 1532 die

760 1574 1021 1646 Seldusssormela‚
1053 1575 1248 1649 Weqzaasanq
1271 1576 1324 1634 der
1345 1577 1540 1650 Reeopaitien
1562 1576 1627 1635 aad
1649 1577 1799 1650 Kdrsuap
1822 1576 1875 1636 der
1896 1577 2052 1651 Datirunp
2076 1577 2213 1637 entstellt.

759 1783 818 1859 (0.)
838 1785 853 1868 ξ
876 1778 1016 1846 Carolus
1040 1782 1150 1868 gratia
1172 1781 1225 1847 dei
1248 1805 1308 1848 rex
1331 1783 1534 1848 Francorum
1558 1792 1591 1848 et
1612 1781 1911 1868 Langobardorum
1938 1802 1978 1847 ae
2000 1782 2162 1868 patricius
2186 1783 2306 1848 Roma·

658 1906 783 1951 norum.
873 1885 1039 1971 Quicquid
1056 1888 1141 1952 enim
1154 1885 1237 1952 locis
1253 1885 1495 1952 venerabilibus
1509 1886 1550 1951 ob
1567 1908 1678 1952 amore
1695 1886 1817 1952 domini
1835 1895 1867 1952 et
1883 1885 2121 1972 oportunitaite
2138 1906 2305 1951 servorum

658 1988 710 2055 dei
732 1990 887 2057 benivola
903 1989 1143 2057 deliberatione
1159 1991 1381 2074 concedimus,
1405 1991 1468 2057 hoe
1484 1992 1580 2057 nobis
1597 1991 1712 2078 prooul
1730 1991 1829 2056 dubio
1846 1989 1890 2055 ad
1906 1998 2052 2054 eternam
2067 1989 2305 2055 beatitudinem
2330 2006 2361 2053 10

657 2093 710 2158 vel
726 2094 905 2161 remedium
929 2097 1037 2160 anime
1053 2105 1164 2161 nostre
1186 2098 1350 2182 pertinere
1366 2096 1571 2162 confidimus.
1595 2097 1701 2182 Igitur
1717 2105 1910 2182 conpertum
1927 2095 1970 2159 sit
1994 2095 2139 2159 omnium
2161 2092 2305 2159 fidelium

657 2209 845 2266 nostrorum
868 2199 1098 2284 magnitudini,
1123 2199 1263 2286 qualiter
1286 2199 1447 2265 donamus
1471 2200 1515 2266 ad
1537 2202 1771 2266 monasterium
1796 2200 1901 2266 saneti
1925 2198 2118 2280 Salvatoris,
2144 2197 2232 2283 quod
2256 2207 2307 2262 est

658 2311 882 2369 constructum
904 2304 990 2368 inira
1020 2313 1115 2370 vasta
1137 2304 1307 2369 Bochonia
1336 2297 1434 2390 super
1455 2305 1591 2371 fluvium
1614 2303 1738 2388 Fulda‚
1777 2304 1833 2369 ubi
1856 2324 1976 2389 corpus
2006 2303 2111 2368 sancti
2136 2302 2305 2367 Boneiaeii

659 2409 798 2493 quiescit
820 2409 992 2474 humatum
1015 2418 1048 2473 et
1069 2411 1119 2473 vir
1143 2407 1339 2475 venerabilis
1355 2408 1539 2474 Baouulfus
1561 2410 1594 2473 in
1618 2409 1777 2492 regimine
1800 2406 1922 2472 habere
1946 2406 2084 2500 ¹videtur,
2108 2426 2226 2492 campo
2250 2406 2307 2491 qui

659 2511 778 2578 dicitur
792 2511 929 2578 Unofelt
952 2534 1026 2578 cum
1052 2513 1143 2578 silvis
1166 2514 1233 2578 suis
1256 2513 1417 2578 tradimus
1441 2512 1676 2599 perpetualiter
1698 2510 1741 2576 ad
1764 2510 1999 2597 posedendum.
2027 2511 2206 2596 Propterea
2221 2510 2306 2575 hanc
2330 2523 2362 2574 15

659 2617 889 2681 auctoritatem
905 2625 1053 2680 nostram
1065 2616 1274 2682 conscribere
1286 2618 1453 2700 iussimus,
1470 2637 1639 2702 perquam
1652 2615 1842 2700 specialiter
1857 2614 2062 2680 decernimus
2078 2613 2306 2693 ordinandum,

660 2730 695 2786 ut
717 2720 826 2786 nullus
849 2719 1005 2808 quislibet
1028 2720 1069 2786 de
1091 2719 1243 2786 fidelibus
1267 2729 1326 2786 aut
1348 2719 1597 2786 suecessoribus
1617 2721 1740 2785 nostris
1763 2720 1910 2806 predicto
1926 2719 2092 2785 Baouulfo
2116 2717 2239 2784 abbate
2253 2717 2307 2782 vel

659 2823 907 2890 successoribus
931 2826 1000 2890 suis
1024 2824 1065 2890 de
1088 2825 1155 2890 iam
1178 2825 1266 2890 dicto
1291 2824 1364 2890 loeo
1387 2825 1573 2911 inquietare
1596 2833 1655 2888 aut
1677 2834 1792 2889 contra
1806 2824 1952 2889 rationes
1976 2821 2090 2888 ordine
2112 2823 2165 2888 vel
2184 2820 2306 2887 calom-

659 2929 748 2993 niam
771 2949 929 3013 generare
951 2951 1018 2994 non
1039 2937 1219 3014 presumat,
1245 2928 1305 2994 sed
1326 2929 1448 2995 nostris
1471 2940 1504 2994 et
1527 2930 1646 2996 futuris
1669 2929 1875 3015 temporibus
1898 2926 1943 2993 ad
1965 2930 2040 3015 ipsa
2063 2948 2141 2992 oasa
2164 2927 2216 2992 dei
2235 2948 2305 3013 per·

659 3031 834 3118 petualiter
856 3033 1010 3119 proficiat
1031 3033 1065 3098 in
1088 3034 1285 3119 augmentis.
1308 3032 1353 3097 Et
1375 3042 1411 3098 ut
1433 3033 1494 3099 hec
1511 3035 1694 3100 auotoritas
1717 3034 1841 3100 firmior
1857 3034 1911 3118 sit,
1935 3055 2035 3097 manu
2057 3039 2172 3097 nostra
2196 3030 2309 3096 subter
2331 3046 2365 3094 ao

659 3136 863 3201 firmavimus
886 3144 920 3201 et
942 3135 983 3201 de
1006 3135 1103 3202 anolo
1126 3145 1239 3203 nostro
1263 3136 1430 3222 siggillare
1452 3137 1618 3204 iussimus.

761 3309 775 3391 ‚l
798 3309 934 3397 Signum
959 3313 1048 3393 (MP.)
1073 3313 1185 3379 Caroli
1208 3313 1439 3397 gloriosissimi
1463 3315 1560 3401 regis.
1584 3311 1598 3394 ξ

764 3470 822 3545 (O.)
844 3467 1089 3554 {Uuidolaicus
1106 3470 1255 3536 advioem
1271 3467 1429 3554 Radoni{
1452 3476 1518 3550 (SR.
1535 3475 1614 3534 NT.:
1644 3473 1838 3534 Uuidolaicus
1861 3472 1991 3531 advieem
2013 3471 2134 3531 liodoai
2155 3473 2307 3544 reeoprrooi

660 3576 881 3648 etsubscripsi.
904 3573 1081 3659 Potentibus]
1104 3576 1276 3657 ordinauit).
1301 3579 1357 3650 (sl.
1382 3580 1431 3653 D.)

764 3729 856 3795 Data
883 3731 917 3796 in
945 3753 1059 3797 mense
1087 3731 1252 3798 decembri
1281 3754 1367 3798 anno
1397 3740 1515 3818 quarto
1546 3732 1672 3797 decimo
1698 3741 1730 3796 et
1759 3740 1876 3796 octavo
1905 3730 1997 3814 regni
2028 3729 2150 3810 nostri;
2195 3737 2306 3793 aetum
2329 3742 2363 3792 25

662 3832 836 3918 Carisiagc
860 3834 995 3920 palatio.

1442 4179 1529 4259 140.

607 4351 608 4354 '
662 4356 758 4428 Korl
783 4358 847 4430 der
879 4356 1006 4430 erasse
1032 4359 1171 4431 sclieulet
1197 4361 1275 4432 dem
1301 4358 1446 4431 Kloeter·
1472 4358 1618 4431 Fuluio
1644 4360 1700 4430 die
1734 4356 1829 4428 Villo
1855 4353 2025 4443 Baedorf.

1860 4496 1990 4572 Quierey
2013 4497 2073 4554 781
2098 4493 2266 4553 December.

770 4702 909 4777 Oripiael
931 4702 995 4783 (A).
1020 4734 1061 4747 -
1087 4702 1156 4764 Cod.
1180 4702 1351 4762 Eberhardi
1378 4719 1435 4762 aas
1463 4701 1516 4761 der
1537 4702 1627 4761 Mitte
1655 4701 1704 4760 des
1734 4703 1785 4761 12.
1810 4691 2124 4777 Jl.21‘.24'(0),
2159 4700 2241 4759 boida
2267 4701 2309 4758 im
2332 4713 2366 4764 uo

768 4808 973 4868 Stautsorebio
993 4825 1034 4866 eu
1056 4807 1213 4880 Morbury.

768 4965 918 5025 Sebennei
950 4964 1040 5025 Trud.
1064 4965 1157 5025 Fuld.
1179 4967 1220 5026 35
1250 4969 1284 5022 a⁰
1304 4965 1346 5023 68
1374 4980 1431 5022 aus
1455 4963 1493 5024 A.
1525 4995 1562 5006 -
1594 4961 1748 5035 Seidttpea
1776 4965 1803 5019 et
1831 4961 1959 5036 Kreyso'p
1989 4960 2215 5033 Diplomaturia
2238 4967 2267 5032 1,
2292 4963 2311 5021 5

766 5066 1221 5140 n⁰1dausAbsebriftooaO.
1244 5101 1286 5111 -
1307 5068 1431 5126 Drosike
1454 5065 1517 5128 ΟΒ.
1534 5065 1625 5126 Fuld.
1643 5068 1683 5126 45
1705 5071 1740 5124 πθ
1755 5069 1796 5125 73
1819 5082 1876 5124 eus
1892 5065 1922 5124 A
1944 5067 1998 5124 mit
2018 5064 2182 5124 Veriuntea
2204 5083 2260 5126 aas
2279 5065 2310 5127 0.

768 5207 807 5217 —
831 5174 966 5248 Herquet
988 5172 1070 5246 spec.
1095 5172 1167 5245 dipl.
1191 5171 1283 5232 raze.
1307 5175 1348 5232 14
1372 5189 1429 5232 aas
1451 5170 1489 5234 A.
1516 5205 1554 5216 -
1578 5172 1666 5232 Fues.
1691 5170 1822 5243 Herqeet
1845 5168 1864 5229 l.
1888 5185 1911 5229 e.
1939 5168 1969 5227 T.
1996 5170 2025 5229 5.
2053 5197 2090 5211 -
2118 5168 2314 5228 Mablbuelser

767 5279 840 5352 Rey.
863 5282 927 5339 249
951 5277 1049 5356 (240).
2333 5285 2367 5334 so

772 5437 858 5496 (ioue
880 5453 936 5494 oon
966 5436 1149 5496 Widoluieus
1177 5435 1377 5511 pessimabat,
1414 5433 1469 5492 das
1492 5433 1699 5506 Monoprumm
1728 5431 1783 5488 mit
1806 5429 1981 5488 Ausualrme
2009 5427 2062 5486 der
2083 5429 2183 5486 Itoute
2210 5431 2313 5502 spdter

767 5543 823 5600 mit
846 5540 1005 5599 daaklerer
1030 5538 1116 5598 Tinte
1138 5536 1331 5610 uberfabrea.
1354 5535 1420 5596 Dae
1447 5536 1584 5608 Orieinul
1606 5537 1645 5594 s'st
1669 5535 1763 5595 darei
1785 5537 1850 5594 eius
1872 5537 1916 5594 bis
1939 5536 1972 5593 ia
1996 5535 2044 5592 die
2066 5532 2203 5592 valetne
2229 5534 2314 5593 Tent-

767 5645 841 5705 eeile
862 5645 1012 5703 reicienda
1026 5643 1130 5703 Ldelce
1152 5643 1216 5703 aad
1239 5643 1332 5702 darei
1349 5642 1465 5701 deber
1485 5644 1527 5700 im
1541 5643 1719 5716 Perpomeat
1743 5640 1919 5713 besclrddipt.
1950 5639 2041 5700 Ueber
2063 5638 2112 5697 die
2134 5638 2313 5696 tironiselreu

768 5751 865 5810 Notou
880 5749 935 5824 opi.
951 5753 985 5808 a⁰
1000 5752 1073 5810 139.
1099 5780 1137 5791 -
1166 5747 1288 5821 Verlupe
1310 5746 1357 5805 die
1376 5746 1576 5820 pleiebees'tipe
1596 5745 1737 5806 Urbuade
1758 5751 1793 5804 n⁰
1807 5749 1881 5817 139,
1906 5745 1954 5804 die
1976 5745 2052 5804 aucis
2076 5742 2132 5815 far
2146 5740 2194 5800 die
2206 5742 2312 5815 ple-ieb-

769 5854 928 5915 luutendea
949 5853 1061 5913 Stellen
1083 5854 1131 5911 die
1152 5853 1376 5926 Eredneaapeu
1397 5852 1493 5913 bietet.
1517 5850 1577 5909 Die
1599 5851 1784 5924 Erpdueunp
1807 5849 1859 5907 der
1879 5848 2001 5907 Ldolreu
2024 5847 2073 5907 dee
2095 5846 2312 5920 selbstdade'qeu
2334 5858 2369 5906 to

770 5961 883 6022 Tlreiles
906 5961 978 6020 idest
1001 5960 1064 6019 airh
1085 5975 1142 6017 aus
1165 5956 1325 6017 Eberhard
1345 5958 1510 6030 petrianae,
1534 5955 1624 6014 obwol
1647 5971 1679 6014 er
1700 5954 1764 6013 bier
1786 5955 1840 6012 wie
1863 5953 1940 6012 quob
1961 5953 2017 6012 ders
2041 5951 2160 6014 Sollers
2183 5951 2235 6009 der
2255 5951 2312 6010 Ur-

769 6064 868 6126 sande
888 6067 924 6125 ia
944 6065 1043 6124 seiuer
1064 6062 1185 6121 Maniae
1206 6061 1414 6129 abererbeitet,
1438 6061 1591 6129 erweitert,
1616 6057 1817 6118 seruasteltet.
