5642 7159
1224 640 1382 700 PlPPlN
1405 637 1478 704 768.
2134 641 2176 704 sb

530 844 628 895 ibidem
657 844 864 895 consistentibus
886 843 974 894 iacere
997 844 1039 894 vel
1062 842 1218 894 confirmare
1240 859 1287 908 pro
1311 845 1400 909 quiete
1423 844 1515 895 lutura
1536 843 1700 908 deberemus,
1723 850 1754 896 ut
1775 844 1881 897 facilius
1904 846 2103 913 congregationi
2124 847 2176 911 ipsi

531 949 611 1000 liceat
631 965 680 1014 pro
703 948 850 1000 stabilitate
872 949 947 1014 regni
969 949 1052 999 nostri
1075 947 1109 998 ad
1131 947 1224 997 limina
1246 947 1289 999 vel
1312 946 1345 997 ad
1369 947 1512 1013 sepulchra
1532 949 1651 1013 ipsorum
1682 954 1826 1014 martyrum
1849 951 1947 1016 ingiter
1973 964 2092 1000 exorare.
2119 949 2176 1000 Nos

531 1070 594 1119 ergo
616 1069 663 1118 per
679 1053 749 1103 hanc
764 1053 858 1104 seriem
881 1052 1048 1103 auctoritatis
1071 1058 1169 1117 nostre,
1192 1054 1269 1102 iuxta
1290 1051 1363 1119 qnod
1377 1068 1426 1118 per
1447 1052 1630 1118 supradictum
1651 1053 1822 1121 privilegium
1844 1070 1861 1105 a
1882 1053 2054 1120 pontificibus
2076 1054 2176 1106 lactum

531 1164 571 1208 est
592 1157 635 1209 vel
658 1159 692 1208 ab
715 1157 892 1210 anterioribus
914 1158 1023 1224 regibus
1047 1174 1063 1206 s
1087 1156 1278 1219 confirmatum,
1306 1173 1354 1222 pro
1376 1158 1526 1208 reverentia
1552 1159 1669 1222 ipsorum
1698 1164 1844 1223 martyrum
1866 1158 1909 1210 vel
1931 1174 1979 1224 pro
2002 1163 2093 1209 nostre
2115 1175 2177 1210 con·

490 1264 507 1311 6
531 1261 659 1312 firmanda
680 1261 800 1313 mercede
823 1261 993 1314 concedimus
1016 1278 1032 1310 s
1054 1267 1082 1313 et
1104 1261 1138 1312 sd
1160 1279 1259 1313 novum
1282 1262 1476 1324 confirmamus,
1499 1267 1538 1325 ut,
1569 1263 1592 1313 si
1614 1277 1668 1329 qna
1689 1262 1724 1313 ad
1745 1264 1833 1327 ipsum
1863 1262 1951 1314 locum
1978 1268 2099 1314 sanctum
2122 1268 2176 1314 tam

529 1365 558 1415 in
579 1365 697 1417 villabus
725 1367 865 1432 mancipiis
895 1367 937 1417 vel
960 1367 989 1416 in
1011 1366 1224 1432 quibuscumque
1254 1367 1334 1417 rebus
1362 1372 1444 1432 atque
1473 1366 1631 1431 corporibus
1653 1382 1670 1415 a
1691 1367 1786 1430 priscis
1814 1367 1981 1432 principibus
2007 1382 2083 1417 sens
2105 1361 2138 1416 et
2160 1382 2177 1417 a

530 1470 608 1521 deum
638 1471 794 1521 timentibus
816 1470 969 1522 bominibus
998 1475 1106 1536 proptor
1135 1485 1250 1521 amorem
1273 1469 1315 1522 dei
1344 1468 1443 1521 ibidem
1465 1469 1517 1519 fuit
1544 1468 1695 1535 delegatum
1718 1474 1766 1518 aut
1787 1469 1912 1533 deinceps
1940 1469 2021 1520 luerit
2046 1468 2176 1532 additum,

530 1574 592 1624 dum
611 1578 637 1624 et
651 1589 684 1625 ex
706 1573 889 1624 munificentia
909 1579 1034 1644 regum,
1058 1579 1088 1624 ut
1110 1574 1234 1637 diximus,
1269 1574 1326 1638 ipse
1349 1578 1458 1623 sanctus
1479 1573 1555 1626 locus
1578 1572 1686 1624 videtur
1707 1588 1765 1624 esse
1788 1572 1889 1624 ditatus
1910 1573 1954 1624 vel
1976 1573 2107 1636 conditus,
2141 1567 2177 1623 ut

530 1677 621 1728 nullus
643 1679 829 1744 episcopcrum
851 1693 901 1729 uec
923 1682 1059 1744 presentes
1081 1694 1131 1729 nec
1146 1679 1192 1744 qui
1207 1677 1291 1728 futuri
1314 1677 1415 1728 fuerint
1437 1692 1604 1729 successores
1626 1683 1674 1727 aut
1692 1693 1783 1727 eornm
1806 1678 1971 1730 ordinatores
1992 1656 2037 1728 rel
2058 1677 2178 1744 quelibet

477 1783 510 1831 10
531 1797 646 1847 persona
667 1798 722 1832 non
744 1783 829 1848 possit
858 1766 970 1852 aliquo
998 1781 1091 1834 ordine
1113 1781 1145 1833 de
1167 1781 1226 1833 loco
1249 1782 1308 1848 ipso
1337 1781 1440 1847 aliquid
1467 1783 1571 1833 auferre
1594 1787 1642 1832 aut
1670 1781 1786 1848 aliquem
1813 1786 1972 1847 potestatem
1994 1783 2046 1833 sibi
2068 1784 2176 1848 inipso

530 1888 690 1938 monasterio
718 1901 848 1952 usurpare
871 1886 914 1937 vel
937 1885 1038 1952 aliquid
1061 1886 1138 1952 quasi
1166 1887 1382 1938 commutationis
1404 1886 1483 1937 titulo
1505 1887 1608 1954 absque
1629 1886 1769 1938 voluntate
1791 1887 1877 1952 ipsius
1898 1887 2004 1939 abbatis
2026 1887 2070 1938 vel
2092 1887 2177 1953 ipsius

530 1991 743 2057 congregationis
764 1975 818 2042 vel
840 1996 931 2042 nostro
953 1991 1083 2056 permissu
1107 1985 1139 2041 et
1162 2007 1247 2057 neque
1271 1990 1368 2042 calices
1391 2007 1478 2057 neque
1501 2007 1594 2042 cruces
1616 2007 1664 2042 seu
1692 1990 1849 2042 indumenta
1875 1991 1999 2042 altarium
2021 1991 2066 2042 rel
2087 2005 2178 2042 sacros

529 2094 634 2146 cedices
665 2100 712 2145 ant
738 2109 832 2146 aurum
866 2099 914 2145 eut
942 2099 1080 2162 argentum
1113 2094 1157 2146 rel
1184 2094 1404 2161 qualemcumque
1433 2097 1556 2160 speciem,
1590 2093 1622 2146 de
1652 2111 1705 2160 quo
1739 2095 1837 2145 ibidem
1865 2095 1991 2146 collatum
2024 2096 2105 2146 luerit
2133 2095 2177 2146 rel

529 2199 638 2250 inantea
665 2197 790 2262 dandum,
818 2199 923 2250 auferre
945 2203 993 2250 aut
1015 2199 1134 2250 minnere
1156 2214 1243 2264 neque
1265 2198 1300 2249 ad
1322 2199 1458 2250 civitatem
1486 2198 1588 2250 deferre
1611 2197 1717 2263 penitus
1740 2199 1779 2248 eis
1800 2180 1893 2260 [non]b
1916 2198 1997 2250 liceat
2018 2215 2068 2250 nec
2090 2199 2177 2251 lacere

477 2303 509 2350 16
531 2308 692 2367 presumant,
719 2302 766 2354 sed
781 2303 862 2354 liceat
884 2305 936 2369 ipsi
952 2298 1065 2354 sancte
1088 2304 1288 2370 congregationi
1311 2303 1354 2354 vel
1371 2304 1423 2369 ipsi
1445 2309 1537 2352 sancto
1556 2303 1624 2364 loco,
1647 2301 1719 2369 quod
1742 2304 1781 2353 eis
1795 2317 1843 2367 per
1862 2307 1961 2352 rectam
1985 2303 2177 2369 delegationem

531 2405 656 2457 collatum
680 2412 727 2472 est,
756 2409 886 2473 perpetim
909 2407 1054 2473 possidere.
1076 2407 1147 2458 Illud
1170 2423 1233 2458 vero
1256 2409 1284 2456 in
1306 2407 1357 2458 boc
1380 2406 1521 2473 privilegio
1544 2412 1634 2457 nostre
1656 2407 1793 2457 serenitati
1815 2406 1918 2472 placuit
1939 2405 2116 2470 inserendum,
2139 2412 2177 2471 ut,

531 2526 591 2561 cum
613 2511 697 2562 abbas
720 2510 753 2562 de
769 2512 829 2577 ipsa
850 2526 913 2563 casa
934 2511 977 2563 dei
993 2511 1025 2562 de
1039 2512 1091 2563 hoc
1113 2512 1204 2563 seculo
1226 2518 1294 2564 nutu
1310 2511 1400 2562 divino
1424 2511 1506 2563 luerit
1527 2515 1663 2580 evocatus,
1686 2510 1767 2562 liceat
1789 2511 1842 2576 ipsi
1864 2515 1957 2562 sancte
1978 2511 2178 2577 congregationi

532 2613 565 2665 de
585 2615 644 2680 ipso
666 2616 826 2666 monasterio
849 2631 882 2667 ex
897 2616 1045 2680 semetipsis
1067 2615 1173 2682 eligere,
1202 2622 1230 2668 et
1250 2632 1329 2683 quem
1356 2617 1456 2667 bonnm
1479 2620 1506 2667 et
1532 2615 1693 2683 condignum
1715 2616 1874 2679 invenerint,
1906 2616 1954 2682 qni
1979 2601 2087 2687 ipsum
2110 2630 2178 2666 onus

532 2710 657 2768 abbatis⁸
679 2719 824 2770 secundum
848 2718 967 2770 ordinem
990 2725 1110 2771 sanctum
1126 2721 1211 2785 possit
1232 2735 1324 2786 regere
1346 2720 1390 2771 vel
1404 2719 1562 2787 gubernare,
1586 2725 1613 2771 et
1634 2721 1796 2771 unanimiter
1817 2721 2008 2784 consenserint,
2031 2719 2094 2769 dcta
2116 2735 2178 2771 anc-

477 2819 511 2868 20
533 2823 640 2874 toritate
663 2837 680 2872 a
701 2823 779 2874 nobis
801 2823 845 2875 vel
868 2839 884 2873 a
906 2825 1105 2876 successoribus
1127 2825 1225 2876 nostris
1247 2824 1346 2875 ibidem
1369 2826 1396 2875 in
1418 2825 1479 2890 ipsa
1501 2839 1564 2874 casa
1584 2823 1628 2875 dei
1648 2824 1805 2874 instituatur
1826 2823 1898 2875 abba
1919 2828 1947 2875 et
1961 2839 2009 2888 pro
2032 2823 2179 2875 stabilitate

531 2927 606 2992 regni
627 2928 711 2976 nostri
733 2926 776 2978 vel
799 2943 847 2992 pro
870 2929 973 2978 cunctis
996 2928 1083 2980 leudis
1104 2930 1202 2980 nostris
1222 2945 1270 2980 seu
1286 2934 1345 3000 pro
1361 2929 1448 2981 salute
1471 2931 1556 2994 patrie
1578 2929 1678 2980 domini
1701 2929 1908 2981 misericordiam
1930 2914 2050 2998 iugiter
2072 2929 2179 2980 valeant

532 3044 649 3092 morere,
677 3031 742 3096 quis
768 3038 828 3081 uos
856 3038 915 3101 pro
944 3017 997 3082 dei
1026 3038 1138 3084 amore
1167 3017 1220 3083 vel
1248 3040 1307 3105 pro
1336 3018 1520 3084 reverentia
1547 3018 1693 3104 ipsorum
1722 3025 1914 3083 sauctorum
1942 3026 2123 3102 martyrum
2146 3027 2179 3083 et

532 3116 746 3203 adipiscenda
757 3119 826 3184 vita
839 3128 952 3185 eterna
963 3119 1027 3186 hoc
1039 3120 1234 3187 beneficium
1249 3120 1293 3188 ad
1305 3123 1414 3208 ipsum
1428 3129 1577 3187 sanctum
1591 3121 1700 3187 locum
1712 3121 1765 3187 vel
1772 3120 1934 3207 adipsum
1945 3121 2179 3187 monasterium

531 3242 589 3307 per
611 3241 808 3287 consensum
832 3223 1034 3308 pontificum,
1064 3241 1230 3305 optimatum,
1252 3240 1396 3292 illustrium
1418 3243 1536 3292 virorum
1558 3246 1708 3292 nostrorum
1737 3255 1884 3306 procerum,
1911 3241 2062 3307 gratissimo
2090 3241 2179 3292 animo

478 3341 512 3389 26
535 3345 562 3390 et
582 3341 687 3408 integra
707 3341 850 3394 devotione
872 3344 923 3394 visi
945 3343 1046 3394 luimus
1067 3347 1215 3410 prestitisse
1237 3345 1281 3396 vel
1304 3347 1475 3410 concessisse,
1498 3361 1529 3397 eo
1551 3344 1677 3396 videlicet
1698 3345 1791 3396 ordine
1813 3350 1851 3409 ut,
1874 3346 1945 3396 sicut
1965 3349 2084 3410 tempore
2106 3351 2179 3396 ante·

530 3445 629 3494 riorum
651 3461 742 3512 regum
757 3463 774 3496 s
796 3447 896 3498 ibidem
918 3449 947 3498 iu
962 3449 1021 3512 ipsa
1043 3454 1136 3500 sancta
1150 3449 1263 3500 basilica
1285 3450 1442 3514 psallentius
1464 3465 1511 3516 per
1533 3455 1634 3499 turmas
1655 3450 1708 3499 luit
1728 3450 1876 3512 institutus,
1898 3449 1968 3499 sicut
1983 3448 2048 3500 ordo
2070 3453 2179 3500 sauctus

531 3547 632 3612 edocet,
660 3549 703 3601 die
731 3555 866 3617 noctuque
896 3552 1065 3617 perhenniter
1092 3554 1120 3604 in
1148 3554 1206 3620 ipso
1233 3553 1293 3605 loco
1322 3558 1415 3606 sancto
1442 3554 1598 3605 celebretur.
1627 3555 1713 3617 Quam
1742 3570 1759 3602 s
1787 3535 1990 3605 auctoritatem¹
2015 3552 2121 3604 cbristo
2150 3554 2179 3602 in

532 3654 654 3706 omnibus
682 3655 759 3706 nobis
789 3656 951 3724 suffragante
980 3656 1145 3722 confidimus,
1173 3660 1237 3725 qnia
1263 3659 1372 3710 adiuvet
1404 3659 1445 3709 illi
1468 3645 1711 3710 consentientes
1744 3664 1771 3710 et
1800 3657 1913 3724 despicit
1941 3657 2015 3708 illam
2043 3657 2180 3710 destruere

532 3758 678 3822 cupientes.
714 3760 751 3810 Et
773 3765 803 3811 nt
824 3760 965 3812 firmiorem
988 3761 1108 3813 obtineat
1129 3763 1248 3829 vigorem
1270 3769 1297 3814 et
1318 3764 1417 3814 uostris
1439 3779 1471 3814 ac
1485 3763 1583 3813 futuris
1605 3763 1655 3813 deo
1678 3762 1824 3814 auxiliante
1846 3763 2013 3828 temporibus
2034 3762 2112 3814 illese
2133 3779 2179 3814 cu-

473 3860 509 3908 ³0
531 3861 662 3914 sudium
684 3869 711 3914 er
732 3879 779 3929 per
801 3869 921 3929 tempora
943 3870 1122 3929 conservetur,
1145 3852 1281 3937 propria
1302 3873 1401 3916 manu
1425 3851 1611 3917 studuimus
1634 3849 1841 3916 adumbrare.

635 3984 771 4072 Signum
794 3992 860 4067 (ll.)
881 3988 1034 4074 Pippini¹
1055 3987 1281 4075 gloriosissimi
1304 3990 1402 4074 regis.

636 4127 726 4192 Data
749 4147 837 4192 nouo
860 4127 927 4192 kal.
951 4126 1059 4194 octob.
1084 4149 1171 4193 anuo
1194 4141 1273 4194 xvu
1295 4129 1387 4214 regni
1410 4128 1528 4210 nostri3
1563 4138 1674 4193 actum
1697 4127 1825 4213 inipso
1848 4129 2050 4193 monasterio
2074 4127 2179 4193 saneti

533 4229 696 4316 Dyonisii.

1326 4524 1388 4599 26.

476 4719 512 4767 ss
535 4699 667 4793 Pippto
694 4699 852 4792 bestdtipt
878 4701 956 4772 dem
982 4699 1126 4774 Kloster
1152 4700 1202 4773 St.
1231 4700 1369 4773 Decio
1395 4701 1451 4773 die
1477 4701 1699 4774 Immccttdt.

1622 4856 1665 4918 St.
1689 4855 1784 4916 Desste
1808 4858 1872 4916 768
1895 4855 2063 4930 September
2083 4857 2136 4917 23.

636 5047 884 5122 Nuctses'ctosmc
906 5065 963 5108 aas
986 5048 1053 5107 dem
1075 5048 1193 5122 Bepinss
1215 5047 1266 5108 des
1289 5051 1318 5108 9.
1343 5047 1396 5108 Jt.
1420 5049 1464 5106 im
1484 5045 1730 5107 Natiossclorcbio
1750 5063 1791 5105 ιιι
1812 5044 1903 5106 Paris
1926 5043 1993 5124 (Β).

635 5203 763 5264 Doublct
779 5205 860 5266 Hist.
876 5204 911 5263 dc
927 5203 970 5266 st.
988 5206 1089 5279 Dones
1104 5209 1167 5266 700
1190 5206 1263 5264 ohne
1278 5205 1408 5278 Areopa.
1431 5237 1473 5248 -
1488 5204 1624 5264 Felibien
1639 5203 1719 5263 Hist.
1735 5203 1771 5261 de
1784 5201 1831 5261 St.
1847 5201 1950 5276 Dessys
1966 5220 2017 5275 pr.
2035 5204 2076 5262 31
2092 5208 2125 5260 ιιο
2140 5205 2181 5262 46

637 5306 798 5382 sart’oriy.
817 5306 872 5386 (B)
896 5331 937 5363 =
961 5308 1098 5382 Bouquet
1115 5311 1144 5380 5,
1169 5313 1231 5370 ⁷09
1253 5314 1287 5367 ιιο
1311 5311 1417 5368 18:
1439 5308 1541 5382 lliqne
1562 5307 1674 5368 Patrol.
1696 5309 1747 5377 96,
1771 5307 1856 5366 1566
1878 5309 1979 5366 637.
2004 5337 2044 5349 -
2071 5303 2186 5377 Tardis

642 5411 726 5472 Moe.
756 5412 824 5472 bist.
849 5413 890 5472 50
913 5417 947 5471 ι’
970 5414 1009 5472 61
1039 5429 1095 5472 eur
1122 5411 1215 5485 l'orip.
1240 5413 1304 5491 (B).
1338 5445 1371 5456 —
1406 5412 1496 5472 Face.
1524 5414 1557 5470 ιἰι
1579 5411 1710 5471 Facsim.
1734 5409 1769 5468 de
1791 5396 1901 5468 l'Eeote
1931 5409 1981 5469 dea
2004 5409 2117 5468 elrcrtes
2140 5430 2181 5463 =

638 5515 726 5588 sopp
749 5513 963 5587 Sebrisltofelss
985 5519 1013 5574 4.
1041 5547 1079 5558 -
1102 5515 1296 5574 Mdleltaclecr
1319 5517 1390 5589 Περ.
1417 5517 1480 5574 108
1503 5513 1602 5592 (105).

639 5669 720 5730 Doss
742 5671 790 5729 die
818 5670 960 5732 Urlrsmde
982 5671 1062 5729 siclt
1089 5669 1227 5745 Oripincl
1248 5673 1297 5740 ist,
1327 5672 1377 5730 liat
1401 5671 1504 5752 Siclrel,
1528 5672 1601 5744 Rep.
1623 5674 1688 5731 219
1711 5670 1740 5729 P
1760 5672 1812 5750 29,
1840 5670 2004 5729 cossstotirt.
2039 5667 2100 5728 Die
2122 5669 2180 5727 Re-

642 5776 790 5848 copnits'oo
811 5775 876 5835 send
899 5774 953 5835 das
975 5774 1302 5849 Recopnttiooseeiclsess
1340 5807 1377 5818 -
1416 5775 1510 5834 dieses
1533 5777 1588 5834 mit
1611 5774 1784 5834 Ausnolsmc
1805 5774 1858 5833 der
1879 5774 1973 5846 ssessip
1999 5772 2181 5845 qelcepeoeu

633 5960 674 6015 25.
692 5962 718 6029 e)
736 5962 843 6014 abbatie
861 5957 888 6012 B
1002 5960 1117 6026 stVU..·
1134 5959 1309 6024 decrivemus,
1328 5959 1408 6013 dorso
1427 5963 1503 6013 scrire
1520 5959 1593 6013 auct
1609 5967 1638 6011 et
1654 5973 1690 6012 sss
1707 5962 1844 6028 ιιφᾶιιιιιι
1948 5961 1976 6026 g)
1993 5959 2084 6024 Pipini
2101 5954 2134 6009 B.

1974 6060 2007 6110 b*
