5642 7159
1073 729 1193 791 [sun
1213 730 1303 791 BER
1325 731 1497 793 GROSSE
1518 728 1592 795 813.
2093 730 2153 797 291

606 936 664 979 aas
685 919 724 980 A.
749 953 788 963 -
812 921 900 981 Face.
926 923 972 981 bei
993 921 1087 981 Foiiec
1109 922 1174 981 send
1197 921 1301 983 Stachc
1324 923 1342 981 i.
1363 940 1398 994 a,
1421 921 1601 982 Kaiesraris.
1624 924 1657 982 in
1680 921 1800 983 Aceste.
1824 922 1851 995 I,
1876 925 1905 995 5,
1930 920 2156 997 Schriftprobsa

605 1025 661 1082 mit
690 1023 948 1100 Sieyelobbiidmsp
971 1026 1163 1087 distillent.
1186 1045 1209 1087 c.
1234 1030 1295 1089 391
1320 1031 1342 1089 t.
1365 1028 1419 1098 25,
1459 1025 1540 1102 Orio.
1567 1026 1670 1101 Gueif.
1695 1027 1724 1089 l.
1739 1044 1762 1088 c.
1790 1060 1834 1071 -
1860 1027 2055 1089 Mendesios
2082 1028 2153 1104 Res.

607 1132 671 1190 477
693 1127 793 1207 (464).

609 1285 697 1346 eoas
718 1304 778 1346 oon·
796 1286 960 1348 Witiren'ae
978 1290 1175 1362 aeschriebes.
1214 1288 1274 1349 Die
1295 1289 1543 1363 Jehreseeecosn
1565 1290 1599 1348 in
1621 1288 1679 1347 dea
1700 1258 1881 1349 tirootacben
1901 1288 1999 1349 Noton
2022 1288 2073 1349 des
2095 1290 2153 1350 Rc

610 1392 906 1465 oecumenem
930 1393 1019 1471 (anno
1033 1392 1188 1454 tredecimo
1209 1393 1305 1454 domni
1320 1394 1420 1454 Karoli
1443 1391 1621 1454 serenissimi
1636 1391 1767 1471 angusti)
1789 1394 1927 1453 scisciaco
1947 1410 2004 1452 ooo
2026 1393 2154 1453 eadmer

606 1496 700 1555 Hasd
722 1494 874 1571 amcftpt
895 1515 936 1556 su
958 1498 1040 1570 seim·
1072 1514 1144 1557 sum
1168 1497 1252 1557 Theti
1277 1496 1479 1557 obwcicbessdc
1501 1494 1677 1571 Aulidsuop
1705 1496 1758 1555 der
1786 1497 1967 1558 serenissim
1987 1497 2085 1559 Nesea
2107 1498 2154 1557 bei

604 1601 693 1673 chp
715 1600 870 1675 Palacoqr.
887 1604 961 1664 erit.
985 1607 1015 1673 1,
1039 1605 1113 1673 387,
1137 1603 1202 1660 ciac
1224 1600 1461 1674 aaooilstdodipc
1483 1603 1516 1660 iss
1538 1601 1718 1662 Koissraris.
1742 1603 1776 1661 ia
1798 1600 1916 1661 Abbild.
1935 1601 1961 1671 l,
1986 1602 2006 1661 5
2032 1602 2106 1661 rect
2120 1605 2151 1663 3.

603 1703 669 1764 Dae
692 1704 789 1779 Sieqel
810 1707 850 1765 ist
872 1705 1018 1766 idmtiect
1039 1707 1095 1765 mit
1112 1707 1213 1780 jmem
1235 1704 1288 1764 der
1309 1706 1493 1779 Kooe'psaes't,
1517 1722 1573 1764 ooo
1596 1706 1649 1765 der
1676 1706 1841 1778 Umacbre'st
1862 1707 1903 1766 iet
1924 1705 1998 1765 noct
2013 1704 2053 1783 «Ι-
2077 1705 2152 1765 ΧΡΕ

603 1809 779 1870 Psorssir
803 1810 983 1872 GAROLVM
1011 1855 1105 1872 .....
1134 1811 1160 1869 R
1181 1808 1395 1881 scetsustsilen,
1430 1810 1478 1868 die
1500 1808 1710 1883 Aboszduneen
1731 1812 1776 1871 bei
1798 1810 1901 1882 Felice,
1938 1810 2019 1884 Orio.
2047 1808 2150 1882 (iacis.

604 1912 623 1973 i.
647 1930 670 1973 c.
694 1913 759 1971 aod
780 1915 913 1974 Eckbort
934 1914 1069 1975 Francia
1090 1916 1196 1975 oriere.
1218 1918 1250 1986 2,
1273 1918 1313 1975 91
1338 1915 1393 1972 mit
1416 1914 1469 1972 der
1490 1913 1612 1988 nesano
1634 1915 1914 1975 IMPERATOREM
1943 1916 2041 1975 steten
2062 1918 2152 1975 water

602 2018 669 2076 dem
690 2019 828 2090 Eintluss
849 2037 890 2078 sa
912 2021 1041 2094 sippiqer
1061 2019 1226 2079 Pbontosic
1246 2018 1303 2092 opt.
1326 2018 1404 2078 asech
1427 2017 1524 2078 Sicleci
1551 2018 1615 2079 ΠΒ.
1638 2021 1700 2080 351
1725 2019 1765 2081 Ν.
1782 2023 1834 2080 10.
1859 2053 1901 2064 -
1922 2019 2087 2079 Furinales
2109 2043 2150 2076 =

601 2128 636 2181 πθ
654 2126 728 2184 213.
772 2125 847 2198 Asty
874 2126 914 2184 ist
936 2125 1102 2184 Koscname
1132 2124 1188 2196 fair
1210 2122 1365 2195 Accersas,
1404 2122 1524 2182 Wsem
1545 2121 1606 2183 SB.
1631 2124 1683 2195 52,
1706 2126 1780 2183 335.
1831 2123 1925 2184 Ucbcr
1953 2122 2001 2182 dis
2027 2123 2149 2184 Uestali-

601 2228 714 2287 borkeit
737 2226 877 2300 frabercr'
907 2228 1032 2301 Zsoes'fet
1058 2246 1099 2288 aa
1127 2229 1180 2287 der
1207 2228 1343 2287 Ecbtbeit
1370 2225 1467 2287 siccet
1488 2227 1560 2301 ch.
1583 2229 1648 2287 296
1674 2228 1801 2299 11247,
1835 2227 2047 2301 Forsesaaoea
2068 2246 2095 2286 a.
2119 2228 2148 2287 ἄ.

604 2331 708 2393 eccs.
724 2336 753 2406 7,
778 2335 851 2405 611,
882 2334 1030 2395 Wilmaas
1053 2332 1072 2393 l.
1089 2350 1113 2395 c.
1137 2335 1210 2393 568.
1242 2332 1307 2391 Zur
1331 2331 1535 2405 Topoqrcpbie
1556 2332 1771 2405 Forscseneen
1793 2335 1824 2403 7,
1849 2335 1922 2403 612,
1944 2330 2063 2391 Assem
2083 2330 2149 2391 Aa·

600 2434 790 2510 sicdeismpea
810 2438 885 2503 259,
909 2440 982 2498 453.
1024 2437 1127 2498 Beeits
1148 2436 1213 2497 uod
1240 2436 1382 2497 Urkssnde
1402 2437 1510 2496 tomen
1534 2436 1627 2496 darcis
1649 2435 1826 2511 Sebsakuap
1848 2436 1899 2497 des
1924 2435 2042 2509 Grofsu
2063 2436 2148 2511 Esto,

601 2540 681 2600 since
702 2540 923 2602 Nocbtommsa
945 2542 996 2602 des
1017 2540 1232 2617 mosomus,
1255 2560 1297 2601 aa
1322 2542 1433 2613 coroa,
1463 2540 1593 2615 Wipossd
1618 2540 1708 2601 iisd.
1734 2538 1818 2603 Oorb.
1843 2543 1885 2601 72
1905 2539 1928 2619 ἕ
1948 2544 2022 2601 334.

601 2762 755 2847 (c.)}{1n
777 2766 909 2832 nomine
933 2768 1037 2852 patris
1060 2776 1093 2832 et
1115 2766 1173 2831 filii
1197 2775 1229 2831 et
1252 2766 1387 2851 spiritus
1412 2765 1528 2829 sancti.
1564 2764 1710 2829 Karolus
1736 2764 1964 2829 serenissimus
1986 2772 2147 2849 augustus

496 2887 518 2930 a
541 2865 603 2931 deo
626 2878 805 2934 coronatus
833 2891 975 2956 magnus
1005 2871 1162 2958 pacificus
1185 2872 1365 2957 imperator
1385 2869 1571 2935 Romanum
1599 2869 1790 2956 gubernans
1816 2869 2002 2954 imperium,
2036 2869 2148 2954 quiet

496 2993 554 3057 per
583 2973 841 3039 misericordiam
872 2974 924 3040 dei
953 2998 1014 3041 rex
1043 2975 1248 3041 Francorum
1279 2984 1311 3039 et
1333 2973 1641 3061 Langobardorum.
1685 3026 1688 3031 .
1748 2988 1879 3039 Omnibus
1901 2986 2026 3040 fidelibus
2048 2989 2146 3039 nostris

440 3094 474 3143 20
496 3094 682 3159 praesentibus
705 3076 719 3160 ’ξ
740 3100 767 3146 et
788 3094 887 3146 futuris
909 3101 1002 3147 notum
1025 3098 1068 3159 sit,
1090 3097 1154 3162 quia
1169 3080 1284 3166 Asig‘,
1308 3081 1364 3166 qui
1389 3089 1422 3144 et
1437 3077 1625 3163 AdalriGUS,
1648 3093 1735 3145 fidelis
1757 3098 1850 3144 noster
1870 3094 1988 3144 innotuit
2009 3094 2146 3144 serenitati

496 3203 611 3263 nostrae,
641 3216 672 3249 eo
696 3201 768 3267 quod
791 3206 867 3266 peter
888 3201 962 3252 illius
985 3185 1099 3269 Hiddi,
1130 3200 1193 3250 dum
1216 3201 1298 3250 ceteri
1321 3198 1441 3250 Saxones
1463 3216 1480 3247 a
1502 3202 1596 3250 contra
1618 3214 1667 3248 nos
1689 3195 1832 3248 infideliter
1856 3198 1979 3263 egissent,
2009 3192 2151 3263 praefatus

495 3286 599 3352 Hiddi
627 3305 739 3356 mallens
768 3306 848 3356 fidem
870 3322 946 3357 suern
973 3322 1079 3358 servare
1108 3321 1188 3371 qnam
1211 3322 1272 3355 cum
1301 3306 1396 3356 ceteris
1426 3302 1579 3355 infidelibus
1609 3318 1787 3369 perseverare,
1821 3302 1975 3367 relinquens
2003 3288 2144 3387 ¹patriam

477 3394 644 3459 ¹nativitatis
665 3425 730 3460 suae
752 3412 863 3462 veniens
885 3411 919 3461 sd
941 3426 991 3462 nos
1015 3417 1048 3474 et,
1072 3411 1135 3460 dum
1158 3411 1186 3460 in
1208 3416 1299 3461 nostro
1323 3415 1393 3460 esset
1408 3410 1546 3485 obsequio,
1568 3408 1643 3459 venit
1657 3407 1691 3457 ad
1714 3407 1805 3458 villam
1828 3408 1905 3457 cuius
1921 3411 1961 3457 set
1982 3406 2144 3457 vocabulum

495 3512 687 3581 Uuluisangar,
721 3530 801 3580 quam
829 3521 894 3566 tunc
921 3517 1048 3581 temporis
1069 3516 1168 3565 Franci
1198 3520 1224 3565 et
1252 3513 1372 3564 Saxones
1399 3498 1524 3584 pariter
1550 3514 1702 3564 inhabitare
1728 3511 1896 3575 videbuntur,
1930 3512 2040 3577 cupiens
2067 3512 2106 3562 ibi
2128 3529 2144 3561 s

442 3618 475 3667 25
497 3632 612 3681 manere,
634 3618 682 3670 sed
703 3621 811 3671 minime
833 3622 930 3686 potnit.
964 3620 1041 3671 Tunc
1062 3633 1175 3686 pergens
1198 3618 1232 3668 ad
1254 3618 1343 3669 locum
1365 3619 1412 3683 qui
1436 3617 1534 3667 dicitur
1556 3597 1850 3666 Hauucabrunnob
1872 3616 1941 3665 inter
1963 3615 2096 3667 Uuiseraa
2117 3622 2144 3666 et

494 3720 601 3771 Fuidaa
623 3708 801 3794 occupavit
822 3724 875 3774 sibi
896 3728 1000 3789 partem
1022 3724 1157 3789 quandam
1179 3722 1213 3773 de
1236 3723 1304 3772 silva
1327 3737 1395 3787 quae
1418 3727 1531 3773 vocatur
1552 3722 1714 3785 Bocchonie,
1742 3736 1821 3787 quam
1844 3721 1959 3770 moriens
1983 3712 2144 3786 dereliquit⁰

494 3824 549 3876 filio
573 3841 621 3876 suo
638 3810 731 3897 Asig,
755 3813 811 3898 qui
833 3822 867 3877 et
882 3809 1080 3878 Adalricue⁶
1102 3820 1258 3894 vocatur,
1283 3810 1362 3877 sed·
1384 3820 1504 3897 postes
1526 3812 1696 3877 venientes
1718 3810 1812 3876 missi
1833 3811 1939 3875 nostri
1960 3809 2005 3874 ad
2028 3808 2142 3874 eadem

493 3912 567 3979 loce
589 3915 793 3999 praedictam
810 3917 929 3982 silvam
951 3916 995 3981 ad
1011 3939 1095 4003 opus
1118 3925 1267 3981 nostrum
1283 3916 1542 4002 conquisierunt,
1566 3916 1610 3982 ad
1626 3916 1843 3982 hereditatem
1865 3913 1993 3980 scilicet
2009 3912 2141 3980 Gerhao

493 4018 661 4103 quondam
685 4019 789 4085 ducis.
826 4021 896 4086 Nos
920 4030 1031 4087 tamen
1053 4028 1188 4106 propter
1209 4019 1307 4085 fidele
1330 4019 1499 4086 servitium
1523 4021 1683 4107 praedicti
1705 4018 1813 4086 fidelis
1842 4019 1944 4085 nostri
1966 4017 2051 4105 Asig
2074 4020 2142 4085 eive

437 4139 472 4189 30
494 4124 600 4208 patris
615 4125 807 4208 petitionem
823 4125 894 4190 eius
910 4124 954 4189 sd
976 4125 1129 4189 effectum
1143 4124 1325 4210 perducere
1347 4124 1497 4191 volentes
1513 4126 1546 4190 in
1569 4124 1684 4191 eadem
1701 4124 1785 4191 silva
1800 4124 1834 4190 in
1856 4123 1931 4189 loco
1946 4131 2141 4207 memorato,

493 4226 549 4292 ubi
572 4236 667 4313 pater
689 4229 760 4293 eins
783 4228 887 4295 Hiddi
910 4226 1012 4295 illud¹
1032 4229 1229 4315 proprisam,
1262 4228 1353 4315 quod
1374 4231 1408 4294 in
1432 4251 1544 4295 eorum
1566 4229 1681 4315 lingua
1702 4228 1823 4294 bivanc
1846 4236 1994 4311 vocatur,
2023 4228 2141 4294 fecisse

493 4333 714 4417 cognoscitur,
749 4332 833 4399 duae
856 4334 971 4421 leugas
999 4336 1032 4400 in
1055 4332 1190 4418 longum
1214 4342 1248 4399 et
1269 4333 1352 4399 duas
1374 4335 1408 4398 in
1431 4334 1534 4399 latum
1558 4344 1591 4399 ct
1620 4357 1680 4400 sex
1701 4334 1736 4399 in
1759 4333 1900 4399 circuitu
1926 4332 1973 4397 illi
1996 4342 2029 4398 et
2050 4332 2139 4398 here-

492 4436 590 4502 dibus
613 4438 683 4504 eius
706 4440 931 4505 concessimus
954 4439 999 4505 ad
1019 4437 1219 4504 habendum.
1244 4437 1311 4504 Sed
1325 4459 1387 4524 pro
1409 4439 1538 4523 integra
1560 4438 1716 4504 firmitate
1739 4453 1773 4504 ad
1796 4460 1913 4504 nostram
1936 4453 2065 4505 accedens
2088 4454 2139 4505 ele-

491 4559 617 4608 mentiam
639 4559 787 4625 postulavit
813 4559 966 4611 celsitudini
988 4565 1104 4623 nostrae,
1137 4564 1168 4609 ut
1191 4564 1297 4609 nostras
1320 4559 1487 4610 auctoritatis
1515 4564 1687 4625 praeceptum
1709 4575 1725 4608 s
1748 4561 1772 4610 ei
1796 4556 1952 4610 confirmare
1975 4558 2140 4624 deberemus,

435 4662 470 4712 35
492 4668 625 4729 quatenus
639 4664 697 4729 ipse
720 4668 747 4715 et
760 4664 871 4715 heredes
893 4664 967 4714 illius
982 4666 1106 4729 perennis
1129 4663 1294 4729 temporibus
1308 4663 1409 4729 absque
1433 4662 1548 4713 alicuius
1563 4662 1727 4728 praeiudicio
1750 4667 1841 4713 tenere
1856 4667 1883 4713 st
1897 4661 2033 4727 possidere
2048 4664 2138 4729 quieto

491 4767 584 4817 ordine
607 4768 743 4820 deberent.
781 4769 865 4820 euius
886 4771 1042 4835 petitionem
1064 4775 1129 4818 non
1153 4752 1335 4818 abnuentes
1360 4752 1447 4818 sicut
1469 4752 1646 4838 unicuique
1668 4750 1814 4817 fidelium
1842 4760 2030 4817 nostrorum
2052 4752 2138 4818 iuste

490 4864 525 4921 et
545 4856 786 4923 rationabiliter
801 4860 982 4944 petentium
1003 4875 1043 4924 itu
1057 4891 1074 4922 s
1096 4874 1259 4924 concessisse
1275 4878 1363 4939 stque-
1377 4874 1406 4921 in
1422 4873 1546 4923 omnibus
1569 4870 1738 4923 confirmasse
1756 4872 1917 4939 cognoscite.
1940 4871 2138 4938 Praecipientes

490 4992 554 5043 ergo
577 4977 708 5043 iubemus,
730 4983 761 5029 ut
783 4979 874 5029 nullus
897 4978 1015 5030 bdelium
1037 4984 1188 5029 nostrorum
1204 4980 1384 5043 praesentium
1407 4977 1511 5028 scilicet
1533 4982 1560 5028 et
1575 4977 1726 5028 futurorum
1748 4975 1898 5041 praefatum
1914 4958 2007 5045 Atig,
2031 4961 2086 5047 qui
2105 4970 2138 5028 et

490 5064 677 5149 AdalricUS,
700 5082 744 5134 vel
767 5083 878 5135 heredes
899 5084 973 5135 illius
995 5084 1028 5135 de
1050 5084 1101 5135 hoc
1123 5086 1245 5150 propriso
1269 5069 1420 5155 superius
1442 5077 1636 5151 memorato,
1664 5082 1736 5149 quod
1758 5084 1787 5132 in
1809 5081 1903 5149 lingua
1925 5096 2015 5133 eorum
2038 5083 2137 5135 bivanc

434 5171 468 5234 40
490 5185 596 5250 dicitur,
619 5188 755 5253 expoliare
777 5195 825 5239 aut
846 5190 995 5257 inquietare
1017 5190 1073 5241 ullo
1096 5205 1203 5256 quoque
1226 5194 1345 5254 tempore
1367 5194 1527 5253 praesumat,
1551 5189 1597 5239 sed
1619 5189 1700 5240 liccet
1722 5190 1755 5252 ci,
1778 5189 1848 5238 sicut
1870 5187 1994 5252 diximus,
2016 5204 2064 5253 per
2085 5190 2136 5241 boc

489 5297 609 5343 nostmm
625 5299 797 5360 praeceptum
819 5296 904 5360 ipsam
919 5302 1025 5359 terrum,
1047 5300 1291 5362 quantumcumque
1313 5298 1389 5359 pater
1405 5294 1463 5344 eius
1486 5279 1663 5365 occupavit
1677 5285 1724 5344 et⁸
1746 5294 1771 5343 ei
1785 5294 1814 5343 in
1836 5292 2009 5344 hereditatem
2027 5293 2135 5357 dimisit,

489 5397 561 5447 omni
583 5402 702 5463 tempore
723 5405 813 5450 tenere
836 5404 916 5464 atque
938 5399 1088 5463 possedere.
1115 5401 1152 5450 Et
1175 5405 1205 5450 ut
1226 5399 1293 5449 haec
1315 5400 1461 5449 auctoritas
1483 5398 1583 5451 firmior
1604 5399 1734 5450 habeatur
1757 5391 1790 5448 et
1812 5413 1859 5463 per
1881 5383 1993 5448 futura
2015 5404 2136 5465 tempora

488 5502 584 5554 melius
607 5508 786 5568 conservetur,
809 5503 842 5554 de
865 5503 946 5553 anulo
969 5509 1060 5556 nostro
1083 5506 1174 5555 subter
1197 5504 1315 5572 sigillare
1337 5504 1473 5555 iussimus.

565 5710 818 5777 maidunensi
836 5713 882 5766 eise
902 5711 1067 5780 Obcrscbaft
1084 5713 1183 5767 radiat
1233 5715 1280 5782 eb)
1296 5714 1517 5765 Hsuucsbrunno
1535 5728 1589 5766 soa
1607 5712 1729 5766 caderes·
1745 5711 1952 5782 plcicbees'tipsr
1970 5710 2062 5766 Hand
2080 5713 2138 5779 osef

433 5775 467 5825 45
643 5780 751 5848 Reme,
769 5780 816 5834 die
827 5781 898 5835 esocis
915 5798 964 5835 am
981 5781 1036 5836 ders
1047 5782 1144 5837 Reum
1161 5798 1214 5836 oca
1232 5798 1255 5836 c.
1267 5785 1285 5835 3
1297 5782 1479 5836 Bacbstabca
1496 5780 1563 5837 siber
1582 5782 1635 5836 dos
1648 5781 1733 5835 Eride
1751 5781 1800 5835 dee
1817 5780 1926 5835 Wortee
1939 5781 2134 5836 bissausreicbt

641 5853 667 5920 c)
683 5857 695 5903 t
713 5850 804 5905 diercis
821 5851 921 5907 Rcsssr
939 5866 1010 5910 corr.
1030 5866 1083 5905 aue
1101 5853 1118 5903 d
1223 5853 1250 5919 d)
1267 5852 1366 5904 siricus
1384 5867 1437 5906 oon
1460 5850 1601 5906 desselben
1620 5850 1711 5905 Hand
1730 5851 1788 5918 aas
1802 5851 1909 5917 linear,
1935 5850 2003 5905 siber
2022 5855 2031 5903 i
2050 5852 2134 5907 Recte

640 5920 715 5975 ciues
733 5920 866 5975 rods'rtcs
885 5920 1079 5986 Obsrecbaftes
1165 5925 1191 5989 e)
1208 5936 1257 5975 cor
1275 5922 1322 5973 sed
1340 5920 1387 5974 eia
1404 5920 1564 5975 Bachstabe
1581 5920 1678 5975 radiet
1770 5921 1892 5987 offiddi
1910 5921 1979 5974 illud
1996 5936 2050 5975 oca
2068 5921 2133 5976 der·

640 5990 732 6044 seibea
749 5989 841 6044 Hassd
859 5990 916 6056 aas
930 5990 1038 6054 liaeus,
1061 5991 1146 6046 Reate
1163 6006 1216 6045 ocri
1233 5994 1252 6045 3
1269 5990 1401 6043 rodirtea
1422 5990 1621 6057 Oberscbcistsa
1639 5991 1709 6045 esocis
1726 5990 1852 6045 sicbtbar
1939 5991 1967 6059 g)
1984 5994 2133 6058 ipsam-et

640 6075 694 6115 voss
711 6060 852 6116 esseben
868 6059 960 6115 Haesd
978 6059 1010 6114 s‘a
1027 6060 1197 6132 psdrdspter
1216 6059 1325 6127 Schrist
1342 6058 1400 6127 auf
1414 6058 1514 6114 Roeur

1914 6162 1966 6213 st·
