5642 7159
692 767 756 835 448
1286 769 1729 829 Knlsnnnnnonnnu.

693 979 826 1045 operam
849 956 969 1037 dando,
990 978 1032 1020 ne
1047 955 1274 1040 possessiones
1297 953 1436 1020 ecclesie
1460 955 1528 1019 suis
1551 953 1753 1040 temporibus
1769 954 1991 1020 minuerentur
2013 954 2064 1020 vel
2081 953 2219 1041 aliquod
2236 953 2346 1019 detri-

693 1072 837 1128 mentum
858 1060 980 1126 babere
1002 1059 1201 1143 viderentur,
1235 1059 1279 1125 ad
1302 1068 1445 1124 nostram
1469 1081 1604 1124 securus
1633 1059 1826 1144 dignitatem
1857 1061 1998 1125 accessit
2031 1082 2092 1126 nos
2119 1082 2178 1145 per
2205 1059 2342 1125 domini

657 1182 671 1232 1
693 1165 900 1231 clementiam
921 1162 1063 1229 fideliter
1084 1163 1275 1246 obsecrans,
1299 1163 1455 1248 quatinus
1470 1163 1633 1248 prefatum
1657 1179 1846 1229 monasterium
1863 1195 1922 1229 cum
1939 1180 2019 1230 rebus
2035 1180 2158 1230 omnibus
2179 1165 2214 1229 in
2231 1184 2343 1249 regno

692 1280 804 1337 nostro
829 1269 893 1335 sibi
909 1283 1104 1349 pertinentibus
1125 1268 1221 1333 iuxta
1236 1266 1417 1332 voluntatis
1442 1288 1500 1332 sus
1515 1268 1720 1354 propositum
1745 1284 1794 1334 sub
1810 1289 1902 1334 nostra
1917 1267 2084 1335 ιίιιιιιιιίοιιιιι
2107 1289 2134 1335 st
2155 1283 2344 1334 immunitatis

692 1392 806 1441 ruinose
828 1390 964 1454 suscipere
985 1371 1179 1438 deberemus
1202 1379 1236 1436 et
1258 1370 1378 1452 omnia,
1401 1392 1464 1456 que
1487 1370 1670 1457 predictum
1693 1357 1928 1438 monesterium
1951 1373 2145 1458 possidebat
2169 1396 2229 1439 seu
2246 1373 2343 1458 lega·
2368 1389 2386 1436 s

691 1479 766 1545 liter
787 1473 1040 1564 possessurum¹1
1062 1484 1143 1558 erat,
1165 1475 1256 1560 regio
1280 1485 1437 1561 precepto
1461 1475 1759 1560 corroboraremus,
1784 1488 1820 1543 ut
1835 1479 1982 1563 prefatus
1999 1478 2105 1544 abbas
2129 1489 2162 1544 et
2176 1478 2345 1544 monachi

692 1605 732 1648 ac
749 1604 957 1650 successores
972 1603 1084 1646 eorum
1103 1581 1273 1665 omnisque
1296 1582 1464 1667 possessio
1481 1580 1709 1648 ecclesiastica
1732 1581 1774 1648 ab
1792 1585 1880 1648 omni
1904 1585 2113 1668 emancipata
2130 1582 2345 1649 subiectione

692 1689 845 1774 omnique
867 1685 980 1773 procul
1005 1685 1220 1771 oppressione
1243 1683 1383 1771 depulsa
1405 1701 1494 1765 quiete
1517 1706 1544 1751 et
1566 1685 1703 1771 pacifice
1732 1685 1793 1751 deo
1818 1694 1851 1751 et
1879 1687 2026 1772 piissimo
2051 1688 2234 1753 confessori
2258 1685 2344 1752 Flo-

692 1792 798 1858 rentio
823 1813 881 1856 sue
904 1789 1049 1856 debiturn
1067 1789 1234 1854 servitutis
1257 1787 1444 1872 persolvere
1461 1790 1655 1876 potuissent.
1684 1790 1876 1857 Deliberato
1892 1792 2004 1878 itaque
2027 1787 2102 1857 cum
2119 1791 2342 1876 optimatibus

690 1897 783 1983 regni
797 1898 901 1962 nostri
923 1894 1130 1961 convenienti
1147 1894 1229 1958 satis
1252 1902 1286 1957 et
1301 1893 1424 1979 optimo
1448 1893 1586 1959 consilio
1609 1894 1822 1980 petitionibus
1845 1895 1927 1960 tanti
1944 1897 2014 1978 viri,
2037 1897 2180 1962 maxime
2202 1917 2342 1961 cumea
2368 1915 2402 1963 ιο

692 2025 757 2088 que
770 2004 859 2067 iusta
875 2008 952 2065 suut
967 1998 1194 2085 postulaverit,
1209 2008 1247 2064 ut
1263 1995 1426 2063 securius¹
1442 1997 1503 2063 deo
1520 2019 1639 2064 vacare
1654 1999 1769 2084 possit,
1785 1998 1924 2065 libenter
1939 2001 2124 2065 annuimus.
2148 2001 2344 2086 Eapropter

692 2123 742 2172 bos
770 2127 860 2172 nostre
888 2103 1125 2189 magnitudinis
1148 2118 1299 2183 imperiales
1327 2120 1417 2184 apices
1439 2117 1496 2170 lieri
1519 2119 1653 2182 iussimus,
1687 2135 1734 2184 per
1757 2135 1824 2185 quos
1852 2122 2013 2185 precipimus
2036 2125 2114 2186 atque
2137 2121 2271 2182 iubemus,
2310 2125 2344 2172 ut

693 2227 784 2277 nullus
804 2226 885 2277 index
907 2225 1032 2290 publicus
1054 2223 1097 2274 vel
1120 2217 1256 2274 exactor
1278 2229 1336 2272 seu
1358 2222 1472 2289 quilibet
1494 2224 1639 2287 superioris
1655 2229 1702 2273 aut
1724 2224 1858 2274 inferioris
1874 2224 1975 2275 ordinis
1998 2225 2158 2290 reipublice
2176 2231 2343 2290 procurator

693 2318 726 2380 in
741 2323 811 2380 toto
827 2334 913 2399 pago
932 2311 1131 2396 Meldagico,
1155 2311 1243 2397 quod
1258 2311 1441 2397 prescripto
1459 2309 1630 2377 Glomensi
1653 2311 1792 2377 cenobio
1809 2335 1850 2377 ex
1867 2313 1995 2399 integro
2013 2314 2082 2378 iure
2097 2313 2341 2401 possidendum

694 2420 928 2500 concessimus,
962 2435 990 2483 in
1013 2433 1140 2484 ecclesias
1168 2437 1215 2482 aut
1236 2431 1297 2482 loca
1323 2431 1367 2482 vel
1384 2445 1468 2497 agros
1497 2432 1554 2482 sive
1576 2431 1693 2497 reliquas
1721 2433 1911 2496 possessiones,
1944 2425 2039 2498 quaem
2067 2432 2192 2484 moderno
2215 2438 2341 2499 tempore
2367 2437 2400 2484 lc

694 2538 816 2602 legaliter
837 2539 865 2587 in
887 2536 1052 2602 quibuslibet
1073 2537 1136 2602 pagi
1158 2536 1298 2587 territoriis
1319 2536 1391 2585 infra
1412 2535 1540 2586 ditionem
1563 2537 1667 2601 imperii
1689 2537 1773 2587 nostri
1796 2541 1899 2587 teneret
1922 2530 1980 2586 sut
2001 2537 2150 2602 possideret
2171 2537 2214 2588 vel
2239 2532 2342 2604 quas¹¹²

695 2642 819 2707 deinceps
841 2642 870 2691 in
891 2643 950 2692 iure
971 2642 1056 2706 ipsius
1078 2641 1131 2691 loci
1153 2646 1202 2690 aut
1215 2656 1263 2706 per
1284 2657 1333 2691 nos
1348 2645 1396 2690 aut
1417 2624 1542 2706 aliquam
1558 2642 1701 2706 ingenuam
1725 2657 1865 2706 personam
1880 2641 1997 2692 voluerit
2019 2641 2110 2692 divina
2124 2644 2209 2708 pistas
2228 2659 2341 2710 augere,

694 2746 835 2797 iudiciario
858 2761 930 2796 more
952 2745 986 2795 ad
1008 2759 1103 2795 causas
1125 2744 1274 2795 audiendas
1295 2744 1338 2795 vel
1360 2761 1377 2793 ιι
1399 2746 1550 2795 mansiones
1573 2745 1717 2811 exigendas
1747 2751 1806 2794 seu
1828 2746 1942 2812 paradas
1964 2746 2100 2797 faciendas
2129 2753 2190 2798 nec
2213 2752 2281 2798 non
2307 2742 2343 2798 el:

694 2850 863 2901 fideiussores
891 2849 1023 2901 tollendos
1046 2835 1115 2899 sive
1144 2850 1264 2900 homines
1286 2834 1353 2898 ism
1385 2833 1463 2899 dicti
1487 2851 1641 2901 monasterii
1669 2866 1749 2915 super
1771 2855 1868 2901 terram
1896 2851 1982 2916 ipsius
2005 2856 2200 2902 commanentes
2230 2851 2342 2901 distrin-

694 2954 795 3020 gendos
817 2959 864 3004 aut
885 2954 955 3005 ullas
977 2954 1149 3005 redibitiones
1172 2937 1223 3003 vel
1246 2953 1355 3004 illicitas
1377 2954 1532 3004 occasiones
1555 2954 1728 3020 requirendas
1751 2954 1806 3004 ullo
1830 2969 1956 3019 umquam
1979 2959 2096 3019 tempore
2118 2953 2221 3021 ingredi
2238 2954 2343 3005 audeat
2367 2956 2401 3005 20

694 3058 737 3109 rel
752 3073 792 3121 ea,
815 3073 867 3124 que
882 3073 964 3124 supra
979 3063 1124 3109 memorata
1138 3062 1208 3121 sunt,
1231 3059 1337 3122 penitus
1353 3059 1460 3124 exigere
1478 3063 1614 3123 presumat
1638 3066 1695 3108 ssu
1717 3044 1751 3108 in
1775 3043 1890 3109 ssdem
1913 3053 2001 3109 terra
2024 3044 2136 3132 aliqua
2158 3046 2344 3132 municipia

695 3146 849 3213 edificare
863 3146 917 3212 vel
932 3155 1121 3212 construere
1137 3146 1266 3229 debeat,
1291 3161 1338 3213 sed
1352 3177 1369 3211 a
1383 3167 1529 3213 memorato
1545 3162 1636 3213 abbati
1653 3165 1763 3230 eiusque
1780 3165 1979 3215 successoribus
1994 3180 2036 3214 res
2051 3163 2164 3229 predicti
2183 3166 2342 3216 monasterii

695 3282 755 3315 cum
783 3266 906 3316 omnibns
933 3266 986 3317 sibi
1015 3266 1131 3331 presenti
1160 3270 1278 3330 tempore
1305 3267 1376 3316 iuste
1403 3267 1532 3316 subiectis
1562 3252 1632 3316 sivo
1659 3250 1809 3337 legaliter
1837 3251 2049 3317 subiiciendis
2084 3268 2133 3318 sub
2163 3269 2343 3319 immunitatis

695 3372 808 3422 tuitione
830 3376 990 3421 concessa
1016 3354 1141 3441 absque
1170 3354 1283 3440 aliqua
1311 3354 1570 3420 contradictione
1598 3354 1651 3421 vel
1674 3356 1898 3441 refragatione
1921 3373 2011 3422 vivers
2033 3365 2135 3422 licent¹¹
2158 3387 2190 3422 ae
2212 3373 2342 3425 residere.

646 3475 674 3524 11
697 3474 874 3526 Concedimus
901 3489 1007 3542 quoque
1029 3473 1160 3543 predicto
1188 3475 1348 3524 monasterio
1371 3481 1487 3539 quatuor
1513 3490 1595 3526 naves
1617 3477 1645 3525 in
1674 3477 1796 3526 omnibus
1819 3477 1904 3542 aquis,
1938 3492 1989 3542 que
2011 3477 2039 3525 in
2066 3492 2147 3543 regno
2171 3482 2262 3528 nostro
2287 3478 2341 3529 dis·
2366 3479 2401 3526 25

696 3585 815 3645 sumunt,
838 3585 865 3632 et
886 3581 1021 3631 licentiam
1044 3578 1188 3645 navigandi
1211 3580 1268 3630 sine
1290 3578 1346 3630 ullo
1368 3581 1566 3646 impedimento,
1593 3586 1624 3631 ut
1646 3579 1736 3630 nullus
1759 3579 1939 3630 ministerialis
1961 3581 2102 3645 ripaticum
2125 3575 2182 3630 sui
2205 3581 2344 3633 teloneum

696 3685 811 3748 accipiat
831 3700 882 3735 nec
904 3684 1051 3749 predictum
1075 3684 1215 3734 cenobium
1238 3699 1286 3749 pro
1309 3686 1348 3735 ais
1370 3684 1426 3736 ullo
1449 3685 1527 3736 modo
1550 3687 1668 3751 precium
1691 3684 1834 3750 persolvat.
1871 3670 1940 3734 Nes
1963 3691 2028 3734 non
2053 3669 2162 3734 omnis
2183 3667 2250 3752 ills,
2277 3692 2344 3756 que

662 3791 676 3840 1
699 3790 733 3841 se
753 3792 833 3841 rebus
855 3791 952 3856 prefati
973 3790 1127 3840 monasterii
1149 3788 1213 3839 fisco
1234 3774 1326 3858 regio
1349 3775 1551 3858 pertinencia
1573 3782 1728 3860 poterunt
1750 3774 1889 3838 inveniri
1912 3773 2077 3855 universa,
2106 3803 2155 3838 nos
2177 3803 2225 3852 pro
2249 3794 2346 3840 eterna

697 3895 910 3945 remuneratione
925 3879 1096 3964 prescripto
1113 3895 1273 3943 monasterio
1289 3893 1467 3957 concedimus,
1489 3910 1505 3944 s
1521 3895 1646 3960 quatinus
1669 3895 1720 3958 ipsi
1736 3894 1804 3943 servi
1822 3893 1872 3956 dei,
1895 3894 1941 3958 qui
1956 3892 2053 3943 ibidem
2069 3892 2119 3942 deo
2142 3884 2175 3942 et
2190 3877 2344 3963 piissimo

663 4018 666 4022 ⁴
697 3983 878 4048 confessori
900 3998 1072 4061 famulantur,
1094 4013 1142 4062 pro
1157 3998 1236 4048 nobis
1259 4002 1285 4047 et
1300 3999 1414 4064 coniuge
1436 3998 1563 4065 proleque
1586 4004 1677 4049 nostra
1699 4003 1726 4048 et
1748 3996 1894 4046 stabilitate
1916 3997 2003 4046 tocius
2025 3997 2129 4060 imperii
2151 3998 2234 4047 nostri
2258 4012 2276 4046 a
2292 3997 2344 4048 deo
2370 4001 2407 4049 30

696 4102 775 4152 nobie
790 4103 910 4154 concessi
924 4119 940 4151 ιι
956 4102 1055 4152 domini
1070 4101 1276 4152 misericordiam
1291 4103 1389 4168 iugiter
1411 4117 1522 4153 exorare
1538 4102 1684 4154 delectetur
1691 4095 1712 4151 ⁰,
1735 4102 1771 4152 Et
1786 4107 1816 4151 ut
1838 4102 1887 4152 bec
1903 4102 2046 4152 auctoritas
2069 4103 2167 4152 nostris
2188 4101 2346 4169 futurisque

697 4207 862 4271 temporibus
891 4206 940 4257 deo
963 4210 1118 4272 protegente
1144 4205 1244 4256 firmior
1265 4205 1397 4257 habeatur
1420 4210 1446 4257 et
1467 4222 1515 4272 per
1541 4191 1753 4257 succedentis
1782 4210 1901 4270 tempora
1923 4204 2018 4256 melius
2047 4211 2225 4268 conservetur,
2259 4221 2344 4257 manu

698 4312 806 4376 propria
827 4311 920 4361 subter
940 4309 1103 4360 firmavimus
1126 4315 1152 4361 et
1174 4311 1248 4360 anuli
1270 4312 1354 4361 nostri
1369 4312 1543 4376 impressione
1566 4311 1665 4376 signari
1681 4310 1815 4360 iussimus.
1838 4293 1873 4360 Si
1898 4295 1970 4380 quis
1994 4303 2104 4360 sutem
2126 4293 2201 4358 huie
2224 4303 2345 4360 nostro

699 4398 861 4485 imperiali
895 4398 1028 4465 decreto
1061 4398 1304 4484 refragabiliter
1337 4399 1471 4465 obviare
1505 4398 1655 4473 voluerit,
1691 4420 1795 4484 usque
1829 4397 1873 4462 ad
1906 4397 2085 4463 adventum
2120 4397 2244 4462 domini
2280 4399 2345 4464 sub

698 4502 919 4569 anathematis
943 4504 1104 4569 sententia
1127 4514 1328 4590 permaneat.
2371 4521 2408 4568 ss

1478 4764 1564 4837 299.

1432 4903 1611 4982 (Uneclat.)

700 5045 795 5114 Korl
821 5045 884 5115 der
916 5041 1043 5115 Groeec
1076 5045 1153 5115 osor
1178 5043 1286 5128 tund,
1321 5029 1404 5115 does
1431 5043 1571 5136 Herzog
1597 5043 1708 5136 Pipin
1734 5046 1798 5116 dor·
1825 5043 1955 5114 Kirelre
1989 5043 2045 5115 St.
2074 5041 2251 5130 Arnnlf
2272 5043 2349 5130 (bei

700 5165 813 5260 Meta)
840 5166 896 5235 die
936 5163 1049 5236 Villen
1083 5166 1237 5255 Norrop‚
1272 5165 1407 5255 Flirep,
1441 5166 1630 5251 Mareotae,
1673 5165 1770 5256 Vipy,
1805 5165 1982 5256 Floos'pop
2012 5165 2202 5256 persensi,
2244 5169 2349 5238 sones

700 5288 777 5359 dem
805 5284 876 5356 Aba
902 5288 978 5358 nod
1004 5289 1071 5358 den
1097 5287 1242 5378 obsipat
1269 5286 1412 5358 Herren
1439 5289 1503 5358 doe
1526 5287 1682 5379 Prioilcp
1708 5287 1880 5358 verlielren
1907 5285 2001 5372 boba,
2031 5286 2196 5357 sirmond
2221 5307 2409 5358 caesareo

700 5411 767 5481 cleo
793 5410 954 5500 Kb'nipen
981 5433 1025 5480 sn
1052 5410 1187 5493 simoen,
1216 5411 1416 5480 oneeerdcm
1443 5387 1522 5479 dorsi
1548 5407 1630 5494 Ast,
1658 5410 1758 5480 einen
1784 5407 1882 5498 Rinp
1908 5431 1953 5478 eu
1981 5415 2111 5499 tropeo.

805 5718 1055 5781 connumeres
1077 5721 1271 5781 ranns.
1297 5723 1337 5781 64
1355 5739 1389 5794 p.
1406 5725 1448 5782 39
1473 5719 1524 5798 (θ)
1548 5720 1612 5779 und
1635 5720 1811 5794 Sommluny
1834 5720 1915 5782 Solis
1937 5726 1971 5778 n⁰
1986 5721 2027 5781 76
2051 5718 2075 5792 f.
2093 5721 2135 5780 18
2158 5719 2215 5799 (1))
2239 5723 2272 5779 in
2296 5721 2352 5781 cler

805 5827 1051 5887 Stadtbibliotlrele
1072 5845 1113 5885 ιιι
1136 5827 1226 5887 Meta.

779 6010 837 6070 298,
858 6013 878 6077 i)
895 6015 1059 6065 deffensione
1078 6011 1112 6065 0²
1199 6013 1229 6079 lr)
1246 6027 1417 6079 possessurus
1437 6009 1471 6062 0²
1558 6010 1578 6077 l)
1596 6013 1723 6061 secretius
1743 6009 1776 6061 01
1855 6010 1891 6077 ιιι)
1909 6025 1961 6077 que
1979 6009 2015 6063 0²
2093 6011 2122 6076 ιι)
2140 6009 2224 6061 libeat
2242 6007 2277 6062 0²
2372 6010 2408 6058 45

857 6083 884 6149 ο)
902 6084 1069 6134 delectantur
1089 6081 1133 6134 0².
