5642 7159
1086 767 1207 826 KABL
1230 767 1319 827 ulcu
1341 766 1512 828 GROSSE
1534 797 1585 826 —.
2094 758 2157 823 477

615 958 691 1018 dicte
715 957 790 1018 boile
812 957 961 1032 legebatur
994 955 1026 1017 in
1047 956 1175 1018 licteris:
1212 957 1347 1031 ‚Karolus
1375 959 1501 1033 Magnus
1524 975 1573 1018 rex
1598 959 1772 1018 Francorum
1798 958 1827 1016 et
1849 955 2103 1030 Langobardorum
2125 971 2160 1013 ac

616 1062 753 1140 patritius
768 1062 960 1122 Romanorum
983 1064 1012 1123 ot
1034 1079 1147 1138 sempor
1169 1061 1322 1136 angustue‘
1345 1064 1375 1121 et
1396 1079 1430 1121 ex
1453 1062 1545 1121 altera
1564 1063 1646 1136 parto
1669 1061 1744 1122 bullo
1767 1062 1830 1120 erat
1852 1059 1992 1119 insertum
2017 1052 2159 1138 [imagol]

616 1166 725 1228 domini
746 1167 840 1227 nostri
861 1167 928 1226 Iesu
951 1165 1059 1226 Christi
1081 1166 1209 1226 sodomis
1231 1165 1261 1225 in
1283 1168 1367 1225 trono
1389 1168 1418 1225 et
1441 1167 1523 1226 beate
1545 1164 1669 1240 virginis
1690 1163 1782 1225 Mario
1804 1163 1866 1224 eius
1889 1162 1991 1223 matris
2012 1165 2042 1222 et
2064 1160 2159 1222 sancti

613 1269 753 1330 Iohannis
775 1269 889 1330 Batiste
918 1272 948 1329 et
969 1268 1000 1329 in
1022 1269 1129 1330 circulo
1151 1269 1227 1329 dicte
1249 1269 1324 1330 bullo
1346 1270 1497 1345 legebatur
1518 1270 1551 1329 iu
1573 1268 1697 1331 lictoris:
1726 1268 1869 1343 ,Christns
1891 1267 1986 1328 iactus
2008 1271 2053 1327 est
2075 1268 2159 1328 homo

614 1372 750 1440 obediens
765 1390 855 1450 usquo
877 1374 914 1433 ad
929 1374 1058 1448 mortem,
1082 1374 1200 1433 mortem
1217 1375 1313 1433 antem
1334 1371 1438 1433 crucis‘
1456 1372 1546 1450 (Phil.
1561 1377 1593 1445 2,
1611 1369 1655 1451 8),
1679 1373 1741 1433 oleo
1757 1374 1822 1432 eine
1844 1373 1942 1446 eiecta
1965 1368 2160 1445 uupefcrtipte

617 1475 774 1537 Gotdbutte
794 1493 851 1536 eost
872 1477 974 1536 menso
996 1477 1259 1552 amhaatuadiper
1280 1478 1387 1537 Mache
1408 1477 1455 1537 uls
1478 1476 1527 1537 die
1554 1477 1697 1538 Urtuode
1718 1477 1817 1537 aetbat.
1839 1508 1883 1521 —
1904 1475 2083 1548 thschsuu
2106 1493 2159 1534 ea

612 1581 908 1656 sammmpcstcppett
928 1598 984 1641 coes
999 1581 1111 1656 Epidio
1124 1583 1225 1653 Rosci,
1249 1582 1315 1640 dem
1329 1582 1428 1642 Notas
1449 1581 1499 1641 des
1515 1581 1678 1643 Bortototto
1697 1581 1851 1652 Vencroso,
1874 1596 1931 1640 aas
1947 1579 2000 1638 ἄεν
2018 1578 2161 1640 Urkuede

612 1684 785 1745 Fre'edvv’cho
807 1684 845 1745 Il
863 1701 921 1744 oea
942 1688 1028 1745 1216
1050 1685 1192 1746 Febraor
1213 1691 1252 1748 11
1278 1686 1334 1759 seir
1356 1688 1405 1746 die
1431 1687 1580 1759 litationi,
1603 1686 1644 1749 N.
1667 1687 1758 1747 Aroh.
1780 1689 1834 1757 29,
1858 1688 1931 1756 463,
1965 1683 2087 1744 welches
2108 1682 2162 1742 der

614 1792 690 1847 erate
713 1788 798 1848 I'trett
819 1788 871 1848 des
893 1789 1017 1850 &stokes
1039 1794 1224 1849 estnommea
1244 1792 1285 1850 ist
1307 1790 1387 1868 (VII.
1411 1789 1453 1868 1),
1477 1791 1542 1851 aad
1563 1790 1620 1864 far
1642 1791 1698 1850 den
1720 1792 1792 1852 Rest
1814 1807 1872 1850 oua
1894 1789 1947 1848 der
1967 1789 2044 1848 uach
2065 1788 2162 1847 dieser

619 1891 763 1951 Urhande
783 1894 840 1951 mit
860 1893 1059 1953 Ueberesobme
1081 1894 1161 1954 ihrcs
1182 1895 1360 1955 Wortloctcs
1383 1893 1686 1978 onpefertiptenland
1708 1896 1889 1955 eraceiterten
1911 1893 2082 1965 thsoboap
2104 1889 2161 1963 seir

615 1995 673 2054 dees
697 1994 842 2069 ,Gresea‘
866 1997 1077 2072 Bartholoctus,
1099 1998 1176 2059 iilius
1197 1999 1278 2059 Petri
1300 2001 1438 2061 Venerosi
1461 2001 1575 2061 comitis
1598 2000 1721 2078 palatini
1743 2002 1778 2060 de
1800 1999 1875 2074 Ripa
1897 1998 2000 2068 insule,
2024 1994 2161 2074 Sngparie

613 2102 643 2160 et
672 2100 807 2176 Bardine‚
842 2118 899 2161 coes
928 2104 1014 2162 1246
1036 2102 1131 2161 hidre
1152 2108 1204 2175 13,
1238 2102 1562 2164 Ηννίἄανᾶ-Βνᾶιεᾶεε
1590 2105 1680 2192 Ηνζνᾶ.ι
1700 2104 1772 2177 dipl.
1795 2102 1947 2162 Friderici
1968 2099 2006 2159 ll
2026 2103 2057 2171 6,
2086 2102 2160 2168 941,

614 2203 868 2265 Boinoa-Fictor
889 2206 963 2280 Rep.
979 2207 1051 2280 imp.
1073 2207 1198 2267 Veios
1219 2207 1303 2283 (VU.
1318 2205 1383 2285 II),
1407 2207 1510 2267 welche
1530 2209 1620 2268 achon
1638 2211 1722 2269 1286
1744 2211 1834 2266 anta
1850 2203 2011 2277 Berassnp
2034 2200 2161 2274 darauf,

614 2308 685 2369 deas
713 2310 768 2369 dos
796 2310 887 2370 Hace
914 2311 1053 2371 Venerosi
1079 2312 1153 2370 noch
1179 2316 1220 2371 14
1247 2313 1360 2372 celeber
1385 2312 1577 2372 toiserlicher
1604 2312 1785 2386 Psioitepien
1813 2311 1921 2371 besitse
1949 2307 2094 2386 (erhulteu
2121 2308 2160 2366 ist

615 2430 722 2473 ausser
747 2420 782 2472 n⁰
795 2416 860 2476 316
882 2416 954 2475 noch
977 2414 1033 2475 dos
1055 2416 1223 2490 onpehh'che
1244 2416 1377 2491 Pricilep
1399 2418 1559 2478 Heinrichs
1586 2415 1630 2477 Vl
1649 2434 1706 2476 eoa
1728 2419 1823 2487 1195,
1848 2412 1978 2486 Stumpf
1995 2410 2105 2490 4942),
2128 2411 2162 2468 in

613 2518 750 2594 Botopnu
758 2519 933 2593 pruldische
953 2519 1143 2595 Vcrwertccp
1159 2518 1246 2595 Ῑανιᾶ,
1269 2521 1380 2580 Fictor
1393 2521 1608 2595 Forsohunpen
1622 2525 1653 2592 2,
1670 2525 1727 2593 99,·
1749 2519 1905 2581 Nachseee‘s
1923 2519 1975 2577 ἄεν
1989 2516 2161 2588 Felschaap

612 2640 669 2682 oon
691 2621 993 2695 Scheria-Boichorst
1014 2624 1058 2682 im
1078 2623 1118 2684 N.
1136 2624 1294 2696 ΔννΙι.20,
1311 2624 1572 2702 saumariorum
1593 2625 1626 2683 in
1649 2621 1946 2695 Scheria-Boichorst
1971 2620 2037 2680 Zur
2057 2617 2158 2680 (lescle.

614 2727 664 2786 dea
689 2726 766 2787 XII.
789 2727 854 2786 ἄνιᾶ
878 2725 974 2787 XIII.
998 2726 1051 2788 Jb.
1074 2727 1160 2807 257),
1185 2731 1258 2790 459.

614 2913 647 2963 ln
661 2913 768 2964 nomine
783 2919 874 2965 sancte
890 2919 917 2964 et
931 2912 1069 2965 individue
1084 2915 1219 2964 trinitatis.
1242 2932 1258 2964 a
1280 2915 1381 2964 Divina
1394 2914 1501 2965 favente
1517 2905 1678 2974 [olemethia
1699 2896 1945 2963 illustracione⁸
1967 2917 2066 2980 super
2088 2893 2158 2958 illu·
2182 2909 2194 2958 l

457 3017 491 3067 ιο
512 3000 610 3066 minis
636 3000 784 3067 Karulus
813 3001 955 3089 Magnus
983 3033 1030 3069 rex
1059 3004 1262 3069 Francorum
1292 3013 1325 3069 et
1354 3002 1652 3090 Longobardorum
1679 3024 1718 3068 ac
1741 3001 1897 3087 patritius
1919 3016 2099 3067 Romanorum
2128 3007 2161 3062 et

512 3137 617 3188 semper
639 3126 777 3188 angustus.
881 3120 920 3172 Ut
941 3122 1107 3189 singulorum
1137 3123 1240 3174 animos
1268 3123 1302 3173 ad
1331 3123 1469 3174 fidelitatis
1492 3129 1582 3174 nostre
1612 3114 1751 3189 [obsequia
1773 3120 1910 3172 efficacius
1937 3110 2090 3178 invitemus]
2121 3123 2161 3167 ao

512 3224 631 3277 fidelium
652 3230 754 3276 mentes
775 3226 806 3274 in
826 3224 879 3276 fide
901 3225 1051 3277 efficiantur
1074 3227 1205 3290 fortiores,
1239 3209 1356 3278 morial
1379 3219 1489 3293 ochum,
1522 3243 1590 3295 quos
1612 3220 1780 3288 iam]dudum
1803 3228 1831 3276 in
1861 3224 1972 3292 egumia
1994 3224 2092 3275 nostris
2115 3207 2160 3283 [et]

511 3331 616 3396 imperii
638 3330 789 3380 invenimus
804 3334 831 3380 ct
853 3330 955 3395 experti
977 3346 1070 3382 sumus
1093 3333 1165 3383 omni
1187 3333 1277 3385 studio
1293 3327 1479 3398 ueroitatos⁶,
1501 3334 1649 3385 honoribus
1665 3339 1691 3385 et
1714 3334 1794 3400 regiis
1816 3330 1954 3383 beneficiis
1973 3329 2161 3381 consuevimus

510 3449 675 3500 promovere.
702 3434 775 3485 Inter
789 3449 857 3500 quos
872 3440 992 3486 nostrum
1007 3435 1112 3488 fidelem
1128 3442 1155 3488 et
1168 3438 1326 3489 familiarem
1341 3422 1570 3489 Friderichtim
1585 3424 1741 3489 comitem
1759 3420 1943 3508 palatinum
1959 3435 2161 3486 cumfratribus

455 3542 488 3589 ao
512 3525 582 3588 suis
615 3521 743 3589 scilicet
774 3522 929 3608 Ugolino‚
963 3524 1200 3609 Brandaslicio,
1229 3523 1470 3613 Ubrandino]⁴¹‚
1498 3525 1713 3611 Lancelooto‚
1742 3526 1907 3606 Numerio,
1939 3523 2161 3606 Barthelocto,

511 3626 672 3715 Lodoyco
695 3636 729 3693 et
751 3626 916 3693 Guilelmo
939 3629 1116 3695 comitibus
1138 3645 1200 3696 filiis
1223 3639 1321 3696 ..η’
1343 3647 1448 3698 comitis
1470 3647 1584 3713 paletini
1605 3633 1737 3717 nepotis
1758 3631 1876 3714 nostrl,
1898 3645 1927 3694 in
1941 3642 2107 3694 Lumbardia
2129 3642 2161 3693 de
2184 3643 2211 3691 ll

509 3747 580 3813 Ripa
601 3738 707 3808 inslnle]
729 3764 746 3795 a
768 3753 795 3798 et
817 3730 957 3811 smnim‘,
990 3750 1101 3815 imperio
1123 3749 1224 3815 fideles,
1254 3757 1344 3802 nostre
1366 3753 1533 3818 magiestatis
1555 3751 1666 3804 devotos
1689 3742 1932 3817 recognoscentes⁸
1960 3753 1987 3799 et
2009 3745 2160 3798 omnimodo
2183 3747 2196 3796 I

511 3832 714 3917 obsequiososh,
737 3850 911 3903 adtendentes
929 3854 985 3903 suis
1008 3869 1171 3920 suorumque
1186 3855 1298 3906 fratrum
1320 3855 1504 3908 laudabilibus
1520 3871 1552 3907 ac
1566 3855 1691 3907 fidelihus
1707 3855 1803 3905 studiis
1820 3852 1928 3921 singula
1941 3868 2047 3919 queque
2062 3843 2163 3912 nlostra

511 3961 538 4007 et
565 3947 678 4021 imperii]
708 3938 826 4023 agenda¹
854 3958 964 4008 inantea
990 3957 1024 4009 de
1045 3959 1117 4009 bono
1144 3960 1174 4009 in
1195 3959 1292 4010 melius
1319 3943 1440 4010 debere
1462 3961 1613 4026 provenire,
1647 3958 1680 4011 de
1709 3957 1903 4010 consuetudine
1932 3936 2162 4018 ben[evolentis]k

456 4061 491 4110 30
513 4066 603 4110 nostre
632 4059 758 4126 largitate
781 4043 866 4122 [sibi]¹
894 4067 920 4112 et
942 4060 1021 4113 dictis
1043 4063 1172 4114 iratribus
1194 4064 1251 4114 suis
1278 4068 1415 4130 tamquam
1437 4064 1609 4115 benemeritis
1637 4063 1711 4130 regia
1732 4063 1853 4114 volentes
1879 4060 2040 4127 respondere
2062 4075 2162 4110 recom-

511 4165 669 4230 pensatione
693 4163 787 4215 damus
817 4166 856 4216 eis
879 4172 906 4216 et
933 4148 1012 4215 filiis
1035 4150 1147 4216 liberie
1175 4166 1319 4219 heredibus
1348 4161 1470 4219 eorumm
1497 4170 1526 4217 in
1548 4172 1707 4234 perpetuum
1736 4173 1816 4234 atque
1839 4165 2010 4218 concedimus
2039 4148 2162 4214 dictam

511 4254 680 4318 civitatem
702 4252 847 4319 Bardine
869 4262 903 4320 et
924 4253 1068 4321 insulam
1090 4255 1281 4341 Fulgeriam
1305 4265 1338 4322 et
1360 4265 1512 4342 quartam
1535 4265 1664 4342 partem
1686 4257 1788 4321 totius
1811 4254 1955 4321 civitatis
1976 4253 2108 4318 Verona
2130 4261 2164 4317 et

510 4357 633 4423 flumen
659 4357 766 4423 Pandi
795 4368 829 4424 et
856 4358 960 4424 ΙοΙίιΙΙ
992 4381 1097 4446 usque
1126 4359 1171 4426 ad
1198 4370 1330 4446 portum
1358 4358 1567 4427 Oavonarum
1598 4394 1660 4428 eum
1682 4377 1806 4428 omnibus
1834 4365 2084 4437 iurisffiieuobibus
2106 4373 2163 4423 suis

511 4476 618 4541 planias
632 4467 725 4537 hishis
740 4477 841 4543 praidis
856 4479 940 4544 pisus
962 4466 1168 4550 campanetis
1184 4482 1292 4546 pascuis
1306 4462 1451 4532 vallibus
1468 4466 1647 4551 paludibus
1663 4464 1913 4553 pescationibus
1930 4460 2163 4529 venationibus

458 4581 492 4630 ab
512 4563 701 4630 fluminibus
730 4581 890 4632 molendinis
911 4576 1009 4649 aquis⁰
1037 4577 1202 4649 aquimolist'
1230 4584 1352 4652 pedagiis
1374 4587 1488 4636 monetis
1519 4591 1547 4637 st
1568 4586 1692 4638 omnibus
1715 4586 1775 4636 aliis
1805 4566 2067 4635 iurisditlonibus
2091 4566 2161 4629 suis

512 4699 620 4750 quoquo
648 4684 727 4736 modo
756 4687 784 4735 in
814 4678 911 4747 d[icti]s
938 4671 1132 4737 civitatibus
1156 4692 1183 4739 et
1204 4681 1314 4750 [aarum]
1343 4689 1510 4741 districtibus
1538 4690 1572 4740 ad
1601 4696 1720 4742 nostram
1748 4691 1805 4741 sive
1834 4689 1940 4755 imperii
1967 4685 2163 4738 iurisditiouem

512 4789 711 4853 pcrtinentibus
734 4791 769 4840 ad
791 4790 944 4842 habendum
968 4791 1112 4842 tenendum
1135 4784 1353 4856 possi[den]dum‚
1381 4788 1546 4846 fidelitatesq
1569 4801 1595 4846 et
1618 4795 1743 4862 omaggia
1764 4792 1946 4858 recipiendum
1969 4797 1995 4842 st
2018 4790 2052 4841 ad
2074 4791 2165 4840 omnia

513 4892 666 4945 iaciendum
689 4909 742 4960 qne
763 4895 830 4960 ipsis
853 4894 1011 4960 placuerint,
1037 4897 1096 4947 sine
1117 4901 1210 4947 nostra
1231 4902 1435 4964 nostrorumque
1458 4915 1641 4952 successorum
1665 4899 1788 4951 molestia
1810 4898 1854 4950 vel
1876 4897 2086 4949 contradictione
2108 4910 2163 4945 non

514 4999 686 5050 obstantibus
708 5000 845 5066 aliquibus
867 5000 968 5052 lictoris
991 5000 1047 5051 sive
1062 5001 1179 5066 publicis
1201 5004 1386 5055 instrumentis
1408 5019 1425 5054 a
1446 5011 1539 5056 nostra
1553 5007 1627 5073 rogia
1648 5006 1791 5056 serenitate
1806 5003 1963 5068 impetratis.
1998 4986 2042 5050 Et
2064 4984 2164 5050 eliam

458 5104 492 5151 40
515 5103 610 5155 damus
637 5106 677 5156 eis
706 5098 739 5155 ct
766 5095 847 5165 [filliis
875 5105 932 5155 suis
959 5089 1071 5154 liberie
1093 5106 1237 5158 heredibus
1264 5109 1293 5157 in
1321 5114 1480 5173 perpetuum
1503 5125 1535 5160 ac
1564 5109 1734 5161 concedimus
1759 5110 1817 5158 iure
1845 5106 2011 5158 honorabilis
2033 5104 2108 5157 leudi
2136 5109 2164 5154 et
2185 5103 2212 5153 11

514 5198 692 5270 investitn[rs]
720 5208 877 5259 facultatem
904 5224 936 5259 ac
964 5209 1076 5261 liberam
1106 5217 1265 5276 potestatem
1288 5212 1431 5264 ordinandi
1461 5219 1488 5265 ot
1509 5212 1625 5264 faciendi
1653 5199 1723 5263 tilios
1748 5213 1909 5279 legiptimos,
1942 5213 1988 5277 qui
2017 5227 2071 5260 uon
2100 5213 2163 5259 sunt

590 5378 650 5434 elo.
670 5381 697 5445 a)
713 5380 886 5434 illustncione
904 5381 931 5435 Β
1018 5383 1047 5447 b)
1064 5386 1162 5435 mentis
1181 5390 1208 5435 et
1226 5383 1260 5450 Β,
1278 5383 1347 5438 siber
1366 5383 1412 5438 die
1429 5383 1623 5438 Emmdotioa
1640 5383 1672 5435 εἰν
1691 5385 1787 5434 merita
1805 5381 1843 5434 N.
1857 5382 1941 5436 Arois.
1960 5383 2006 5444 20,
2024 5382 2078 5433 463
2097 5379 2164 5432 ite

668 5451 694 5514 c)
710 5452 864 5502 exercitatis
877 5450 904 5503 Β
974 5453 1002 5517 d)
1018 5451 1124 5515 Lacte,
1143 5451 1189 5506 die
1201 5452 1311 5507 Nomen
1329 5452 1442 5507 ωενᾶενι
1456 5451 1483 5506 S.
1496 5456 1551 5507 478
1562 5453 1594 5506 Ζ.
1608 5455 1644 5506 19
1660 5456 1786 5521 perurunt
1856 5454 1882 5516 e)
1900 5449 1946 5504 ἄνέ
1965 5447 2074 5515 Sobrift
2091 5463 2164 5514 puae

668 5516 839 5587 abperieben,
865 5519 962 5574 Reum
978 5519 1030 5584 fair
1047 5524 1119 5574 6-8
1136 5521 1324 5585 Buchetabers,
1350 5522 1383 5574 iu
1405 5521 1462 5576 VU.
1482 5521 1522 5575 ΙΙ
1540 5523 1614 5574 Petri
1632 5523 1763 5574 Venerosi
1868 5521 1889 5586 s)
1912 5535 1951 5572 aa
1969 5517 2061 5571 dieser
2080 5515 2164 5571 Stella

668 5586 827 5641 Auschtuss
844 5605 884 5641 aa
900 5588 956 5644 ΠΙ.
972 5589 1008 5643 ΙΙ
1017 5591 1125 5657 (epdtcr
1145 5589 1218 5644 acob
1236 5590 1286 5644 ἄεν
1304 5607 1393 5642 comes
1411 5592 1549 5658 palatinus
1567 5594 1597 5642 in
1617 5589 1800 5655 Lombardla),
1818 5587 1954 5642 wdhrend
1972 5587 2018 5640 die
2034 5586 2164 5655 folpende

666 5653 751 5709 Stella
767 5659 804 5707 im
840 5661 880 5710 rio
893 5687 927 5699 -
940 5660 1109 5712 attendentes
1127 5658 1225 5714 beiden
1241 5659 1298 5714 VU.
1329 5659 1479 5713 ειιιείνινανιι
1490 5659 1539 5720 ist.
1557 5659 1594 5712 da
1614 5676 1680 5729 epea
1693 5658 1746 5712 dua
1764 5657 1894 5728 folpeude
1907 5661 1962 5709 suis
1975 5685 2009 5694 —
2022 5659 2163 5723 provenire

667 5725 699 5778 e'a
722 5723 779 5779 VU.
799 5673 923 5791 fiscau
992 5730 1020 5796 g)
1037 5735 1280 5798 recongnoscentes
1325 5728 1404 5788 ,soie
1423 5729 1472 5782 ἄεν
1491 5676 1635 5782 Schreibqer
1654 5728 1727 5782 esech
1745 5732 1825 5781 emeat
1842 5744 1862 5778 n
1880 5741 1930 5781 cor
1949 5745 1967 5795 g
1984 5726 2108 5790 eraserat,
2132 5739 2163 5778 ao

670 5793 697 5847 S.
711 5797 766 5848 478
777 5795 808 5847 Ζ.
821 5797 858 5849 21
872 5797 992 5865 hiangno
1005 5797 1056 5863 scir
1068 5800 1176 5867 Magno,
1189 5798 1220 5850 Z.
1233 5800 1271 5851 26
1284 5798 1417 5865 Singnnm
1430 5797 1481 5863 [ἄν
1494 5797 1607 5865 Signum
1666 5799 1695 5864 h)
1707 5799 1875 5865 obsequiosis
1889 5795 1916 5849 Β
1968 5797 1989 5862 i)
2001 5795 2123 5862 augendo
2137 5794 2164 5847 Β

667 5863 698 5929 k)
715 5866 895 5918 consutndine
912 5867 975 5925 bon,
993 5866 1039 5920 die
1050 5867 1087 5922 sib
1111 5869 1117 5878 “
1134 5884 1170 5922 ενι
1187 5865 1369 5921 Buchatubea
1387 5865 1549 5936 abperichea
1562 5866 1590 5920 Β
1658 5867 1679 5930 1)
1696 5866 1728 5919 iu
1739 5865 1767 5919 Β
1784 5865 1967 5936 nespelbaum
2035 5866 2072 5931 ιιι)
2089 5866 2163 5916 here

668 5933 748 5984 dibus
766 5935 823 5985 suis
841 5951 933 5987 eornm
951 5935 986 5997 Β,
1012 5936 1044 5989 in
1065 5936 1092 5990 V
1116 5979 1122 5991 .
1141 5937 1217 5992 Isis
1234 5943 1263 5989 et
1280 5937 1424 5988 heredibus
1442 5952 1542 6001 eorum,
1569 5937 1601 5989 in
1624 5934 1681 5991 VU.
1700 5934 1738 5990 Π
1756 5935 1821 5986 filiis
1843 5936 1985 5989 heredibus
2004 5937 2060 5987 suis

668 6002 698 6067 n)
714 6002 856 6072 mter,
878 6004 925 6058 die
942 6003 1121 6060 Bucbatabca
1139 6005 1287 6061 mitem
1389 6005 1417 6073 o)
1435 6008 1513 6075 aquis
1531 6007 1693 6058 molendInis
1711 6009 1788 6074 aquis
1806 6005 1834 6059 Β
1937 6005 1966 6073 p)
1983 6003 2118 6072 aquibolis
2136 6001 2164 6055 Β

668 6071 719 6141 apl.
740 6070 777 6126 N.
796 6073 881 6127 Arclu
900 6075 946 6137 20,
965 6076 1019 6128 464
1036 6073 1074 6129 N.
1092 6078 1110 6129 4
1179 6076 1207 6144 q)
1223 6075 1363 6128 fidelitatis
1380 6075 1408 6130 Β
