5642 7159
1089 761 1209 820 utun
1233 761 1320 820 ΗΕΒ
1342 761 1513 820 GROSSE
1536 757 1610 821 791.
2110 756 2171 819 227

628 949 784 1023 Absclsrist
805 967 862 1009 aas
890 949 944 1008 ἄεν
966 949 1057 1008 More
1087 949 1137 1008 ἄεε
1166 953 1218 1009 12.
1242 948 1294 1008 Jb.
1323 950 1367 1007 im
1391 946 1461 1010 Ood.
1485 949 1674 1008 millenarius
1705 946 1781 1026 (auf
1805 948 1870 1006 ἄενι
1899 948 1995 1008 terreo
2017 949 2102 1008 Blott
2124 966 2176 1007 εον

628 1054 695 1113 desa
710 1055 920 1129 Euonyels‘steu
934 1052 1049 1132 meus)
1063 1055 1097 1112 ν’νι
1112 1053 1165 1112 ἄεν
1180 1051 1430 1125 Stiftsbibtiotbclt
1442 1053 1497 1130 (B)
1514 1052 1578 1110 aad
1595 1049 1665 1113 God.
1677 1051 1907 1111 Fridertcionus
1921 1052 2065 1126 (angelaqt
2077 1053 2174 1133 1302)

631 1157 656 1231 f.
680 1161 724 1221 52
745 1161 787 1218 im
808 1157 1005 1231 Stiftsarcla'o
1029 1174 1071 1217 au
1092 1157 1338 1218 Κνεννιενιᾶνιειεν
1361 1155 1429 1234 (D).

630 1298 844 1372 Rdtcupocber
866 1297 946 1357 Anu.
963 1301 1088 1358 νιενιαεί,
1107 1294 1274 1369 Cremiscoe.
1289 1298 1333 1356 28
1350 1294 1420 1374 (aas
1434 1293 1478 1372 D)
1503 1317 1543 1349 =
1572 1293 1637 1356 ΠΒ.
1654 1295 1704 1354 des
1727 1293 1847 1353 Laudes
1869 1296 1904 1355 ob
1927 1295 1980 1354 ἄεν
2001 1295 2087 1354 Dans
2102 1297 2133 1366 2,
2158 1297 2176 1355 5

629 1407 664 1460 νεο
677 1406 708 1475 3,
734 1426 774 1458 ::
797 1401 900 1476 iligna
920 1401 1035 1464 Putrol.
1059 1406 1111 1473 97,
1135 1402 1219 1461 1065
1242 1406 1276 1458 n⁰
1290 1404 1342 1462 17.
1366 1432 1408 1444 -
1433 1400 1523 1474 Hupn
1550 1398 1615 1459 ΠΒ.
1638 1415 1695 1457 ooo
1717 1399 1961 1458 Κνεννιενηᾶνιείεν
1983 1401 2002 1460 5
2030 1403 2100 1461 22⁰2
2121 1415 2178 1458 uus

631 1507 701 1568 BD.
724 1540 767 1550 —
788 1506 985 1566 Momoaoter
1005 1507 1079 1599 Ray.
1102 1509 1164 1565 311
1191 1503 1291 1583 (302).

631 1646 669 1704 Ia
692 1646 722 1704 B
748 1646 821 1705 sind
844 1644 1003 1706 Obrismoa
1031 1645 1096 1704 ιινιᾶ
1116 1645 1326 1719 Monopramm
1352 1644 1602 1716 meboeaaiobnet,
1637 1643 1684 1701 die
1707 1643 1862 1717 Absclsrs'st
1890 1649 2010 1704 stommt
2038 1645 2100 1704 also
2123 1662 2179 1704 uus

632 1750 700 1809 dem
725 1749 880 1824 Oriqiual5
903 1750 979 1809 bam
994 1749 1166 1809 Fa'ubinden
1188 1749 1291 1808 warde
1314 1748 1367 1807 ἄεν
1388 1751 1493 1806 catere
1511 1747 1594 1806 uuest
1615 1747 1665 1806 ἄεε
1686 1746 1908 1822 Monooromms
1931 1749 2179 1823 cooperaturum,

635 1855 701 1913 dem
727 1853 971 1914 Procletciaboud
999 1854 1050 1912 ἄεε
1079 1856 1130 1914 15.
1155 1853 1208 1914 Jt.
1238 1855 1278 1912 ist
1305 1851 1548 1911 wabrsclses'nlicls
1570 1851 1646 1911 oacls
1673 1851 1721 1911 dic
1742 1853 1897 1925 Dutirunq
1923 1871 1994 1911 aum
2018 1851 2112 1925 Opscr
2131 1869 2180 1925 pe-

634 1958 739 2031 sollea.
773 1959 865 2018 Dicae
886 1959 926 2018 ist
948 1959 982 2016 io
1005 1956 1036 2016 D
1058 1956 1199 2028 ενΙιαᾶενε,
1222 1957 1294 2014 aber
1316 1955 1410 2014 durch
1432 1952 1616 2028 Diusupuuy
1639 1955 1689 2013 ἄεε
1712 1956 2020 2029 Inoornutionsjrahres
2042 1955 2106 2014 aad
2129 1955 2182 2014 ἄεν

635 2063 787 2122 Indidioa
816 2062 1016 2135 oaunechtot5
1052 2064 1135 2120 sonat
1162 2061 1249 2120 dietat
1270 2059 1300 2118 D
1329 2077 1390 2118 aar
1411 2058 1543 2118 wertlose
1568 2059 1858 2132 grammatituliaoha
1880 2060 2096 2132 Βεεεενιινιεενε,
2125 2077 2181 2118 oon

633 2168 758 2240 ciuicam
781 2165 895 2240 Bolano
921 2165 993 2225 stad
1020 2164 1081 2225 blos
1111 2165 1159 2223 dic
1180 2166 1331 2239 jamma
1357 2161 1620 2235 Nomeosformeo.
1650 2197 1692 2208 -
1720 2163 1785 2223 Das
1808 2163 2088 2224 Besttaoemictuis
2122 2161 2185 2235 uus

637 2270 811 2343 Gtaodlaoc
839 2271 892 2330 ἄεν
920 2266 1211 2342 Stistaoqsurtuade
1240 2268 1370 2329 Tassilos
1400 2285 1456 2327 ooo
1480 2272 1553 2340 777,
1581 2268 1664 2330 Mon.
1689 2269 1783 2328 Boica
1803 2271 1873 2341 28⁰,
1903 2271 1967 2329 196
1988 2267 2058 2328 72⁰2
2081 2285 2096 2326 ε
2118 2268 2179 2327 cod.

634 2375 798 2450 Domdorf.
822 2399 864 2432 =
892 2377 957 2437 ΠΒ.
973 2376 1023 2436 ἄεε
1045 2375 1167 2435 hodes
1190 2374 1224 2433 ob
1247 2373 1300 2432 ἄεν
1321 2374 1408 2433 Dosse
1423 2375 1454 2444 2,
1479 2376 1499 2434 2
1520 2379 1555 2430 o⁰
1567 2377 1599 2445 2,
1622 2374 1714 2448 Haeo
1741 2374 1807 2436 UD.
1822 2391 1878 2433 ooo
1901 2374 2179 2434 Kremsmonsterr

635 2487 701 2542 n⁰1
727 2498 784 2541 aas
800 2480 840 2553 D,
864 2482 937 2540 oliae
958 2480 1028 2541 does
1049 2479 1174 2540 dieselbe
1195 2476 1259 2549 aas
1277 2477 1324 2536 dia
1346 2477 1485 2551 Fassaup
1508 2477 1561 2537 ἄεν
1583 2477 1781 2552 Bestdttquay
1803 2478 1896 2537 Karta
1919 2478 1947 2536 ἄ.
1969 2477 2022 2538 Gr.
2047 2479 2184 2537 wcitcren

638 2586 777 2657 Diuflsars
798 2585 899 2646 naim.

638 2776 696 2852 (0.)
719 2770 860 2838 Carolus
876 2773 986 2858 gratia
1002 2771 1055 2836 dei
1069 2794 1131 2837 rex
1147 2771 1351 2837 Francorum
1368 2777 1401 2834 et
1416 2769 1716 2856 Langobardorum
1732 2779 1765 2835 et
1780 2769 1938 2856 patricius
1952 2770 2183 2838 Romanorum.

637 2876 673 2942 Si
703 2874 923 2963 peticionibus
953 2875 1166 2941 sacerdotum
1199 2874 1251 2940 vel
1280 2895 1451 2940 servorum
1476 2872 1546 2956 dei,
1579 2873 1614 2937 in
1643 2895 1707 2959 quo
1736 2874 1860 2938 nostris
1891 2873 2028 2940 auribus
2062 2875 2185 2941 fuerint

534 2979 674 3069 prolate,
697 2979 839 3046 libenter
862 2977 1058 3044 obaudimus
1081 2988 1115 3044 et
1136 3000 1194 3044 eas
1216 2979 1251 3043 in
1267 2977 1320 3044 dei
1341 2981 1474 3046 nomine
1490 2978 1534 3043 ad
1556 2978 1708 3044 effectum
1724 2977 1944 3064 perducimus,
1967 2980 2091 3064 regiam
2107 3000 2184 3044 oon·

357 3093 361 3102 '
481 3103 515 3151 su
538 3085 745 3151 suetudinem
761 3083 946 3150 exeruimus
970 3093 1004 3150 et
1020 3083 1085 3150 hoc
1107 3083 1204 3149 nobis
1219 3082 1265 3148 ad
1286 3082 1471 3149 mercedem
1486 3083 1538 3148 vel
1564 3081 1779 3148 stabilitatem
1793 3085 1885 3168 regni
1902 3083 2007 3149 nostri
2023 3084 2185 3170 pertinere

536 3189 743 3256 confidimus.
773 3189 881 3276 Igitur
902 3197 1016 3256 notum
1040 3189 1083 3253 sit
1105 3186 1256 3253 omnibus
1278 3187 1434 3254 fidelibus
1456 3188 1580 3254 noetus
1603 3185 1814 3274 presentibus
1838 3197 1871 3252 et
1893 3187 2021 3267 tuturis,
2046 3187 2186 3274 qualiter

536 3297 588 3360 vir
609 3293 808 3360 venerabilis
830 3294 932 3359 Fater
954 3292 1060 3358 abbas
1084 3291 1294 3359 clementiam
1316 3295 1409 3379 regni
1432 3293 1538 3359 nostri
1554 3293 1730 3378 suggessit,
1753 3313 1792 3358 eo
1810 3290 1899 3378 qnod
1914 3292 2045 3358 Tassilo
2062 3292 2185 3359 dudum

536 3399 786 3465 Baieariorum⁸
816 3397 885 3464 dux
907 3398 1145 3464 monasterium
1174 3399 1208 3462 in
1229 3395 1356 3463 honore
1386 3399 1494 3464 sancti
1517 3396 1702 3463 Salvatoris
1729 3397 1816 3462 infra
1838 3396 1946 3462 waldo
1974 3405 2087 3462 nostro
2111 3396 2185 3462 loco

537 3504 592 3590 qui
621 3502 739 3569 dicitur
761 3501 936 3568 (lhremisa
964 3503 1108 3588 inpage
1137 3511 1349 3587 nuncupante
1374 3498 1577 3588 Drungaoeb
1604 3523 1692 3566 novo
1717 3522 1814 3588 opere
1837 3511 2028 3568 construere
2055 3501 2187 3568 fecisset

482 3616 638 3694 statque
666 3630 725 3692 per
746 3606 907 3672 cartolam
937 3605 1126 3674 donationis
1148 3605 1224 3671 loca
1253 3604 1366 3692 aliqua
1389 3605 1434 3671 ad
1463 3606 1573 3692 ipsum
1597 3614 1749 3671 sanctum
1777 3605 1886 3671 locum
1910 3607 2132 3672 concessisset
2153 3606 2188 3672 in

538 3711 729 3799 supradicto
752 3732 839 3798 pago
861 3709 914 3776 vel
936 3711 1023 3776 infra
1045 3719 1227 3776 memorato
1250 3708 1371 3793 vvaldo,
1395 3708 1430 3774 id
1454 3720 1504 3776 est
1527 3708 1705 3776 Sulzibah⁹
1728 3719 1761 3775 et
1776 3707 1931 3793 Sicbahl,
1954 3709 2188 3777 Liubilinbah·

537 3825 571 3881 et
593 3815 752 3902 quicquid
779 3815 953 3882 interduo
981 3814 1117 3881 flumina
1141 3837 1203 3902 que
1231 3810 1412 3879 vocantur‘
1431 3813 1557 3901 Ipphas
1585 3836 1658 3879 esse
1686 3814 1839 3894 cernitur,
1870 3835 2021 3879 necnon
2049 3814 2189 3881 decania

536 3942 604 3986 uua
627 3919 669 3986 de
695 3919 761 3985 illis
785 3919 924 4004 Sclavis,
960 3941 1060 4007 super
1088 3941 1172 4007 quos
1194 3920 1327 3984 fuerunt
1356 3928 1486 3985 actores
1510 3917 1630 4005 Taliup
1659 3928 1692 3985 et
1715 3917 1878 4006 Sparuna,
1910 3941 1972 3985 nec
2000 3942 2066 3986 non
2093 3943 2188 3987 secus

536 4022 673 4088 fluvium
697 4022 787 4111 quod
809 4024 931 4090 dicitur
945 4023 1142 4090 Thodicha⁸
1163 4023 1299 4110 triginta
1315 4021 1456 4089 Sclavos
1480 4031 1513 4087 et
1535 4023 1744 4105 territorium,
1769 4024 1854 4089 sicut
1876 4022 1920 4088 ad
1942 4023 2189 4110 supradictam1¹

482 4143 517 4193 30
539 4125 712 4193 decaniam
735 4129 877 4214 pertinet
891 4127 945 4194 vel
960 4128 1078 4193 Phisso
1101 4128 1289 4192 coniuravit
1311 4136 1345 4192 et
1360 4127 1450 4192 Arno
1474 4128 1652 4213 episcopus
1676 4151 1733 4194 seu
1749 4128 1852 4194 Fater
1874 4127 1981 4194 abbas
1998 4129 2095 4195 simul
2114 4150 2189 4194 cum

537 4229 685 4296 Hleodro
713 4233 833 4297 comite
862 4241 895 4298 et
917 4231 1120 4298 (lhuniberto
1149 4228 1274 4297 iudice¹
1301 4231 1544 4297 circumierunt
1587 4231 1728 4316 Insuper
1758 4233 1857 4298 etiam
1881 4242 2001 4299 terram
2031 4234 2122 4300 illam
2145 4233 2189 4299 ad

538 4333 744 4401 Tbodicham
767 4346 799 4402 et
822 4331 1016 4418 simicemk,
1052 4357 1151 4422 quam
1174 4334 1223 4399 illi
1246 4333 1358 4400 Sclavi
1388 4336 1458 4401 sine
1486 4334 1619 4400 licentia
1642 4334 1807 4402 Toaailoni
1837 4335 1932 4401 ducis
1956 4340 2187 4425 stirpaverunt.

539 4437 696 4505 Similiter
718 4449 752 4505 et
773 4439 806 4504 in
829 4439 894 4506 alio
917 4439 990 4506 loco
1015 4441 1071 4526 qui
1093 4448 1234 4504 vocatur
1257 4438 1432 4525 Eporestal
1456 4439 1702 4523 terramillam,
1732 4462 1795 4526 que
1819 4439 1916 4505 simili
1939 4440 2038 4506 modo
2061 4441 2189 4528 absque

537 4543 674 4610 licentia
703 4543 871 4610 Tassiloni
902 4545 964 4611 fuit
993 4547 1143 4631 stirpata,
1179 4566 1278 4630 quam
1308 4544 1542 4610 circumierunt
1570 4544 1641 4610 eius
1674 4546 1767 4610 missi
1795 4542 1953 4630 Saluhho,
1990 4545 2122 4612 Wanilo
2157 4556 2191 4612 et

482 4662 516 4713 uo
540 4647 760 4732 Gaerbertus3
797 4649 946 4715 homiues
977 4651 1145 4715 tamenin
1172 4649 1245 4734 ipso
1268 4648 1445 4735 Eporestal
1472 4671 1572 4735 super
1594 4651 1702 4736 ipsam
1724 4659 1846 4715 terram
1869 4659 2125 4734 commanentes,
2161 4650 2188 4715 si

539 4751 703 4818 voluerint
718 4754 784 4818 iam
806 4753 909 4819 latam
925 4762 1048 4819 terram
1071 4763 1192 4835 tenere,
1214 4751 1258 4817 ad
1272 4752 1545 4840 proserviendum
1568 4762 1685 4819 contra
1700 4755 1807 4839 ipsam
1830 4777 1943 4820 casam
1964 4754 2015 4820 dei
2039 4763 2191 4836 teneant3

540 4857 668 4922 sivero
691 4856 864 4932 noluerint,
889 4856 983 4923 liberi
1007 4857 1191 4923 discedant.
1236 4856 1339 4922 Dedit
1361 4859 1461 4923 etiam
1484 4857 1529 4922 ad
1552 4855 1747 4923 Bettinbah¹
1777 4859 1816 4923 de
1839 4857 1898 4924 illa
1927 4859 2064 4924 fontana
2087 4881 2190 4945 usque

540 4958 583 5024 ud
605 4960 741 5026 fluvium
765 4961 854 5048 quod
886 4962 1007 5027 dicitur
1029 4960 1161 5043 Albine,
1191 4961 1277 5027 sicut
1304 4963 1376 5048 ipse
1399 4961 1531 5027 Tassilo
1560 4959 1776 5047 consignavit,
1805 4984 1910 5047 usque
1937 4960 1995 5027 illa
2017 4962 2102 5049 alpe,
2133 4962 2190 5028 ubi

540 5065 589 5128 eis
604 5063 664 5130 illa
685 5075 825 5151 pastura
840 5074 1061 5132 concesserat.
1084 5064 1243 5130 Similiter
1259 5074 1293 5130 et
1306 5063 1419 5130 villam
1435 5075 1645 5152 nuncupante
1661 5064 1889 5130 rlllincbova¹¹1
1911 5088 1987 5131 cum
2003 5066 2191 5152 integritate

484 5181 519 5230 40
541 5188 608 5232 una
630 5189 706 5233 cum
729 5169 912 5254 apendiciis
928 5169 981 5234 vel
1004 5169 1199 5235 adiacentiis
1216 5171 1285 5234 suis
1309 5178 1342 5234 et
1364 5170 1408 5234 ad
1424 5168 1571 5235 Alburc¹¹
1593 5171 1684 5236 illam
1699 5169 1862 5256 capellam
1886 5170 1919 5235 in
1942 5171 2066 5237 honore
2086 5171 2190 5236 sancti

541 5271 675 5337 Martini
704 5282 928 5339 constructam
958 5283 991 5338 et
1018 5273 1117 5340 rebus
1139 5273 1261 5339 ibidem
1292 5274 1531 5360 pertinentibus
1555 5285 1587 5340 et
1614 5276 1658 5340 ad
1682 5274 1860 5341 Sulzibah⁰
1888 5275 1988 5340 aliam
2016 5275 2191 5360 ecclesiam

539 5396 615 5440 cum
645 5376 755 5442 omnia
778 5397 888 5442 secum
920 5378 1117 5463 pertinentia
1140 5387 1173 5442 et
1201 5377 1245 5442 ad
1267 5378 1458 5443 Nordfilusa
1486 5380 1618 5443 tertiam
1645 5379 1818 5463 ecclesiam
1847 5400 1921 5444 cum
1951 5377 2051 5443 rebus
2079 5398 2192 5442 secum

540 5479 778 5564 pertinentibus
802 5481 834 5545 in
851 5481 1086 5566 Tonahgaoe⁰.
1117 5483 1158 5548 In
1173 5483 1399 5568 suprascripto
1423 5505 1504 5548 vero
1527 5503 1614 5568 pago
1631 5482 1812 5568 Drungaoe
1836 5485 1868 5546 in
1885 5481 1956 5547 loco
1980 5489 2191 5567 nuncupante

540 5583 698 5649 Aschaha
727 5585 840 5650 vineas
871 5585 956 5652 duas
984 5608 1059 5652 cum
1088 5585 1308 5650 viniatoribus
1338 5584 1467 5651 duobus
1496 5595 1529 5650 et
1556 5587 1590 5649 iu
1619 5585 1685 5651 alio
1713 5584 1787 5650 loco
1818 5587 1873 5670 qui
1904 5585 2024 5650 dicitur
2051 5572 2192 5649 Raotola

486 5701 520 5749 45
542 5689 659 5753 vineas
682 5696 749 5753 tres
772 5710 847 5754 cum
870 5687 976 5755 tribus
999 5688 1216 5754 viniatoribus
1239 5709 1388 5754 necnon
1411 5691 1594 5775 piscatores
1618 5689 1701 5754 duos
1725 5699 1758 5755 et
1780 5692 1914 5775 insuper
1937 5690 2021 5753 alios
2044 5688 2192 5753 homines

620 5873 680 5928 lus.
697 5875 725 5941 a)
736 5876 933 5928 waioariorum
945 5874 978 5930 D
1046 5876 1074 5943 b)
1086 5877 1229 5944 Trungaoa
1242 5875 1273 5929 D
1343 5876 1368 5942 c)
1380 5875 1515 5944 Snlapach
1534 5875 1565 5929 D
1635 5877 1663 5942 d)
1676 5875 1801 5944 Syppach
1821 5876 1850 5928 D
1919 5877 1945 5944 e)
1956 5879 2149 5945 Liubilinpach
2162 5876 2191 5930 D

696 5945 846 6008 ovocatur
864 5944 890 5998 B
1001 5946 1149 6009 >Todicba
1166 5945 1207 6013 D,
1223 5944 1321 5998 eberiso
1340 5944 1371 5998 Z.
1390 5947 1429 5998 32
1446 5947 1592 5998 Todicbam
1689 5947 1718 6011 h)
1736 5947 1889 6013 supradicta
1907 5947 1934 5998 B
2020 5949 2040 6014 i)
2057 5950 2149 6000 comiti
2167 5953 2194 5997 at

697 6013 863 6067 chuniberto
875 5962 1001 6068 iudieill
1060 6014 1089 6079 k)
1102 6017 1253 6067 Simicbam
1266 6013 1297 6067 D
1362 6015 1382 6082 l)
1393 6016 1548 6083 Petanpacb
1568 6015 1597 6068 D
1669 6017 1707 6084 m)
1720 6015 1875 6068 Allinchola
1887 6015 1917 6068 D
1988 6017 2018 6084 n)
2031 6017 2148 6068 Alburcb
2163 6015 2192 6068 D

696 6085 723 6152 o)
739 6085 912 6152 Tonahgicoa
930 6083 970 6151 D,
988 6086 1014 6134 io
1032 6099 1086 6137 aaa
1105 6084 1220 6151 offerrem
1238 6101 1254 6136 a
1272 6083 1395 6138 cerleseu

1983 6174 2036 6237 aa*
