5642 7159
681 765 747 831 350
1278 768 1716 831 Karsassuarurnmr.

682 977 709 1023 et
731 971 859 1038 quicquid
885 973 955 1023 inter
977 972 1031 1023 duo
1058 972 1170 1022 flumina
1190 988 1243 1039 qup
1270 977 1402 1024 vocantur
1423 972 1524 1038 Ipphas
1551 987 1611 1024 esse
1632 973 1759 1035 cernitur,
1792 986 1843 1023 nec
1864 985 1919 1021 nou
1948 970 2086 1021 decaniam
2109 984 2191 1021 unam
2219 970 2255 1021 da
2277 970 2338 1021 illis

683 1076 796 1140 Sclauie,
819 1092 899 1143 super
921 1093 988 1143 quos
1010 1082 1114 1129 actores
1136 1072 1214 1128 sunt
1236 1078 1333 1144 Taliup
1357 1083 1384 1129 et
1406 1077 1537 1144 sparuna,
1567 1070 1600 1127 et
1628 1082 1683 1125 m
1707 1075 1819 1128 Sclaues
1840 1060 1935 1125 iuxta
1957 1074 2069 1126 fluvium
2089 1092 2105 1125 e
2127 1074 2249 1127 Todicha
2271 1082 2340 1127 nee

682 1186 748 1230 non
771 1183 932 1233 territorium
947 1198 963 1230 s
979 1182 1013 1232 ad
1036 1182 1147 1233 eandem
1166 1182 1304 1234 decaniam
1319 1185 1463 1249 pertinens,
1486 1175 1523 1233 ut
1537 1182 1633 1232 Phisso
1656 1186 1683 1233 et
1697 1182 1769 1231 Arno
1786 1181 1928 1247 episcopua
1943 1182 2161 1233 coniuraverunt.
2176 1196 2192 1229 a
2218 1180 2341 1245 Insuper

683 1288 763 1337 etiarn
785 1291 881 1337 terram
904 1286 977 1337 illam
999 1305 1024 1351 e,
1058 1303 1137 1353 quam
1159 1305 1177 1337 e
1199 1286 1288 1338 Scleui
1312 1294 1416 1359 prope
1437 1272 1574 1337 flumina
1595 1286 1715 1337 Todicha
1738 1290 1764 1337 et
1786 1283 1910 1336 Sirnicha
1931 1302 1948 1335 e
1970 1286 2027 1337 sinc
2049 1285 2162 1335 licencia
2184 1284 2340 1335 Tassilonis

682 1391 758 1441 ducis
786 1391 980 1456 stirpaverunt3
1017 1392 1139 1442 similiter
1167 1398 1194 1442 et
1224 1393 1253 1441 iu
1275 1408 1292 1439 a
1314 1391 1373 1443 loco
1401 1393 1448 1458 qui
1477 1396 1589 1443 vocatur
1610 1390 1766 1457 Eporestal;
1788 1407 1805 1439 e
1842 1393 1864 1441 si
1895 1396 1973 1439 vero
1998 1374 2045 1440 illi
2069 1374 2181 1440 Sclaui
2204 1383 2339 1443 rectum
2363 1390 2381 1439 h

682 1500 817 1544 censum
846 1489 879 1545 et
901 1479 1071 1546 laudabile
1099 1496 1241 1547 servicium
1263 1480 1372 1546 facere
1394 1495 1538 1559 voluerint
1572 1501 1669 1546 terram
1692 1479 1782 1546 illam
1812 1478 2013 1566 possideant,
2049 1496 2091 1545 sin
2118 1488 2231 1545 autem
2253 1495 2338 1545 liberi

682 1592 854 1665 discedant⁸3
876 1600 1037 1651 Petrinbehc
1052 1606 1129 1650 vcro
1146 1594 1179 1650 et
1194 1585 1351 1672 quicquid
1367 1585 1410 1651 ad
1426 1584 1563 1651 eandem
1581 1592 1708 1650 curtem
1724 1584 1875 1671 pertinet,
1899 1582 2072 1670 Lapidem,
2093 1583 2201 1648 lacum
2216 1598 2339 1649 Albinae

682 1687 940 1775 adiacentesque
955 1704 1030 1770 alpes
1052 1710 1127 1755 cum
1145 1688 1296 1754 omuibus
1319 1689 1433 1756 usibus
1450 1698 1483 1755 et
1504 1691 1539 1754 in
1562 1710 1696 1755 nemore
1711 1708 1804 1769 pastus
1827 1708 2003 1775 porcorum
2026 1710 2087 1753 uec
2109 1708 2175 1752 non
2199 1686 2338 1753 edificia

683 1792 838 1878 omnique
860 1813 947 1857 auno
971 1792 1123 1860 arborem
1146 1792 1285 1858 electam
1308 1815 1426 1858 navem
1449 1793 1493 1859 ad
1509 1791 1711 1867 faciendam
1735 1792 1779 1858 ad
1794 1791 1971 1879 Eporestal
1994 1792 2035 1857 dc
2059 1791 2174 1857 eodem
2196 1812 2337 1857 nemore

681 1896 793 1961 fenum
808 1905 1009 1983 pastumque
1031 1906 1064 1962 et
1078 1917 1214 1983 pascua,
1237 1898 1506 1983 exstirpationes,
1530 1907 1626 1983 septa
1641 1917 1741 1983 epum
1765 1905 1798 1962 et
1820 1917 1895 1962 cum
1917 1895 2071 1962 omnibus
2093 1894 2221 1971 usibus,
2246 1896 2339 1962 sicut
2365 1913 2400 1978 ιο

682 2015 788 2066 Leodro
817 2031 905 2066 comes
934 2002 967 2065 in
996 2000 1192 2065 beneficium
1220 2000 1353 2082 habuit3
1390 2016 1552 2067 Alliuchoua
1580 2033 1640 2067 cum
1664 2002 1752 2066 omni
1780 2017 1933 2083 integritate
1956 2010 1990 2066 et
2012 2031 2073 2067 cnm
2102 2016 2264 2083 appenditiis
2290 2015 2336 2067 vel

2048 2101 2063 2144 b
2087 2137 2147 2171 cum
2169 2120 2337 2171 vinitoribus

683 2118 841 2169 adiacentiis
863 2120 932 2183 suis3
956 2106 989 2169 in
1012 2120 1118 2169 Aacaha
1139 2121 1233 2171 vineas
1256 2120 1323 2170 duas
1345 2136 1406 2170 cum
1428 2122 1589 2171 vinitoribus
1610 2138 1634 2185 a,
1663 2123 1691 2171 in
1713 2138 1730 2171 a
1752 2122 1849 2172 Rotala
1871 2122 1964 2172 vineas
1990 2126 2044 2171 tres

683 2223 769 2273 trihus
792 2217 825 2273 et
847 2224 937 2273 fabros
960 2225 1010 2271 Vll
1032 2239 1082 2274 nec
1105 2239 1158 2274 non
1180 2226 1326 2289 piscatores
1349 2228 1402 2274 1111
1426 2231 1452 2275 et
1474 2220 1707 2297 procuratores
1731 2241 1811 2291 apum
1834 2228 1874 2293 νς
1910 2209 2109 2296 ubicumque
2132 2210 2233 2275 ettam
2255 2210 2338 2281 loca

683 2312 831 2378 eiusdem
854 2314 1044 2379 monasterii
1068 2314 1199 2379 forestis
1222 2316 1344 2381 uostris
1360 2316 1545 2399 adiacerent,
1569 2324 1701 2402 pastum
1726 2324 1759 2380 et
1781 2335 1907 2400 pascua
1929 2334 1990 2379 nec
2012 2336 2077 2379 non
2100 2313 2231 2399 edificia
2254 2314 2337 2379 inde

683 2416 829 2483 habeant
857 2418 928 2483 sine
957 2440 1069 2483 censu.
1116 2419 1214 2501 Quod
1244 2442 1323 2486 vero
1347 2422 1410 2506 piis
1439 2420 1575 2485 auribus
1604 2421 1825 2506 percipientes
1849 2440 1908 2505 per
1933 2420 2152 2484 interventum
2183 2418 2338 2486 eiusdem
2365 2437 2399 2483 15

683 2522 849 2607 pontificis
865 2532 897 2588 et
920 2544 978 2607 per
993 2523 1131 2589 fratrum
1148 2523 1191 2588 ad
1206 2524 1293 2589 idem
1310 2524 1546 2589 monasterium
1562 2523 1623 2588 deo
1640 2521 1871 2588 famulantium
1886 2522 2094 2587 imminentes
2113 2523 2338 2588 necessitates

684 2626 799 2692 eedem
815 2625 900 2707 loca,
917 2649 980 2713 que
995 2626 1126 2693 Tassilo
1143 2629 1187 2693 ad
1203 2628 1342 2694 eundem
1357 2626 1487 2692 locum⁰
1509 2628 1655 2709 tradidit,
1672 2625 1834 2713 imperiali
1851 2626 2051 2691 auctoritate
2067 2626 2338 2691 confirmavimus

684 2739 727 2811 et,
757 2753 819 2817 que
842 2752 901 2817 per
927 2732 1033 2797 nostri
1056 2733 1139 2798 iuris
1169 2732 1381 2798 donationem
1403 2731 1448 2797 ad
1470 2733 1658 2819 prescripta
1686 2731 1834 2797 eiusdem
1857 2732 2046 2797 monasterii
2077 2730 2152 2796 loca
2175 2730 2340 2797 donanda

684 2844 788 2916 erant,
812 2833 1019 2901 donavimus.
1047 2852 1084 2901 Et
1106 2857 1137 2901 ur
1159 2852 1208 2917 hcc
1230 2853 1376 2902 auctoritas
1399 2845 1510 2919 nostre
1533 2834 1721 2901 donationis
1746 2844 1846 2922 etque
1869 2834 2128 2901 confirmationis
2151 2866 2199 2915 per
2221 2834 2340 2899 futura

684 2959 805 3019 tempora
825 2939 981 3006 credetur
1003 2950 1036 3005 et
1058 2961 1238 3018 conservetur,
1261 2970 1341 3006 manu
1364 2956 1473 3020 propria
1495 2972 1511 3004 rs
1533 2955 1696 3006 firmavimus
1719 2960 1746 3006 et
1767 2972 1783 3004 a
1806 2953 1887 3005 anulo
1910 2958 2001 3005 nostro
2024 2939 2173 3024 insigniri
2196 2954 2340 3005 iussimus.
2365 2956 2402 3003 20

786 3218 970 3285 indictione
992 3237 1056 3285 1111.
1144 3217 1393 3300 {Erchanbald
1416 3219 1565 3285 notarius
1587 3217 1738 3285 advicem
1761 3216 1892 3284 Radoui
1916 3216 2196 3304 archicappellani
2220 3237 2340 3301 recog-

683 3322 759 3387 novi
782 3320 796 3403 ξ
818 3325 901 3401 (sa.)
922 3326 1003 3402 (Sl).
1091 3322 1188 3388 Anno
1212 3323 1377 3389 dominice
1399 3323 1636 3389 incarnationis
1658 3337 1786 3388 ncccn.

786 3476 860 3526 Data
886 3462 920 3525 tn
950 3484 1063 3527 mente
1091 3471 1186 3528 mttrt.
1215 3492 1285 3528 auno
1313 3479 1377 3524 xxl
1406 3477 1482 3543 regui
1509 3462 1627 3543 nostri3
1666 3482 1755 3527 actum
1786 3460 1891 3547 Aquis
1921 3460 2064 3547 palati03
2102 3473 2217 3525 feliciter
2239 3474 2269 3523 in
2296 3475 2342 3525 dei

684 3581 792 3632 nomine
815 3596 902 3631 amen.
2373 3584 2409 3631 ‘lb

1468 3859 1555 3934 248.

1420 4016 1602 4097 (Unectt.)

583 4166 587 4171 ’
684 4176 780 4247 Kori
806 4178 870 4248 der
893 4175 1021 4248 Grosse
1048 4176 1206 4269 testritipt
1231 4180 1295 4249 der
1314 4177 1445 4249 Kirchc
1471 4174 1671 4247 Lebcruu
1698 4176 1765 4247 dec
1783 4173 1914 4258 Recita,
1943 4171 2073 4245 besteiit
2100 4175 2167 4245 ders
2193 4172 2344 4267 Hereop

684 4322 750 4370 corr
776 4296 993 4389 Lothrr'npeo
1019 4321 1100 4369 eum
1134 4297 1220 4391 Vopt
1245 4300 1320 4371 cori
1346 4297 1519 4370 destiterat
1544 4299 1665 4370 deseca
1692 4296 1903 4389 Besepor'sse
1929 4296 2005 4368 cori
2030 4295 2177 4387 Barsipa

1856 4438 1934 4498 Rom
1959 4439 2019 4497 791
2044 4435 2216 4508 September
2237 4439 2295 4497 16.
2370 4454 2407 4503 30

788 4628 914 4688 Docilet
940 4629 1073 4691 Histric
1095 4627 1139 4689 St.
1155 4628 1257 4703 Derya
1281 4632 1346 4688 722
1367 4626 1422 4705 (F)
1447 4650 1489 4682 =
1515 4627 1701 4688 Grandidr'er
1722 4629 1803 4688 Hist.
1828 4628 1863 4686 de
1885 4627 2064 4699 strasooerq
2085 4620 2134 4695 2⁶,
2158 4628 2223 4684 142
2245 4631 2284 4684 rs⁰
2300 4632 2345 4687 79

788 4754 830 4786 =
852 4732 956 4807 liipne
977 4732 1090 4793 Potrot.
1116 4737 1167 4802 97,
1192 4735 1277 4793 1080
1299 4738 1334 4790 o⁰
1347 4735 1377 4793 3.
1402 4765 1444 4776 —
1470 4732 1660 4793 Meilrltocher
1681 4734 1756 4807 Ray.
1779 4735 1844 4793 316
1869 4730 1967 4809 (307).

787 4873 884 4931 Krine
913 4872 1178 4944 tandschriftlicte
1206 4869 1461 4945 Ueberlr'csercnp,
1496 4872 1560 4931 eine
1581 4869 1737 4944 Abscbrift
1764 4873 1798 4930 io
1822 4868 1893 4933 eor.
1916 4870 2073 4930 Dachesne
2097 4870 2137 4928 66
2167 4866 2191 4939 f.
2216 4872 2286 4929 108
2311 4872 2349 4929 in

788 4976 842 5034 der
862 4976 1168 5036 Nationclhibliotbelc
1190 4994 1232 5034 ec
1254 4975 1343 5035 Paris
1365 4978 1488 5034 stommt
1509 4992 1567 5034 cras
1588 4975 1725 5036 Decolor.
1757 5008 1798 5019 --
1820 4974 1992 5048 Fctschcap
2015 4974 2088 5032 ohne
2110 4972 2187 5031 echte
2216 4972 2350 5048 Vorlcye

788 5081 844 5140 rsit
865 5081 1049 5155 Besttecnp
1071 5082 1124 5141 der
1146 5083 1289 5142 smectica
1309 5080 1452 5143 Urturrrie
1474 5082 1595 5150 o⁰238,
1620 5078 1668 5137 die
1683 5077 1880 5151 Strassormel
1902 5076 1965 5150 fest
1984 5074 2204 5151 plcicttcutend
2228 5077 2265 5135 irs
2289 5078 2350 5137 der
2375 5098 2412 5147 35

788 5202 853 5245 vom
875 5184 973 5244 selben
995 5185 1138 5245 Fritscher
1157 5184 1335 5260 pesertiptea
1358 5184 1447 5243 Belle
1468 5182 1613 5243 Nicotaus
1635 5183 1662 5254 Ι,
1687 5181 1769 5255 Joffe'
1791 5183 1863 5256 1309.
1884 5185 1970 5255 poet.
1993 5184 2024 5241 2.
2049 5181 2093 5240 cd.
2116 5182 2214 5243 2666.
2247 5182 2353 5243 Uebcr

789 5291 837 5348 dic
859 5288 1122 5365 Entatehcnpsaeit
1144 5290 1197 5348 ater
1218 5289 1392 5361 Fctsctcsc
1414 5287 1469 5361 opt.
1492 5293 1527 5345 πθ
1540 5290 1614 5347 236.

788 5478 825 5543 Iu
849 5478 981 5543 nomine
1004 5478 1121 5544 summi
1144 5476 1197 5543 dei
1220 5486 1253 5542 et
1276 5474 1452 5540 salvatoris
1476 5473 1580 5538 nostri
1603 5472 1680 5537 Iesu
1703 5469 1836 5537 Christi.
1872 5485 1988 5536 Kurolus
2011 5483 2053 5535 dei
2075 5485 2232 5550 graderer
2258 5488 2354 5541 Frau-

685 5612 777 5647 corum
804 5600 832 5646 et
854 5596 1093 5663 Longobardornm
1120 5611 1152 5646 ac
1181 5596 1311 5661 patricius
1334 5596 1514 5645 Romanorum
1544 5593 1584 5642 vir
1607 5593 1718 5644 illuster.
1823 5589 1851 5641 Si
1874 5590 2050 5656 petitionibus
2080 5604 2218 5640 servorum
2248 5592 2299 5645 dei
2324 5606 2355 5650 er

685 5701 849 5751 utilitatibus
868 5702 1045 5753 'ecclesiarum
1068 5701 1233 5752 consulimus
1256 5706 1282 5751 et
1304 5700 1355 5751 hoc
1378 5699 1412 5750 ad
1428 5699 1550 5750 ellectum
1573 5697 1752 5763 perducimus,
1775 5696 1977 5746 retributionem
1994 5694 2089 5745 exinde
2110 5680 2305 5751 maximam
2331 5708 2355 5753 a
2382 5708 2419 5757 40

685 5789 748 5856 deo
773 5792 806 5855 in
830 5790 883 5856 die
906 5791 1117 5857 necessitatis
1140 5806 1239 5856 habere
1263 5804 1428 5856 confidimus.
1451 5804 1537 5870 Igitur
1560 5808 1703 5868 cognoscat
1726 5801 1829 5851 utilitas
1851 5816 1899 5851 seu
1921 5800 2054 5865 sagacitas
2077 5799 2195 5848 omnium
2219 5798 2356 5859 fidelium

762 5998 824 6055 247.
842 6003 869 6064 a)
887 5999 976 6053 dacor
992 6003 1012 6052 2
1030 5998 1211 6054 Bccbatcherr
1228 5996 1325 6049 redirt
1344 5999 1370 6049 A
1458 5994 1486 6061 b)
1504 5994 1562 6059 aas
1577 5992 1685 6055 Rasur,
1703 6006 1775 6047 corr.
1794 6006 1848 6046 cce
1867 5993 1933 6044 dues
1952 5990 1978 6043 A
2072 5988 2206 6055 stlocum
2226 5992 2358 6067 (ioppen

841 6068 1016 6138 castratam
1033 6072 1061 6122 Α
1130 6069 1158 6135 d)
1174 6068 1272 6119 Karori
1289 6066 1325 6120 Δ.
2124 6100 2125 6103 ,
