5642 7159
701 609 766 674 464
1313 612 1739 674 KAISERURKUNDEN.

700 800 811 865 culam
833 799 1013 886 nucupanti
1035 797 1268 865 Andorrense⁸
1291 799 1388 865 iuxta
1410 798 1570 866 Tolosam
1593 799 1635 865 ab
1659 801 1733 886 ipsa
1755 808 1853 886 gente
1874 801 2001 886 perfida
2024 802 2248 887 destructam,
2284 826 2369 890 pre·

700 904 846 990 cepimus
869 901 916 967 ihi
938 902 1069 968 mittere
1084 900 1213 988 ageris¹¹
1234 901 1288 967 vel
1307 900 1504 987 culturalis¹,
1529 903 1583 990 qui
1606 902 1730 970 ibidem
1753 912 1911 970 maneant
1932 901 1987 970 etlt
2008 905 2134 971 faciant
2150 906 2197 972 ibi
2222 907 2367 990 domos,

699 1010 815 1074 vineas
838 1006 881 1072 ad
903 1005 1197 1092 conplantandum,
1221 1016 1311 1073 ortos
1334 1007 1526 1075 faciendum
1549 1007 1602 1073 vel
1625 1030 1688 1094 que
1711 1005 1755 1074 ad
1778 1007 1852 1073 illos
1875 1010 2063 1075 necessaria
2086 1008 2186 1075 sunt¹.
2210 1010 2259 1076 Hi
2278 1020 2366 1076 sunt

700 1120 913 1180 comanentes
928 1110 1027 1177 modo
1044 1119 1077 1176 et
1091 1110 1269 1186 Lesindus,
1286 1111 1506 1198 Laurenoius‚
1522 1112 1722 1196 Eberonius,
1738 1111 1943 1198 Autimirius‚
1961 1113 2142 1199 Quirinius,
2159 1113 2364 1200 Secsonius,

698 1216 840 1283 Barrula
861 1217 987 1300 rustici,
1019 1214 1208 1298 Sentanius,
1242 1216 1467 1283 Ferrecintius
1489 1226 1522 1283 et
1544 1216 1600 1282 alii
1624 1217 1745 1304 plures,
1775 1218 1830 1303 qui
1853 1217 1974 1285 ibidem
1998 1229 2075 1284 sunt
2097 1229 2155 1285 aut
2179 1229 2298 1286 serunt
2323 1222 2362 1286 in
2388 1239 2407 1285 o

697 1322 853 1388 futurum.
896 1321 1098 1387 Donamusln
1126 1321 1419 1408 exsenplationes¹¹
1448 1321 1501 1387 vel
1526 1322 1764 1390 afrontationes
1794 1331 1827 1388 et
1857 1322 1901 1388 ad
1923 1324 1994 1410 ipse
2016 1323 2191 1390 vallicule⁰
2218 1324 2360 1391 Andor·

696 1435 831 1493 rensel':
854 1448 876 1490 a
889 1433 985 1513 parte
1008 1426 1167 1511 erigentis
1189 1426 1224 1490 in
1248 1433 1399 1492 stacnum
1416 1426 1644 1512 Laugenoium
1660 1435 1693 1492 et
1715 1429 1770 1493 in‘l
1792 1428 1899 1494 Fonte
1915 1437 2073 1514 argentea
2096 1437 2130 1495 et
2152 1428 2193 1495 de
2209 1431 2358 1497 meridie

696 1533 728 1597 in
750 1519 834 1598 Rivo
863 1533 956 1618 nigro
985 1531 1037 1596 vel
1067 1531 1100 1596 in
1129 1531 1221 1596 fonte
1243 1529 1413 1616 Regisindi
1443 1539 1477 1597 et
1506 1528 1548 1596 de
1570 1539 1664 1617 parte
1690 1554 1770 1597 vero
1801 1533 1881 1598 circi
1904 1533 1938 1597 in
1966 1530 2042 1598 illas
2065 1553 2141 1598 aras
2164 1530 2358 1599 Sauartens

696 1638 792 1701 iuxta
813 1636 958 1702 Tolose'
985 1646 1018 1700 et
1040 1634 1081 1700 de
1104 1635 1243 1701 occiduo
1266 1636 1300 1699 in
1323 1642 1435 1700 monte
1459 1657 1522 1720 que
1545 1633 1675 1701 dicunt·
1703 1633 1792 1701 Sella
1815 1658 1916 1701 aurea
1945 1644 2105 1722 eiusque
2129 1637 2173 1703 ad
2199 1646 2355 1705 montem

695 1737 920 1806 (luminemus.
955 1733 1042 1805 Istas
1066 1737 1356 1824 eusenplationes¹¹
1378 1736 1431 1803 vel
1454 1738 1700 1804 afrontaciones
1723 1739 1768 1804 ad
1789 1740 1860 1826 ipse
1883 1739 2039 1805 vallicule
2061 1740 2127 1805 iam
2151 1739 2256 1806 dicte*
2279 1739 2353 1806 An·
2382 1758 2417 1806 io

695 1845 883 1928 dorrensei,
907 1853 944 1909 ut
965 1845 1029 1930 ipsi
1054 1853 1276 1923 comanentos,
1306 1843 1361 1930 qui
1383 1841 1506 1908 ibidem
1530 1852 1607 1908 aunt
1630 1851 1688 1908 aut
1711 1852 1854 1928 serente,
1883 1844 2013 1909 securiv
2035 1852 2068 1909 et
2091 1844 2191 1931 quieti
2213 1866 2353 1930 perma-

693 1958 794 2015 neant
823 1950 976 2035 omnique
1004 1958 1152 2033 tempore
1181 1948 1298 2014 subtus
1326 1955 1443 2013 nostra
1470 1948 1615 2014 iussione
1646 1945 1699 2012 vel
1730 1948 1886 2013 comitem
1917 1956 2065 2014 nostrum
2095 1949 2204 2013 senior
2233 1947 2351 2014 defen·

694 2060 837 2134 sorem',
869 2052 956 2140 quod
985 2051 1031 2117 illi
1061 2052 1182 2138 eligere
1211 2051 1385 2135 voluerint,
1415 2050 1580 2117 habeant²t
1609 2059 1808 2137 potestatem
1835 2073 1895 2138 per
1917 2059 2063 2118 nostram
2088 2053 2268 2117 iussionem
2293 2053 2351 2118 vel

693 2158 862 2224 comittem
885 2164 1048 2222 nostrum.
1087 2156 1232 2223 Oeneum
1255 2156 1307 2222 vel
1330 2157 1533 2223 functionem
1556 2155 1677 2222 exinde
1700 2155 1801 2222 alium
1824 2179 1891 2223 non
1917 2155 2108 2243 persolvant
2129 2156 2192 2221 nisi
2216 2157 2349 2243 piscem

693 2271 752 2329 aut
772 2264 881 2349 pisces
905 2271 938 2327 et
965 2261 1192 2347 recepcionem
1215 2262 1361 2327 facienty
1388 2271 1447 2327 aut
1470 2262 1600 2345 missos,
1636 2260 1690 2346 qui
1719 2269 1860 2346 pergant
1881 2261 2130 2347 Barquinonam
2153 2262 2284 2326 civem*
2313 2270 2350 2326 et
2376 2281 2408 2327 is

692 2365 850 2451 placitum
874 2364 1082 2431 custodient·
1105 2373 1182 2431 ants
1197 2366 1367 2431 comittem
1389 2374 1539 2431 nostrum
1557 2364 1597 2430 de
1621 2365 1811 2430 omicidium
1827 2373 1860 2430 et
1882 2363 1922 2430 de
1938 2362 2055 2430 ructui
2079 2373 2111 2430 et
2126 2363 2349 2431 incendium⁸.

692 2468 848 2554 Reliquos
871 2467 986 2554 culpas
1010 2468 1103 2546 alias,
1139 2493 1202 2556 que
1225 2471 1310 2536 inter
1338 2469 1414 2536 illos
1438 2471 1533 2553 erint,
1567 2477 1767 2555 potestatem
1790 2467 1866 2534 illos
1890 2468 2053 2535 donamus
2076 2468 2187 2534 facere
2210 2469 2265 2533 vel
2290 2469 2346 2535 de-

690 2573 786 2638 finire
807 2571 851 2638 ad
875 2569 954 2639 sisi.
977 2573 1098 2639 Nullus
1115 2575 1158 2639 sit
1180 2596 1281 2642 ausus
1304 2575 1359 2640 hio
1381 2583 1533 2641 autrum⁰
1556 2575 1676 2660 eligere
1699 2583 1817 2640 contra
1840 2596 1900 2640 nos
1923 2574 1975 2640 vel
1999 2575 2168 2641 comittem
2191 2582 2347 2640 nostrum

691 2699 796 2764 neque
819 2677 966 2764 expellat
988 2678 1064 2744 inde
1086 2678 1261 2763 hominem,
1285 2681 1340 2766 qui
1364 2679 1411 2745 ihi
1435 2679 1531 2745 vulut
1553 2701 1696 2762 manere,
1720 2679 1783 2744 nisi
1805 2701 1864 2765 per
1886 2677 1993 2765 legem
2016 2687 2049 2743 et
2071 2678 2248 2744 iusticiam.

792 2817 883 2884 Data
906 2827 939 2883 et
961 2819 1156 2884 confirmata
1179 2816 1288 2906 regis‘
1309 2819 1444 2885 donatio
1468 2841 1554 2884 anno
1578 2818 1720 2884 feliciter
1741 2819 1899 2902 vigesimo
1923 2835 2004 2882 1111⁰¹
2027 2818 2151 2883 domini
2174 2820 2291 2883 nostri.
2370 2836 2405 2886 so

791 2937 1024 3024 {iKarlus¹.
1052 2941 1246 3007 Lodouicus
1270 2943 1450 3026 imperator
1472 2937 1496 3020 Ξ.

790 3060 1003 3127 Plodoadush
1020 3060 1156 3128 chomis.
1172 3063 1299 3128 Mirone
1314 3063 1451 3128 chomis.
1475 3061 1603 3128 Guid0¹
1619 3062 1755 3128 chomis.
1780 3063 1948 3130 Geraldus
1965 3064 2153 3150 episcopus.
2177 3061 2348 3150 Signum*

688 3165 811 3231 Bosoni
834 3167 992 3253 episcopi.
1038 3165 1175 3252 Signum
1198 3166 1354 3234 Eldouini
1377 3168 1535 3254 episcopi.
1578 3166 1716 3252 Signum
1740 3166 1865 3233 Gehice
1887 3167 2089 3234 archilevite.
2136 3165 2346 3233 Wantardo¹

686 3269 883 3336 archilevita
906 3269 1127 3356 subscripsie.
1165 3272 1354 3339 Leotardus
1377 3271 1571 3337 archilevita
1596 3271 1808 3358 subscripsii.
1920 3316 1923 3322 -

788 3390 1032 3478 {Haeicardus
1055 3393 1143 3459 PPP.
1168 3390 1182 3471 ἒ
2369 3411 2403 3458 25

1473 3687 1559 3761 308.

1422 3844 1600 3927 (Unechi.)

682 4001 778 4073 Korl
804 4003 868 4073 der
899 4000 1027 4073 Grosse
1053 4002 1187 4091 befiohlt
1220 4005 1298 4075 dosa
1330 4000 1467 4091 Grofea
1493 4003 1668 4074 Fredolus
1701 4005 1766 4073 das
1800 4025 1866 4074 voa
1900 4003 1966 4073 deis
1994 4001 2135 4074 Hoidea
2168 4009 2339 4075 serstr'irie

683 4123 828 4195 Klostor
853 4125 893 4195 ia
925 4122 1060 4195 Garri
1086 4125 1213 4195 uieder
1239 4125 1478 4197 iterrastellea.

2074 4259 2287 4271 --—
2361 4242 2396 4290 so

782 4417 938 4491 Alschn'ft
961 4419 1012 4479 des
1032 4421 1086 4482 18.
1110 4419 1162 4480 Ji.
1189 4417 1260 4479 doit.
1284 4421 1414 4481 Morosa
1436 4422 1501 4482 284
1532 4418 1556 4492 s.
1579 4423 1645 4480 282
1673 4421 1748 4479 ohne
1772 4419 2008 4497 Qarlleaaapcbe
2036 4420 2070 4476 in
2097 4417 2150 4476 der
2171 4417 2335 4477 Notiora!-

783 4524 941 4584 bibliothelc
964 4543 1005 4583 ru
1026 4525 1118 4584 Paris
1142 4524 1206 4603 (Β).

755 4725 815 4782 ΒΜ.
835 4727 863 4794 gl
889 4741 961 4781 corr.
980 4727 1013 4781 ia
1037 4734 1201 4795 nucupatam
1228 4728 1377 4780 dudonem
1395 4729 1423 4782 Β
1526 4729 1554 4794 h)
1580 4743 1634 4782 voa
1653 4727 1680 4780 Β
1706 4727 1773 4780 iiber
1795 4743 1830 4793 ag
1857 4727 1903 4778 cia
1921 4741 1938 4778 s
1955 4722 2199 4794 riberpmltrt'cbea
2225 4721 2290 4776 aad
2309 4727 2333 4776 is

833 4796 1047 4851 darchstrichsa
1134 4799 1155 4861 i)
1172 4812 1243 4851 corr.
1262 4798 1294 4851 ιἰι
1312 4799 1429 4851 cultores
1447 4797 1475 4851 Β
1567 4797 1597 4866 k)
1615 4812 1664 4851 cor
1683 4803 1710 4849 et
1727 4796 1774 4850 sia
1791 4795 1952 4849 Baohstabe
1968 4794 2066 4848 radiat
2084 4795 2112 4848 A
2214 4793 2236 4859 l)
2256 4807 2331 4845 corr.

833 4866 909 4918 isset
927 4873 1012 4918 ortam
1030 4883 1110 4934 quam
1128 4867 1183 4918 alia
1200 4868 1363 4934 (iaciendum
1382 4883 1434 4935 qus
1453 4868 1487 4918 ad
1504 4867 1567 4919 illos
1586 4865 1812 4932 durchstrichsa)
1836 4881 1888 4933 que
1906 4866 2058 4917 neeessaria
2076 4869 2139 4916 sunt
2156 4861 2212 4915 illis
2230 4859 2258 4914 Β
2355 4864 2389 4912 35

833 4937 870 5002 ιιι)
887 4951 940 4990 voss
957 4935 985 4988 Β
1002 4936 1070 4990 sier
1088 4939 1117 4988 in
1136 4937 1256 4988 futurum
1273 4938 1404 4989 donamus
1423 4935 1667 5006 comparatricem
1691 4937 1794 4998 Quibus
1813 4942 1840 4987 et
1858 4951 1949 4987 eorum
1967 4937 2121 5001 posteritati
2209 4931 2238 4996 n)
2256 4946 2330 4984 corr.

832 5004 864 5056 iss
882 5005 1094 5073 exemplationas
1113 5005 1141 5059 Β
1245 5006 1272 5072 ο)
1289 5021 1361 5060 corr.
1379 5005 1412 5060 ia
1430 5009 1517 5072 ipsam
1535 5005 1693 5056 valliculam
1711 5004 1739 5058 Β
1842 5004 1871 5070 p)
1888 5019 1959 5058 corr.
1979 5003 2011 5055 iss
2029 5003 2179 5055 Ardormm
2197 5000 2225 5054 Β

831 5075 859 5140 q)
876 5076 887 5125 i
899 5089 969 5128 corr.
982 5075 1015 5128 ia
1027 5091 1044 5126 a
1061 5074 1113 5128 arii
1126 5073 1286 5145 Beiaasoap
1305 5075 1353 5128 des
1367 5074 1643 5144 Kiraunpssirichea
1657 5073 1684 5127 B
1754 5074 1778 5140 r)
1795 5088 1866 5127 corr.
1886 5073 1919 5126 ιἰι
1932 5073 2070 5124 Sauartias
2087 5071 2289 5125 modiolorum
2303 5069 2331 5124 Β

831 5143 855 5207 ιι)
873 5157 945 5197 corr.
963 5143 995 5196 ia
1014 5147 1061 5212 qui
1078 5144 1217 5197 diciturB
1284 5144 1306 5210 t)
1323 5160 1395 5198 corr.
1415 5144 1448 5196 ia
1466 5147 1551 5210 ipsam
1571 5144 1727 5195 valliculam
1746 5145 1800 5194 iam
1819 5141 1957 5196 dictsmB
2026 5143 2056 5209 ιι)
2073 5155 2146 5196 corr.
2163 5139 2195 5193 in
2208 5146 2289 5192 erunt
2302 5139 2330 5192 Β

830 5217 857 5276 v)
876 5230 891 5263 c
910 5229 981 5267 corr.
1001 5228 1056 5267 aus
1075 5231 1088 5264 r
1105 5214 1144 5274 A,
1167 5229 1221 5267 voa
1238 5213 1266 5266 Β
1284 5231 1298 5264 c
1317 5214 1442 5267 dariiber
1459 5212 1635 5284 pescariebea
1739 5213 1774 5280 ιι)
1792 5227 1864 5265 corr.
1883 5212 1916 5264 ia
1934 5212 2067 5263 seniorem
2084 5209 2146 5263 aad
2164 5225 2196 5260 ae
2214 5223 2264 5262 oor
2282 5209 2328 5260 de
2351 5210 2387 5256 ⁴0

828 5282 962 5334 senseram
980 5281 1224 5352 ooerpescirieiea
1243 5283 1270 5336 Β
1339 5285 1367 5348 x)
1385 5297 1437 5336 cor
1455 5283 1573 5334 habeant
1591 5297 1644 5334 coa
1663 5281 1690 5334 Β
1708 5282 1827 5348 eligendi
1845 5279 2089 5350 ihsrpemhrs'chea
2157 5279 2187 5345 y)
2204 5291 2277 5356 corr.
2296 5277 2329 5330 ia

832 5351 934 5403 iaciant
951 5351 979 5405 Β
1047 5352 1074 5417 ι)
1091 5367 1163 5406 corr.
1180 5352 1213 5405 ia
1231 5355 1368 5404 civitatem
1381 5352 1408 5405 Β
1478 5349 1854 5419 sensumsensurn
1925 5351 1951 5414 b)
1968 5364 2022 5404 oon
2039 5349 2066 5402 B
2084 5345 2329 5416 iherpeachrsehea

827 5421 991 5473 violamento
1062 5421 1088 5489 c)
1105 5437 1154 5474 vor
1172 5422 1327 5473 incendium
1345 5421 1436 5476 vorsB
1454 5422 1487 5473 ds
1505 5418 1748 5489 ibupescluiebea
1817 5420 1845 5487 d)
1861 5417 1956 5474 oonB
1969 5415 2328 5483 corr.iareliqaas..iliis‚

826 5492 914 5542 iacere
932 5492 976 5543 vel
995 5490 1106 5544 definire
1133 5492 1224 5543 adsis
1242 5492 1340 5562 petitpt
1357 5490 1419 5544 aad
1439 5490 1562 5544 darsiber
1579 5488 1755 5558 peachriehea
1773 5489 1923 5542 diffiniendi
1941 5489 1974 5540 ad
1992 5490 2109 5540 invicem
2213 5486 2239 5552 e)
2258 5483 2327 5536 siber

827 5567 933 5613 autrum
950 5576 1003 5614 voa
1014 5561 1042 5615 Β
1059 5559 1303 5629 ibnpsschriebea
1319 5561 1432 5613 altemm
1446 5561 1584 5612 dominum
1654 5559 1676 5622 i)
1693 5561 1703 5609 i
1722 5557 1773 5611 nsit
1791 5557 2101 5626 utherpeschriebeaems
2120 5552 2177 5621 cus
2185 5553 2286 5608 Rarus·
2298 5555 2327 5607 A
2350 5553 2385 5603 45

827 5631 855 5696 gl
872 5645 944 5684 corr.
963 5630 995 5682 ia
1013 5631 1129 5682 Kerolus
1147 5630 1174 5682 B
1278 5631 1307 5697 h)
1324 5629 1378 5683 dos
1396 5629 1492 5684 aweiie
1510 5647 1525 5681 o
1544 5628 1612 5682 ather
1631 5628 1681 5682 der
1699 5627 1775 5682 Zeile
1792 5628 2001 5697 aeciapeirapea
2018 5627 2046 5680 A
2132 5624 2153 5692 i)
2169 5637 2219 5676 cor
2237 5623 2328 5675 Guido

825 5699 872 5750 eia
883 5699 971 5753 Krer's
988 5700 1041 5750 mit
1059 5699 1301 5768 dapesdclmetem
1313 5699 1410 5754 Kressa
1480 5699 1510 5765 k)
1528 5702 1544 5753 3
1561 5695 1699 5763 Sriioriri,
1717 5696 1814 5751 eberiso
1833 5697 1866 5750 ιἰι
1884 5695 2006 5750 eadem
2024 5693 2111 5749 Form
2129 5706 2178 5746 cor
2195 5692 2328 5772 Eidpuini

826 5768 887 5820 ιιιιά
900 5770 1009 5831 Gabios,
1028 5767 1075 5820 die
1092 5768 1145 5821 sool
1162 5772 1271 5836 signum
1284 5769 1419 5824 bedeaiea
1437 5767 1525 5822 sollers
1595 5769 1617 5836 l)
1633 5782 1682 5820 vor
1701 5765 1762 5820 dem
1775 5765 1887 5820 Names
1905 5765 1951 5820 eia
1969 5763 2111 5818 italicis-sa
2124 5759 2329 5815 Hassdrsschea

825 5836 886 5956 agisa
895 5851 945 5890 vor
963 5837 1052 5888 Guido
1140 5840 1177 5903 nn)
1195 5840 1255 5890 sss
1273 5841 1301 5892 A
1383 5841 1413 5906 ιι)
1430 5838 1498 5893 awti
1515 5837 1584 5892 olm
1602 5835 1831 5890 durchstrieheae
1850 5833 2001 5890 &hadriel
2018 5832 2144 5899 offeratur
2162 5830 2214 5884 mit
2233 5829 2328 5883 dieser
2351 5899 2387 5950 5⁰

853 5920 867 5956 e
888 5912 995 5973 essiursp
