<?xml version="1.0" encoding="UTF-8"?>
<!DOCTYPE html PUBLIC "-//W3C//DTD XHTML 1.0 Transitional//EN"
    "http://www.w3.org/TR/xhtml1/DTD/xhtml1-transitional.dtd">
<html xmlns="http://www.w3.org/1999/xhtml" xml:lang="en" lang="en">
 <head>
  <title>
</title>
<meta http-equiv="Content-Type" content="text/html;charset=utf-8" />
  <meta name='ocr-system' content='tesseract 3.04.00' />
  <meta name='ocr-capabilities' content='ocr_page ocr_carea ocr_par ocr_line ocrx_word'/>
</head>
<body>
  <div class='ocr_page' id='page_1' title='image "./monumentagerman01goog/monumentagerman01goog_0390.png"; bbox 0 0 5642 7159; ppageno 0'>
   <div class='ocr_carea' id='block_1_1' title="bbox 1052 687 2133 755">
    <p class='ocr_par' dir='ltr' id='par_1_1' title="bbox 1052 687 2133 755">
     <span class='ocr_line' id='line_1_1' title="bbox 1052 687 2133 755; baseline 0 -4"><span class='ocrx_word' id='word_1_1' title='bbox 1052 692 1171 753; x_wconf 80' lang='lat' dir='ltr'><strong>KABL</strong></span> <span class='ocrx_word' id='word_1_2' title='bbox 1193 691 1282 752; x_wconf 72' lang='grc' dir='ltr'><strong>ΗΕΒ</strong></span> <span class='ocrx_word' id='word_1_3' title='bbox 1304 691 1474 751; x_wconf 77' lang='lat' dir='ltr'>GROSSE</span> <span class='ocrx_word' id='word_1_4' title='bbox 1497 687 1570 753; x_wconf 90' lang='grc'>800.</span> <span class='ocrx_word' id='word_1_5' title='bbox 2070 688 2133 755; x_wconf 81' lang='grc'><strong>377</strong></span> 
     </span>
    </p>
   </div>
   <div class='ocr_carea' id='block_1_2' title="bbox 423 875 2136 4919">
    <p class='ocr_par' dir='ltr' id='par_1_2' title="bbox 423 875 2136 4919">
     <span class='ocr_line' id='line_1_2' title="bbox 484 875 2133 963; baseline 0 -20"><span class='ocrx_word' id='word_1_6' title='bbox 484 880 587 945; x_wconf 87' lang='lat' dir='ltr'><strong>blarie</strong></span> <span class='ocrx_word' id='word_1_7' title='bbox 610 880 758 945; x_wconf 87' lang='lat' dir='ltr'><strong>fecerunt</strong></span> <span class='ocrx_word' id='word_1_8' title='bbox 781 901 855 944; x_wconf 92' lang='lat' dir='ltr'><strong>cum</strong></span> <span class='ocrx_word' id='word_1_9' title='bbox 880 877 1013 944; x_wconf 89' lang='lat' dir='ltr'><strong>dotibus</strong></span> <span class='ocrx_word' id='word_1_10' title='bbox 1037 886 1071 944; x_wconf 91' lang='lat' dir='ltr'><strong>ot</strong></span> <span class='ocrx_word' id='word_1_11' title='bbox 1093 880 1217 943; x_wconf 90' lang='lat' dir='ltr'><strong>mansis</strong></span> <span class='ocrx_word' id='word_1_12' title='bbox 1240 880 1431 963; x_wconf 87' lang='lat' dir='ltr'><strong>assignatis,</strong></span> <span class='ocrx_word' id='word_1_13' title='bbox 1467 879 1569 943; x_wconf 88' lang='lat' dir='ltr'><strong>curtis</strong></span> <span class='ocrx_word' id='word_1_14' title='bbox 1592 889 1625 943; x_wconf 87' lang='lat' dir='ltr'><strong>et</strong></span> <span class='ocrx_word' id='word_1_15' title='bbox 1648 875 1756 943; x_wconf 77' lang='lat' dir='ltr'><strong>silvis‘</strong></span> <span class='ocrx_word' id='word_1_16' title='bbox 1783 878 1912 943; x_wconf 75' lang='lat' dir='ltr'>olorinis</span> <span class='ocrx_word' id='word_1_17' title='bbox 1941 886 1974 943; x_wconf 91' lang='lat' dir='ltr'><strong>et</strong></span> <span class='ocrx_word' id='word_1_18' title='bbox 1996 878 2133 944; x_wconf 84' lang='lat' dir='ltr'><strong>lumina·</strong></span> 
     </span>
     <span class='ocr_line' id='line_1_3' title="bbox 482 981 2134 1067; baseline -0.002 -18"><span class='ocrx_word' id='word_1_19' title='bbox 482 982 575 1049; x_wconf 88' lang='lat' dir='ltr'><strong>ribus</strong></span> <span class='ocrx_word' id='word_1_20' title='bbox 600 981 687 1049; x_wconf 90' lang='lat' dir='ltr'><strong>dicte</strong></span> <span class='ocrx_word' id='word_1_21' title='bbox 712 991 825 1048; x_wconf 91' lang='lat' dir='ltr'><strong>sancte</strong></span> <span class='ocrx_word' id='word_1_22' title='bbox 848 982 987 1048; x_wconf 88' lang='lat' dir='ltr'><strong>ecclesie</strong></span> <span class='ocrx_word' id='word_1_23' title='bbox 1010 991 1078 1047; x_wconf 90' lang='lat' dir='ltr'><strong>tam</strong></span> <span class='ocrx_word' id='word_1_24' title='bbox 1101 984 1189 1048; x_wconf 91' lang='lat' dir='ltr'><strong>intus</strong></span> <span class='ocrx_word' id='word_1_25' title='bbox 1213 982 1382 1048; x_wconf 88' lang='lat' dir='ltr'><strong>civitatem</strong></span> <span class='ocrx_word' id='word_1_26' title='bbox 1411 1003 1510 1067; x_wconf 91' lang='lat' dir='ltr'><strong>quam</strong></span> <span class='ocrx_word' id='word_1_27' title='bbox 1534 989 1631 1047; x_wconf 83' lang='lat' dir='ltr'><strong>extra</strong></span> <span class='ocrx_word' id='word_1_28' title='bbox 1654 990 1686 1046; x_wconf 90' lang='lat' dir='ltr'><strong>ct</strong></span> <span class='ocrx_word' id='word_1_29' title='bbox 1708 982 1742 1047; x_wconf 90' lang='lat' dir='ltr'><strong>in</strong></span> <span class='ocrx_word' id='word_1_30' title='bbox 1772 982 1931 1047; x_wconf 82' lang='lat' dir='ltr'><strong>comitatu</strong></span> <span class='ocrx_word' id='word_1_31' title='bbox 1954 982 2134 1064; x_wconf 74' lang='lat' dir='ltr'><strong>Asculano,</strong></span> 
     </span>
     <span class='ocr_line' id='line_1_4' title="bbox 483 1084 2135 1174; baseline 0 -23"><span class='ocrx_word' id='word_1_32' title='bbox 483 1109 546 1174; x_wconf 92' lang='lat' dir='ltr'><strong>que</strong></span> <span class='ocrx_word' id='word_1_33' title='bbox 563 1088 674 1152; x_wconf 91' lang='lat' dir='ltr'><strong>omnia</strong></span> <span class='ocrx_word' id='word_1_34' title='bbox 690 1086 776 1152; x_wconf 87' lang='lat' dir='ltr'><strong>dicte</strong></span> <span class='ocrx_word' id='word_1_35' title='bbox 792 1095 907 1152; x_wconf 87' lang='lat' dir='ltr'><strong>sancte</strong></span> <span class='ocrx_word' id='word_1_36' title='bbox 930 1086 1069 1152; x_wconf 89' lang='lat' dir='ltr'><strong>eeclesia</strong></span> <span class='ocrx_word' id='word_1_37' title='bbox 1082 1096 1120 1151; x_wconf 91' lang='lat' dir='ltr'><strong>ut</strong></span> <span class='ocrx_word' id='word_1_38' title='bbox 1143 1108 1243 1173; x_wconf 91' lang='lat' dir='ltr'><strong>supra</strong></span> <span class='ocrx_word' id='word_1_39' title='bbox 1259 1109 1318 1172; x_wconf 90' lang='lat' dir='ltr'><strong>per</strong></span> <span class='ocrx_word' id='word_1_40' title='bbox 1339 1085 1437 1151; x_wconf 90' lang='lat' dir='ltr'><strong>huius</strong></span> <span class='ocrx_word' id='word_1_41' title='bbox 1451 1086 1555 1151; x_wconf 81' lang='lat' dir='ltr'><strong>nostri</strong></span> <span class='ocrx_word' id='word_1_42' title='bbox 1571 1086 1719 1172; x_wconf 83' lang='lat' dir='ltr'>precepti</span> <span class='ocrx_word' id='word_1_43' title='bbox 1741 1087 1897 1171; x_wconf 85' lang='lat' dir='ltr'><strong>paginam</strong></span> <span class='ocrx_word' id='word_1_44' title='bbox 1913 1108 1974 1171; x_wconf 87' lang='lat' dir='ltr'><strong>ego</strong></span> <span class='ocrx_word' id='word_1_45' title='bbox 1989 1084 2135 1153; x_wconf 88' lang='lat' dir='ltr'><strong>Karolus</strong></span> 
     </span>
     <span class='ocr_line' id='line_1_5' title="bbox 486 1190 2134 1278; baseline -0.001 -19"><span class='ocrx_word' id='word_1_46' title='bbox 486 1192 644 1259; x_wconf 82' lang='lat' dir='ltr'><strong>confirmo</strong></span> <span class='ocrx_word' id='word_1_47' title='bbox 662 1202 695 1256; x_wconf 91' lang='lat' dir='ltr'><strong>et</strong></span> <span class='ocrx_word' id='word_1_48' title='bbox 717 1193 853 1278; x_wconf 92' lang='lat' dir='ltr'><strong>insuper</strong></span> <span class='ocrx_word' id='word_1_49' title='bbox 867 1212 927 1277; x_wconf 90' lang='lat' dir='ltr'><strong>pro</strong></span> <span class='ocrx_word' id='word_1_50' title='bbox 950 1190 1074 1257; x_wconf 92' lang='lat' dir='ltr'><strong>bonore</strong></span> <span class='ocrx_word' id='word_1_51' title='bbox 1098 1191 1307 1257; x_wconf 78' lang='lat' dir='ltr'><strong>sanctissime</strong></span> <span class='ocrx_word' id='word_1_52' title='bbox 1329 1190 1467 1275; x_wconf 81' lang='lat' dir='ltr'><strong>virginis</strong></span> <span class='ocrx_word' id='word_1_53' title='bbox 1488 1199 1521 1255; x_wconf 91' lang='lat' dir='ltr'><strong>et</strong></span> <span class='ocrx_word' id='word_1_54' title='bbox 1543 1190 1725 1256; x_wconf 76' lang='lat' dir='ltr'><strong>beatissimi</strong></span> <span class='ocrx_word' id='word_1_55' title='bbox 1744 1190 1865 1257; x_wconf 85' lang='lat' dir='ltr'><strong>Emidii</strong></span> <span class='ocrx_word' id='word_1_56' title='bbox 1889 1200 1922 1257; x_wconf 88' lang='lat' dir='ltr'><strong>et</strong></span> <span class='ocrx_word' id='word_1_57' title='bbox 1945 1200 2134 1257; x_wconf 89' lang='lat' dir='ltr'><strong>sauctorum</strong></span> 
     </span>
     <span class='ocr_line' id='line_1_6' title="bbox 445 1294 2133 1381; baseline -0.001 -21"><span class='ocrx_word' id='word_1_58' title='bbox 445 1311 461 1360; x_wconf 82' lang='lat' dir='ltr'><strong>o</strong></span> <span class='ocrx_word' id='word_1_59' title='bbox 484 1296 647 1360; x_wconf 90' lang='lat' dir='ltr'><strong>sociorum</strong></span> <span class='ocrx_word' id='word_1_60' title='bbox 670 1296 750 1376; x_wconf 90' lang='lat' dir='ltr'><strong>eius,</strong></span> <span class='ocrx_word' id='word_1_61' title='bbox 783 1295 839 1381; x_wconf 92' lang='lat' dir='ltr'><strong>qui</strong></span> <span class='ocrx_word' id='word_1_62' title='bbox 862 1294 924 1360; x_wconf 90' lang='lat' dir='ltr'><strong>sub</strong></span> <span class='ocrx_word' id='word_1_63' title='bbox 948 1294 1046 1359; x_wconf 88' lang='lat' dir='ltr'><strong>altari</strong></span> <span class='ocrx_word' id='word_1_64' title='bbox 1070 1303 1156 1376; x_wconf 91' lang='lat' dir='ltr'><strong>sunt,</strong></span> <span class='ocrx_word' id='word_1_65' title='bbox 1186 1305 1218 1360; x_wconf 91' lang='lat' dir='ltr'><strong>et</strong></span> <span class='ocrx_word' id='word_1_66' title='bbox 1239 1315 1299 1381; x_wconf 91' lang='lat' dir='ltr'><strong>pro</strong></span> <span class='ocrx_word' id='word_1_67' title='bbox 1322 1294 1468 1360; x_wconf 91' lang='lat' dir='ltr'><strong>remedio</strong></span> <span class='ocrx_word' id='word_1_68' title='bbox 1491 1296 1601 1360; x_wconf 88' lang='lat' dir='ltr'><strong>anime</strong></span> <span class='ocrx_word' id='word_1_69' title='bbox 1623 1304 1736 1361; x_wconf 88' lang='lat' dir='ltr'><strong>nostre</strong></span> <span class='ocrx_word' id='word_1_70' title='bbox 1759 1317 1820 1380; x_wconf 88' lang='lat' dir='ltr'><strong>ego</strong></span> <span class='ocrx_word' id='word_1_71' title='bbox 1843 1295 1989 1361; x_wconf 89' lang='lat' dir='ltr'><strong>Karolus</strong></span> <span class='ocrx_word' id='word_1_72' title='bbox 2013 1300 2133 1376; x_wconf 76' lang='lat' dir='ltr'><strong>statuo,</strong></span> 
     </span>
     <span class='ocr_line' id='line_1_7' title="bbox 483 1398 2136 1486; baseline -0.001 -22"><span class='ocrx_word' id='word_1_73' title='bbox 483 1399 569 1464; x_wconf 92' lang='lat' dir='ltr'><strong>dono</strong></span> <span class='ocrx_word' id='word_1_74' title='bbox 593 1407 626 1464; x_wconf 90' lang='lat' dir='ltr'><strong>et</strong></span> <span class='ocrx_word' id='word_1_75' title='bbox 656 1400 803 1464; x_wconf 88' lang='lat' dir='ltr'><strong>concedo</strong></span> <span class='ocrx_word' id='word_1_76' title='bbox 827 1421 886 1486; x_wconf 89' lang='lat' dir='ltr'><strong>per</strong></span> <span class='ocrx_word' id='word_1_77' title='bbox 909 1399 971 1463; x_wconf 89' lang='lat' dir='ltr'><strong>hoo</strong></span> <span class='ocrx_word' id='word_1_78' title='bbox 993 1408 1186 1485; x_wconf 80' lang='lat' dir='ltr'><strong>preceptum</strong></span> <span class='ocrx_word' id='word_1_79' title='bbox 1217 1398 1404 1464; x_wconf 91' lang='lat' dir='ltr'><strong>donationis</strong></span> <span class='ocrx_word' id='word_1_80' title='bbox 1427 1408 1538 1464; x_wconf 89' lang='lat' dir='ltr'><strong>nostre</strong></span> <span class='ocrx_word' id='word_1_81' title='bbox 1561 1398 1621 1465; x_wconf 93' lang='lat' dir='ltr'><strong>tibi</strong></span> <span class='ocrx_word' id='word_1_82' title='bbox 1652 1399 1784 1465; x_wconf 91' lang='lat' dir='ltr'><strong>domino</strong></span> <span class='ocrx_word' id='word_1_83' title='bbox 1808 1400 1949 1466; x_wconf 84' lang='lat' dir='ltr'><strong>Iustolfo</strong></span> <span class='ocrx_word' id='word_1_84' title='bbox 1978 1401 2136 1486; x_wconf 86' lang='lat' dir='ltr'><strong>episeopo</strong></span> 
     </span>
     <span class='ocr_line' id='line_1_8' title="bbox 483 1488 2133 1590; baseline 0.001 -23"><span class='ocrx_word' id='word_1_85' title='bbox 483 1488 652 1569; x_wconf 81' lang='lat' dir='ltr'><strong>Asculano</strong></span> <span class='ocrx_word' id='word_1_86' title='bbox 676 1512 709 1569; x_wconf 92' lang='lat' dir='ltr'><strong>et</strong></span> <span class='ocrx_word' id='word_1_87' title='bbox 733 1503 886 1569; x_wconf 91' lang='lat' dir='ltr'><strong>omnibus</strong></span> <span class='ocrx_word' id='word_1_88' title='bbox 904 1503 1151 1569; x_wconf 90' lang='lat' dir='ltr'><strong>successoribus</strong></span> <span class='ocrx_word' id='word_1_89' title='bbox 1175 1505 1239 1570; x_wconf 88' lang='lat' dir='ltr'><strong>tuis</strong></span> <span class='ocrx_word' id='word_1_90' title='bbox 1255 1506 1289 1568; x_wconf 92' lang='lat' dir='ltr'><strong>in</strong></span> <span class='ocrx_word' id='word_1_91' title='bbox 1312 1514 1509 1590; x_wconf 86' lang='lat' dir='ltr'><strong>perpetuum</strong></span> <span class='ocrx_word' id='word_1_92' title='bbox 1526 1514 1671 1569; x_wconf 83' lang='lat' dir='ltr'><strong>castrum</strong></span> <span class='ocrx_word' id='word_1_93' title='bbox 1690 1526 1812 1570; x_wconf 92' lang='lat' dir='ltr'><strong>novum</strong></span> <span class='ocrx_word' id='word_1_94' title='bbox 1830 1505 2042 1571; x_wconf 82' lang='lat' dir='ltr'><strong>Ancarauum</strong></span> <span class='ocrx_word' id='word_1_95' title='bbox 2058 1526 2133 1569; x_wconf 89' lang='lat' dir='ltr'><strong>oum</strong></span> 
     </span>
     <span class='ocr_line' id='line_1_9' title="bbox 482 1606 2133 1695; baseline 0.001 -24"><span class='ocrx_word' id='word_1_96' title='bbox 482 1616 553 1672; x_wconf 89' lang='lat' dir='ltr'><strong>toto</strong></span> <span class='ocrx_word' id='word_1_97' title='bbox 584 1629 643 1672; x_wconf 94' lang='lat' dir='ltr'><strong>suo</strong></span> <span class='ocrx_word' id='word_1_98' title='bbox 667 1608 831 1673; x_wconf 87' lang='lat' dir='ltr'><strong>territorio</strong></span> <span class='ocrx_word' id='word_1_99' title='bbox 861 1617 894 1673; x_wconf 92' lang='lat' dir='ltr'><strong>et</strong></span> <span class='ocrx_word' id='word_1_100' title='bbox 917 1617 1044 1673; x_wconf 89' lang='lat' dir='ltr'><strong>curtem</strong></span> <span class='ocrx_word' id='word_1_101' title='bbox 1075 1606 1199 1673; x_wconf 82' lang='lat' dir='ltr'><strong>Carula</strong></span> <span class='ocrx_word' id='word_1_102' title='bbox 1222 1629 1297 1673; x_wconf 91' lang='lat' dir='ltr'><strong>cum</strong></span> <span class='ocrx_word' id='word_1_103' title='bbox 1326 1608 1479 1673; x_wconf 91' lang='lat' dir='ltr'><strong>omnibns</strong></span> <span class='ocrx_word' id='word_1_104' title='bbox 1505 1609 1574 1674; x_wconf 91' lang='lat' dir='ltr'><strong>suis</strong></span> <span class='ocrx_word' id='word_1_105' title='bbox 1604 1610 1810 1695; x_wconf 78' lang='lat' dir='ltr'><strong>pertinentiis</strong></span> <span class='ocrx_word' id='word_1_106' title='bbox 1835 1617 1867 1674; x_wconf 90' lang='lat' dir='ltr'><strong>et</strong></span> <span class='ocrx_word' id='word_1_107' title='bbox 1897 1610 1992 1675; x_wconf 87' lang='lat' dir='ltr'><strong>terris</strong></span> <span class='ocrx_word' id='word_1_108' title='bbox 2021 1618 2054 1674; x_wconf 92' lang='lat' dir='ltr'><strong>et</strong></span> <span class='ocrx_word' id='word_1_109' title='bbox 2084 1629 2133 1673; x_wconf 82' lang='lat' dir='ltr'><strong>eo</strong></span> 
     </span>
     <span class='ocr_line' id='line_1_10' title="bbox 483 1710 2132 1799; baseline 0 -23"><span class='ocrx_word' id='word_1_110' title='bbox 483 1712 591 1777; x_wconf 91' lang='lat' dir='ltr'><strong>clesiis</strong></span> <span class='ocrx_word' id='word_1_111' title='bbox 615 1712 813 1777; x_wconf 70' lang='lat' dir='ltr'><strong>aTriuntoss</strong></span> <span class='ocrx_word' id='word_1_112' title='bbox 835 1734 939 1797; x_wconf 91' lang='lat' dir='ltr'><strong>usque</strong></span> <span class='ocrx_word' id='word_1_113' title='bbox 956 1710 1084 1778; x_wconf 87' lang='lat' dir='ltr'><strong>Ubrate</strong></span> <span class='ocrx_word' id='word_1_114' title='bbox 1106 1733 1181 1777; x_wconf 92' lang='lat' dir='ltr'><strong>cum</strong></span> <span class='ocrx_word' id='word_1_115' title='bbox 1204 1711 1302 1798; x_wconf 90' lang='lat' dir='ltr'><strong>pleno</strong></span> <span class='ocrx_word' id='word_1_116' title='bbox 1326 1721 1360 1777; x_wconf 91' lang='lat' dir='ltr'><strong>et</strong></span> <span class='ocrx_word' id='word_1_117' title='bbox 1381 1712 1536 1779; x_wconf 91' lang='lat' dir='ltr'><strong>absoluto</strong></span> <span class='ocrx_word' id='word_1_118' title='bbox 1560 1713 1705 1779; x_wconf 91' lang='lat' dir='ltr'><strong>dominio</strong></span> <span class='ocrx_word' id='word_1_119' title='bbox 1730 1736 1789 1799; x_wconf 94' lang='lat' dir='ltr'><strong>per</strong></span> <span class='ocrx_word' id='word_1_120' title='bbox 1811 1725 1844 1779; x_wconf 88' lang='lat' dir='ltr'><strong>tc</strong></span> <span class='ocrx_word' id='word_1_121' title='bbox 1867 1723 1900 1779; x_wconf 89' lang='lat' dir='ltr'><strong>et</strong></span> <span class='ocrx_word' id='word_1_122' title='bbox 1924 1734 2132 1779; x_wconf 88' lang='lat' dir='ltr'><strong>successores</strong></span> 
     </span>
     <span class='ocr_line' id='line_1_11' title="bbox 429 1815 2133 1903; baseline 0.001 -24"><span class='ocrx_word' id='word_1_123' title='bbox 429 1833 460 1883; x_wconf 87' lang='grc' dir='ltr'><strong>ιο</strong></span> <span class='ocrx_word' id='word_1_124' title='bbox 482 1823 573 1898; x_wconf 85' lang='lat' dir='ltr'><strong>tuos;</strong></span> <span class='ocrx_word' id='word_1_125' title='bbox 595 1816 674 1880; x_wconf 92' lang='lat' dir='ltr'><strong>item</strong></span> <span class='ocrx_word' id='word_1_126' title='bbox 691 1825 723 1880; x_wconf 92' lang='lat' dir='ltr'><strong>et</strong></span> <span class='ocrx_word' id='word_1_127' title='bbox 745 1816 778 1879; x_wconf 92' lang='lat' dir='ltr'><strong>in</strong></span> <span class='ocrx_word' id='word_1_128' title='bbox 796 1816 959 1899; x_wconf 89' lang='lat' dir='ltr'><strong>integrum</strong></span> <span class='ocrx_word' id='word_1_129' title='bbox 982 1815 1155 1882; x_wconf 88' lang='lat' dir='ltr'><strong>castellum</strong></span> <span class='ocrx_word' id='word_1_130' title='bbox 1172 1815 1213 1882; x_wconf 92' lang='lat' dir='ltr'><strong>de</strong></span> <span class='ocrx_word' id='word_1_131' title='bbox 1236 1816 1327 1883; x_wconf 89' lang='lat' dir='ltr'><strong>Isola</strong></span> <span class='ocrx_word' id='word_1_132' title='bbox 1341 1838 1416 1881; x_wconf 88' lang='lat' dir='ltr'><strong>oum</strong></span> <span class='ocrx_word' id='word_1_133' title='bbox 1441 1817 1528 1881; x_wconf 92' lang='lat' dir='ltr'><strong>omni</strong></span> <span class='ocrx_word' id='word_1_134' title='bbox 1545 1838 1606 1881; x_wconf 90' lang='lat' dir='ltr'><strong>sua</strong></span> <span class='ocrx_word' id='word_1_135' title='bbox 1629 1818 1828 1903; x_wconf 88' lang='lat' dir='ltr'><strong>pertinentia</strong></span> <span class='ocrx_word' id='word_1_136' title='bbox 1851 1818 1940 1882; x_wconf 92' lang='lat' dir='ltr'><strong>intus</strong></span> <span class='ocrx_word' id='word_1_137' title='bbox 1964 1817 2133 1882; x_wconf 87' lang='lat' dir='ltr'><strong>civitatem</strong></span> 
     </span>
     <span class='ocr_line' id='line_1_12' title="bbox 482 1919 2133 2006; baseline 0 -21"><span class='ocrx_word' id='word_1_138' title='bbox 482 1942 583 2005; x_wconf 90' lang='lat' dir='ltr'><strong>supra</strong></span> <span class='ocrx_word' id='word_1_139' title='bbox 604 1919 789 1985; x_wconf 84' lang='lat' dir='ltr'><strong>Triuntum.</strong></span> <span class='ocrx_word' id='word_1_140' title='bbox 813 1919 897 1985; x_wconf 83' lang='lat' dir='ltr'><strong>Item</strong></span> <span class='ocrx_word' id='word_1_141' title='bbox 921 1921 1089 1985; x_wconf 89' lang='lat' dir='ltr'><strong>canonicis</strong></span> <span class='ocrx_word' id='word_1_142' title='bbox 1113 1930 1226 1985; x_wconf 89' lang='lat' dir='ltr'><strong>sancte</strong></span> <span class='ocrx_word' id='word_1_143' title='bbox 1249 1929 1305 1985; x_wconf 92' lang='lat' dir='ltr'><strong>tue</strong></span> <span class='ocrx_word' id='word_1_144' title='bbox 1329 1920 1470 1992; x_wconf 87' lang='lat' dir='ltr'><strong>ecclesie</strong></span> <span class='ocrx_word' id='word_1_145' title='bbox 1492 1942 1553 2006; x_wconf 88' lang='lat' dir='ltr'><strong>ego</strong></span> <span class='ocrx_word' id='word_1_146' title='bbox 1577 1920 1722 1986; x_wconf 88' lang='lat' dir='ltr'><strong>Karolus</strong></span> <span class='ocrx_word' id='word_1_147' title='bbox 1746 1929 1867 2003; x_wconf 90' lang='lat' dir='ltr'><strong>statuo,</strong></span> <span class='ocrx_word' id='word_1_148' title='bbox 1891 1920 1978 1986; x_wconf 93' lang='lat' dir='ltr'><strong>dono</strong></span> <span class='ocrx_word' id='word_1_149' title='bbox 2002 1931 2035 1986; x_wconf 92' lang='lat' dir='ltr'><strong>et</strong></span> <span class='ocrx_word' id='word_1_150' title='bbox 2057 1942 2133 1985; x_wconf 92' lang='lat' dir='ltr'><strong>con·</strong></span> 
     </span>
     <span class='ocr_line' id='line_1_13' title="bbox 481 2021 2135 2112; baseline -0.001 -23"><span class='ocrx_word' id='word_1_151' title='bbox 481 2024 563 2090; x_wconf 87' lang='lat' dir='ltr'><strong>cedo</strong></span> <span class='ocrx_word' id='word_1_152' title='bbox 580 2047 638 2110; x_wconf 91' lang='lat' dir='ltr'><strong>per</strong></span> <span class='ocrx_word' id='word_1_153' title='bbox 654 2024 716 2090; x_wconf 93' lang='lat' dir='ltr'><strong>boc</strong></span> <span class='ocrx_word' id='word_1_154' title='bbox 732 2033 924 2112; x_wconf 86' lang='lat' dir='ltr'><strong>preceptum</strong></span> <span class='ocrx_word' id='word_1_155' title='bbox 940 2025 1131 2090; x_wconf 86' lang='lat' dir='ltr'><strong>donationis</strong></span> <span class='ocrx_word' id='word_1_156' title='bbox 1147 2035 1259 2091; x_wconf 90' lang='lat' dir='ltr'><strong>nostre</strong></span> <span class='ocrx_word' id='word_1_157' title='bbox 1283 2033 1429 2089; x_wconf 86' lang='lat' dir='ltr'><strong>castrum</strong></span> <span class='ocrx_word' id='word_1_158' title='bbox 1446 2021 1699 2090; x_wconf 75' lang='lat' dir='ltr'><strong>Maltiniauuml</strong></span> <span class='ocrx_word' id='word_1_159' title='bbox 1722 2047 1796 2090; x_wconf 93' lang='lat' dir='ltr'><strong>cum</strong></span> <span class='ocrx_word' id='word_1_160' title='bbox 1813 2033 1882 2090; x_wconf 90' lang='lat' dir='ltr'><strong>toto</strong></span> <span class='ocrx_word' id='word_1_161' title='bbox 1907 2047 1966 2090; x_wconf 94' lang='lat' dir='ltr'><strong>suo</strong></span> <span class='ocrx_word' id='word_1_162' title='bbox 1984 2024 2135 2090; x_wconf 89' lang='lat' dir='ltr'><strong>districtu</strong></span> 
     </span>
     <span class='ocr_line' id='line_1_14' title="bbox 482 2127 2135 2216; baseline 0 -23"><span class='ocrx_word' id='word_1_163' title='bbox 482 2136 514 2193; x_wconf 88' lang='lat' dir='ltr'><strong>et</strong></span> <span class='ocrx_word' id='word_1_164' title='bbox 543 2127 695 2194; x_wconf 91' lang='lat' dir='ltr'><strong>omnibus</strong></span> <span class='ocrx_word' id='word_1_165' title='bbox 724 2130 931 2215; x_wconf 90' lang='lat' dir='ltr'><strong>pertinentiis</strong></span> <span class='ocrx_word' id='word_1_166' title='bbox 960 2128 1140 2195; x_wconf 85' lang='lat' dir='ltr'><strong>aTriunto</strong></span> <span class='ocrx_word' id='word_1_167' title='bbox 1171 2151 1277 2216; x_wconf 90' lang='lat' dir='ltr'><strong>usque</strong></span> <span class='ocrx_word' id='word_1_168' title='bbox 1300 2128 1428 2194; x_wconf 87' lang='lat' dir='ltr'><strong>Ubrate</strong></span> <span class='ocrx_word' id='word_1_169' title='bbox 1457 2150 1531 2196; x_wconf 91' lang='lat' dir='ltr'><strong>cum</strong></span> <span class='ocrx_word' id='word_1_170' title='bbox 1555 2129 1653 2215; x_wconf 90' lang='lat' dir='ltr'><strong>pleno</strong></span> <span class='ocrx_word' id='word_1_171' title='bbox 1682 2138 1715 2195; x_wconf 93' lang='lat' dir='ltr'><strong>et</strong></span> <span class='ocrx_word' id='word_1_172' title='bbox 1742 2128 1897 2194; x_wconf 88' lang='lat' dir='ltr'><strong>absoluto</strong></span> <span class='ocrx_word' id='word_1_173' title='bbox 1926 2128 2070 2194; x_wconf 87' lang='lat' dir='ltr'><strong>dominio</strong></span> <span class='ocrx_word' id='word_1_174' title='bbox 2101 2129 2135 2193; x_wconf 89' lang='lat' dir='ltr'><strong>in</strong></span> 
     </span>
     <span class='ocr_line' id='line_1_15' title="bbox 481 2229 2135 2321; baseline 0.001 -25"><span class='ocrx_word' id='word_1_175' title='bbox 481 2229 700 2318; x_wconf 86' lang='lat' dir='ltr'><strong>perpetuum¹.</strong></span> <span class='ocrx_word' id='word_1_176' title='bbox 725 2232 808 2298; x_wconf 87' lang='lat' dir='ltr'><strong>Item</strong></span> <span class='ocrx_word' id='word_1_177' title='bbox 832 2255 890 2319; x_wconf 93' lang='lat' dir='ltr'><strong>per</strong></span> <span class='ocrx_word' id='word_1_178' title='bbox 913 2235 1108 2319; x_wconf 87' lang='lat' dir='ltr'><strong>peticionem</strong></span> <span class='ocrx_word' id='word_1_179' title='bbox 1133 2243 1223 2299; x_wconf 90' lang='lat' dir='ltr'><strong>tuam</strong></span> <span class='ocrx_word' id='word_1_180' title='bbox 1247 2233 1401 2299; x_wconf 88' lang='lat' dir='ltr'><strong>dominns</strong></span> <span class='ocrx_word' id='word_1_181' title='bbox 1417 2232 1578 2300; x_wconf 83' lang='lat' dir='ltr'><strong>Iustolfus</strong></span> <span class='ocrx_word' id='word_1_182' title='bbox 1602 2234 1779 2321; x_wconf 89' lang='lat' dir='ltr'><strong>episcopus</strong></span> <span class='ocrx_word' id='word_1_183' title='bbox 1803 2243 1836 2299; x_wconf 91' lang='lat' dir='ltr'><strong>et</strong></span> <span class='ocrx_word' id='word_1_184' title='bbox 1852 2232 2042 2299; x_wconf 90' lang='lat' dir='ltr'><strong>Vinchisius</strong></span> <span class='ocrx_word' id='word_1_185' title='bbox 2066 2232 2135 2298; x_wconf 86' lang='lat' dir='ltr'><strong>dux</strong></span> 
     </span>
     <span class='ocr_line' id='line_1_16' title="bbox 428 2334 2132 2423; baseline 0.001 -23"><span class='ocrx_word' id='word_1_186' title='bbox 428 2351 460 2400; x_wconf 76' lang='grc' dir='ltr'><strong>ιι</strong></span> <span class='ocrx_word' id='word_1_187' title='bbox 483 2334 673 2423; x_wconf 87' lang='lat' dir='ltr'><strong>Spoletinus</strong></span> <span class='ocrx_word' id='word_1_188' title='bbox 697 2336 808 2402; x_wconf 89' lang='lat' dir='ltr'><strong>dilecti</strong></span> <span class='ocrx_word' id='word_1_189' title='bbox 830 2337 935 2403; x_wconf 86' lang='lat' dir='ltr'><strong>nostri</strong></span> <span class='ocrx_word' id='word_1_190' title='bbox 958 2347 991 2403; x_wconf 91' lang='lat' dir='ltr'><strong>et</strong></span> <span class='ocrx_word' id='word_1_191' title='bbox 1012 2337 1201 2422; x_wconf 88' lang='lat' dir='ltr'><strong>Ludagaris</strong></span> <span class='ocrx_word' id='word_1_192' title='bbox 1225 2359 1336 2402; x_wconf 91' lang='lat' dir='ltr'><strong>comes</strong></span> <span class='ocrx_word' id='word_1_193' title='bbox 1360 2337 1473 2402; x_wconf 86' lang='lat' dir='ltr'><strong>dilecti</strong></span> <span class='ocrx_word' id='word_1_194' title='bbox 1497 2338 1599 2402; x_wconf 91' lang='lat' dir='ltr'><strong>nostri</strong></span> <span class='ocrx_word' id='word_1_195' title='bbox 1631 2359 1692 2422; x_wconf 88' lang='lat' dir='ltr'><strong>ego</strong></span> <span class='ocrx_word' id='word_1_196' title='bbox 1716 2336 1864 2402; x_wconf 88' lang='lat' dir='ltr'><strong>Karolus</strong></span> <span class='ocrx_word' id='word_1_197' title='bbox 1890 2346 2011 2418; x_wconf 90' lang='lat' dir='ltr'><strong>statuo,</strong></span> <span class='ocrx_word' id='word_1_198' title='bbox 2047 2336 2132 2401; x_wconf 93' lang='lat' dir='ltr'><strong>dono</strong></span> 
     </span>
     <span class='ocr_line' id='line_1_17' title="bbox 482 2439 2136 2528; baseline -0.001 -22"><span class='ocrx_word' id='word_1_199' title='bbox 482 2451 514 2506; x_wconf 88' lang='lat' dir='ltr'><strong>ct</strong></span> <span class='ocrx_word' id='word_1_200' title='bbox 537 2440 683 2506; x_wconf 91' lang='lat' dir='ltr'><strong>concedo</strong></span> <span class='ocrx_word' id='word_1_201' title='bbox 713 2441 787 2506; x_wconf 92' lang='lat' dir='ltr'><strong>huic</strong></span> <span class='ocrx_word' id='word_1_202' title='bbox 816 2442 941 2507; x_wconf 87' lang='lat' dir='ltr'><strong>civitati</strong></span> <span class='ocrx_word' id='word_1_203' title='bbox 966 2439 1154 2507; x_wconf 89' lang='lat' dir='ltr'><strong>Asculanae</strong></span> <span class='ocrx_word' id='word_1_204' title='bbox 1184 2443 1437 2528; x_wconf 86' lang='lat' dir='ltr'><strong>inperpetuum</strong></span> <span class='ocrx_word' id='word_1_205' title='bbox 1465 2450 1498 2507; x_wconf 89' lang='lat' dir='ltr'><strong>et</strong></span> <span class='ocrx_word' id='word_1_206' title='bbox 1520 2440 1685 2527; x_wconf 86' lang='lat' dir='ltr'><strong>capitibus</strong></span> <span class='ocrx_word' id='word_1_207' title='bbox 1714 2449 1747 2505; x_wconf 92' lang='lat' dir='ltr'><strong>et</strong></span> <span class='ocrx_word' id='word_1_208' title='bbox 1770 2440 1911 2506; x_wconf 91' lang='lat' dir='ltr'><strong>dominis</strong></span> <span class='ocrx_word' id='word_1_209' title='bbox 1934 2443 1968 2505; x_wconf 91' lang='lat' dir='ltr'><strong>in</strong></span> <span class='ocrx_word' id='word_1_210' title='bbox 1997 2461 2136 2526; x_wconf 89' lang='lat' dir='ltr'><strong>corpore</strong></span> 
     </span>
     <span class='ocr_line' id='line_1_18' title="bbox 482 2543 2135 2631; baseline -0.001 -21"><span class='ocrx_word' id='word_1_211' title='bbox 482 2553 627 2610; x_wconf 90' lang='lat' dir='ltr'><strong>castrum</strong></span> <span class='ocrx_word' id='word_1_212' title='bbox 650 2544 753 2610; x_wconf 88' lang='lat' dir='ltr'><strong>Nireti</strong></span> <span class='ocrx_word' id='word_1_213' title='bbox 777 2554 810 2610; x_wconf 88' lang='lat' dir='ltr'><strong>et</strong></span> <span class='ocrx_word' id='word_1_214' title='bbox 832 2556 977 2611; x_wconf 89' lang='lat' dir='ltr'><strong>castrum</strong></span> <span class='ocrx_word' id='word_1_215' title='bbox 1002 2543 1207 2611; x_wconf 80' lang='lat' dir='ltr'><strong>Columbelle</strong></span> <span class='ocrx_word' id='word_1_216' title='bbox 1229 2568 1305 2611; x_wconf 90' lang='lat' dir='ltr'><strong>oum</strong></span> <span class='ocrx_word' id='word_1_217' title='bbox 1329 2546 1482 2612; x_wconf 90' lang='lat' dir='ltr'><strong>omnibus</strong></span> <span class='ocrx_word' id='word_1_218' title='bbox 1506 2547 1573 2613; x_wconf 90' lang='lat' dir='ltr'><strong>suis</strong></span> <span class='ocrx_word' id='word_1_219' title='bbox 1597 2546 1802 2631; x_wconf 89' lang='lat' dir='ltr'><strong>pertinentiis</strong></span> <span class='ocrx_word' id='word_1_220' title='bbox 1825 2567 1846 2610; x_wconf 92' lang='lat' dir='ltr'><strong>a</strong></span> <span class='ocrx_word' id='word_1_221' title='bbox 1869 2544 2008 2611; x_wconf 84' lang='lat' dir='ltr'><strong>Triunto</strong></span> <span class='ocrx_word' id='word_1_222' title='bbox 2031 2566 2135 2631; x_wconf 90' lang='lat' dir='ltr'><strong>usque</strong></span> 
     </span>
     <span class='ocr_line' id='line_1_19' title="bbox 481 2646 2134 2735; baseline -0.001 -20"><span class='ocrx_word' id='word_1_223' title='bbox 481 2647 609 2715; x_wconf 89' lang='lat' dir='ltr'><strong>Ubrate</strong></span> <span class='ocrx_word' id='word_1_224' title='bbox 631 2656 665 2713; x_wconf 95' lang='lat' dir='ltr'><strong>et</strong></span> <span class='ocrx_word' id='word_1_225' title='bbox 687 2670 778 2714; x_wconf 91' lang='lat' dir='ltr'><strong>mare</strong></span> <span class='ocrx_word' id='word_1_226' title='bbox 801 2671 876 2714; x_wconf 91' lang='lat' dir='ltr'><strong>cum</strong></span> <span class='ocrx_word' id='word_1_227' title='bbox 899 2649 997 2734; x_wconf 89' lang='lat' dir='ltr'><strong>pleno</strong></span> <span class='ocrx_word' id='word_1_228' title='bbox 1021 2658 1055 2715; x_wconf 88' lang='lat' dir='ltr'><strong>et</strong></span> <span class='ocrx_word' id='word_1_229' title='bbox 1076 2649 1231 2716; x_wconf 89' lang='lat' dir='ltr'><strong>absoluto</strong></span> <span class='ocrx_word' id='word_1_230' title='bbox 1256 2650 1411 2716; x_wconf 89' lang='lat' dir='ltr'><strong>dominio.</strong></span> <span class='ocrx_word' id='word_1_231' title='bbox 1436 2650 1481 2715; x_wconf 85' lang='lat' dir='ltr'><strong>Et</strong></span> <span class='ocrx_word' id='word_1_232' title='bbox 1497 2651 1583 2715; x_wconf 90' lang='lat' dir='ltr'><strong>sicut</strong></span> <span class='ocrx_word' id='word_1_233' title='bbox 1605 2650 1639 2715; x_wconf 93' lang='lat' dir='ltr'><strong>in</strong></span> <span class='ocrx_word' id='word_1_234' title='bbox 1662 2646 1725 2715; x_wconf 92' lang='lat' dir='ltr'><strong>hac</strong></span> <span class='ocrx_word' id='word_1_235' title='bbox 1748 2648 1900 2735; x_wconf 87' lang='lat' dir='ltr'><strong>predicta</strong></span> <span class='ocrx_word' id='word_1_236' title='bbox 1923 2650 2057 2714; x_wconf 89' lang='lat' dir='ltr'><strong>civitate</strong></span> <span class='ocrx_word' id='word_1_237' title='bbox 2073 2649 2134 2714; x_wconf 93' lang='lat' dir='ltr'><strong>As-</strong></span> 
     </span>
     <span class='ocr_line' id='line_1_20' title="bbox 481 2751 2134 2848; baseline -0.001 -29"><span class='ocrx_word' id='word_1_238' title='bbox 481 2751 602 2848; x_wconf 79' lang='lat' dir='ltr'><strong>culana</strong></span> <span class='ocrx_word' id='word_1_239' title='bbox 635 2752 710 2819; x_wconf 91' lang='lat' dir='ltr'><strong>volo</strong></span> <span class='ocrx_word' id='word_1_240' title='bbox 739 2754 903 2818; x_wconf 91' lang='lat' dir='ltr'><strong>istitutam</strong></span> <span class='ocrx_word' id='word_1_241' title='bbox 931 2762 964 2818; x_wconf 90' lang='lat' dir='ltr'><strong>et</strong></span> <span class='ocrx_word' id='word_1_242' title='bbox 995 2753 1121 2820; x_wconf 85' lang='lat' dir='ltr'><strong>ubitam</strong></span> <span class='ocrx_word' id='word_1_243' title='bbox 1155 2755 1326 2821; x_wconf 82' lang='lat' dir='ltr'><strong>kamaram</strong></span> <span class='ocrx_word' id='word_1_244' title='bbox 1355 2762 1503 2820; x_wconf 90' lang='lat' dir='ltr'><strong>nostram</strong></span> <span class='ocrx_word' id='word_1_245' title='bbox 1533 2761 1710 2839; x_wconf 86' lang='lat' dir='ltr'><strong>augustam</strong></span> <span class='ocrx_word' id='word_1_246' title='bbox 1738 2774 1799 2839; x_wconf 90' lang='lat' dir='ltr'><strong>pro</strong></span> <span class='ocrx_word' id='word_1_247' title='bbox 1829 2753 1963 2818; x_wconf 91' lang='lat' dir='ltr'><strong>iustitiis</strong></span> <span class='ocrx_word' id='word_1_248' title='bbox 1992 2762 2025 2819; x_wconf 92' lang='lat' dir='ltr'><strong>et</strong></span> <span class='ocrx_word' id='word_1_249' title='bbox 2052 2774 2134 2839; x_wconf 88' lang='lat' dir='ltr'><strong>pace</strong></span> 
     </span>
     <span class='ocr_line' id='line_1_21' title="bbox 425 2856 2133 2944; baseline -0.001 -23"><span class='ocrx_word' id='word_1_250' title='bbox 425 2874 460 2924; x_wconf 84' lang='lat' dir='ltr'><strong>so</strong></span> <span class='ocrx_word' id='word_1_251' title='bbox 482 2867 672 2924; x_wconf 91' lang='lat' dir='ltr'><strong>nostrorum</strong></span> <span class='ocrx_word' id='word_1_252' title='bbox 699 2857 845 2923; x_wconf 86' lang='lat' dir='ltr'><strong>fidelium</strong></span> <span class='ocrx_word' id='word_1_253' title='bbox 879 2859 1056 2924; x_wconf 87' lang='lat' dir='ltr'><strong>comitatus</strong></span> <span class='ocrx_word' id='word_1_254' title='bbox 1088 2859 1259 2944; x_wconf 86' lang='lat' dir='ltr'><strong>Asculani,</strong></span> <span class='ocrx_word' id='word_1_255' title='bbox 1293 2859 1368 2925; x_wconf 89' lang='lat' dir='ltr'><strong>ideo</strong></span> <span class='ocrx_word' id='word_1_256' title='bbox 1398 2879 1460 2943; x_wconf 88' lang='lat' dir='ltr'><strong>ego</strong></span> <span class='ocrx_word' id='word_1_257' title='bbox 1483 2856 1629 2922; x_wconf 87' lang='lat' dir='ltr'><strong>Karolus</strong></span> <span class='ocrx_word' id='word_1_258' title='bbox 1658 2856 1733 2923; x_wconf 88' lang='lat' dir='ltr'><strong>volo</strong></span> <span class='ocrx_word' id='word_1_259' title='bbox 1764 2866 1802 2939; x_wconf 84' lang='lat' dir='ltr'><strong>et</strong></span> <span class='ocrx_word' id='word_1_260' title='bbox 1823 2857 1920 2940; x_wconf 86' lang='lat' dir='ltr'><strong>facio,</strong></span> <span class='ocrx_word' id='word_1_261' title='bbox 1956 2865 1993 2922; x_wconf 91' lang='lat' dir='ltr'><strong>ut</strong></span> <span class='ocrx_word' id='word_1_262' title='bbox 2022 2856 2133 2922; x_wconf 90' lang='lat' dir='ltr'><strong>dilecti</strong></span> 
     </span>
     <span class='ocr_line' id='line_1_22' title="bbox 480 2961 2134 3049; baseline -0.001 -22"><span class='ocrx_word' id='word_1_263' title='bbox 480 2963 583 3028; x_wconf 89' lang='lat' dir='ltr'><strong>nostri</strong></span> <span class='ocrx_word' id='word_1_264' title='bbox 607 2962 773 3028; x_wconf 90' lang='lat' dir='ltr'><strong>marchius</strong></span> <span class='ocrx_word' id='word_1_265' title='bbox 798 2961 897 3029; x_wconf 86' lang='lat' dir='ltr'><strong>Gallo</strong></span> <span class='ocrx_word' id='word_1_266' title='bbox 920 2971 953 3028; x_wconf 90' lang='lat' dir='ltr'><strong>et</strong></span> <span class='ocrx_word' id='word_1_267' title='bbox 974 2962 1128 3031; x_wconf 72' lang='lat' dir='ltr'><strong>massusl</strong></span> <span class='ocrx_word' id='word_1_268' title='bbox 1156 2965 1245 3029; x_wconf 90' lang='lat' dir='ltr'><strong>Lisis</strong></span> <span class='ocrx_word' id='word_1_269' title='bbox 1269 2966 1335 3029; x_wconf 89' lang='lat' dir='ltr'><strong>sint</strong></span> <span class='ocrx_word' id='word_1_270' title='bbox 1357 2963 1509 3028; x_wconf 90' lang='lat' dir='ltr'><strong>consules</strong></span> <span class='ocrx_word' id='word_1_271' title='bbox 1534 2985 1592 3049; x_wconf 92' lang='lat' dir='ltr'><strong>pro</strong></span> <span class='ocrx_word' id='word_1_272' title='bbox 1615 2962 1750 3027; x_wconf 86' lang='lat' dir='ltr'><strong>iustitiis</strong></span> <span class='ocrx_word' id='word_1_273' title='bbox 1777 2970 1811 3026; x_wconf 91' lang='lat' dir='ltr'><strong>et</strong></span> <span class='ocrx_word' id='word_1_274' title='bbox 1842 2983 1925 3048; x_wconf 90' lang='lat' dir='ltr'><strong>pace</strong></span> <span class='ocrx_word' id='word_1_275' title='bbox 1955 2971 1987 3026; x_wconf 91' lang='lat' dir='ltr'><strong>et</strong></span> <span class='ocrx_word' id='word_1_276' title='bbox 2010 2963 2134 3047; x_wconf 91' lang='lat' dir='ltr'><strong>prosint</strong></span> 
     </span>
     <span class='ocr_line' id='line_1_23' title="bbox 481 3064 2134 3154; baseline -0.002 -22"><span class='ocrx_word' id='word_1_277' title='bbox 481 3088 540 3152; x_wconf 90' lang='lat' dir='ltr'><strong>pro</strong></span> <span class='ocrx_word' id='word_1_278' title='bbox 564 3067 688 3132; x_wconf 89' lang='lat' dir='ltr'><strong>nostris</strong></span> <span class='ocrx_word' id='word_1_279' title='bbox 711 3066 841 3151; x_wconf 84' lang='lat' dir='ltr'><strong>legibus</strong></span> <span class='ocrx_word' id='word_1_280' title='bbox 865 3075 898 3131; x_wconf 90' lang='lat' dir='ltr'><strong>et</strong></span> <span class='ocrx_word' id='word_1_281' title='bbox 921 3068 1055 3132; x_wconf 89' lang='lat' dir='ltr'><strong>iustitiis</strong></span> <span class='ocrx_word' id='word_1_282' title='bbox 1078 3078 1111 3134; x_wconf 91' lang='lat' dir='ltr'><strong>ot</strong></span> <span class='ocrx_word' id='word_1_283' title='bbox 1134 3089 1216 3154; x_wconf 87' lang='lat' dir='ltr'><strong>pace</strong></span> <span class='ocrx_word' id='word_1_284' title='bbox 1240 3069 1387 3133; x_wconf 89' lang='lat' dir='ltr'><strong>omnium</strong></span> <span class='ocrx_word' id='word_1_285' title='bbox 1409 3076 1596 3133; x_wconf 88' lang='lat' dir='ltr'><strong>nostrorum</strong></span> <span class='ocrx_word' id='word_1_286' title='bbox 1620 3066 1768 3133; x_wconf 88' lang='lat' dir='ltr'><strong>fidelium</strong></span> <span class='ocrx_word' id='word_1_287' title='bbox 1790 3068 1986 3148; x_wconf 71' lang='lat' dir='ltr'><strong>comitatus,</strong></span> <span class='ocrx_word' id='word_1_288' title='bbox 2016 3064 2134 3152; x_wconf 90' lang='lat' dir='ltr'><strong>quibus</strong></span> 
     </span>
     <span class='ocr_line' id='line_1_24' title="bbox 481 3167 2133 3259; baseline -0.002 -22"><span class='ocrx_word' id='word_1_289' title='bbox 481 3180 514 3237; x_wconf 92' lang='lat' dir='ltr'><strong>et</strong></span> <span class='ocrx_word' id='word_1_290' title='bbox 536 3171 730 3238; x_wconf 89' lang='lat' dir='ltr'><strong>consulibus</strong></span> <span class='ocrx_word' id='word_1_291' title='bbox 754 3172 1003 3238; x_wconf 87' lang='lat' dir='ltr'><strong>successoribus</strong></span> <span class='ocrx_word' id='word_1_292' title='bbox 1034 3174 1102 3237; x_wconf 92' lang='lat' dir='ltr'><strong>suis</strong></span> <span class='ocrx_word' id='word_1_293' title='bbox 1125 3174 1159 3237; x_wconf 91' lang='lat' dir='ltr'><strong>iu</strong></span> <span class='ocrx_word' id='word_1_294' title='bbox 1188 3182 1383 3259; x_wconf 90' lang='lat' dir='ltr'><strong>perpetuum</strong></span> <span class='ocrx_word' id='word_1_295' title='bbox 1407 3193 1468 3258; x_wconf 87' lang='lat' dir='ltr'><strong>ego</strong></span> <span class='ocrx_word' id='word_1_296' title='bbox 1491 3170 1638 3237; x_wconf 89' lang='lat' dir='ltr'><strong>Karolus</strong></span> <span class='ocrx_word' id='word_1_297' title='bbox 1668 3179 1789 3245; x_wconf 91' lang='lat' dir='ltr'><strong>statuo,</strong></span> <span class='ocrx_word' id='word_1_298' title='bbox 1820 3169 1906 3235; x_wconf 93' lang='lat' dir='ltr'><strong>dono</strong></span> <span class='ocrx_word' id='word_1_299' title='bbox 1931 3178 1964 3234; x_wconf 93' lang='lat' dir='ltr'><strong>et</strong></span> <span class='ocrx_word' id='word_1_300' title='bbox 1987 3167 2133 3234; x_wconf 90' lang='lat' dir='ltr'><strong>concedo</strong></span> 
     </span>
     <span class='ocr_line' id='line_1_25' title="bbox 479 3271 2133 3363; baseline -0.002 -23"><span class='ocrx_word' id='word_1_301' title='bbox 479 3296 538 3361; x_wconf 93' lang='lat' dir='ltr'><strong>per</strong></span> <span class='ocrx_word' id='word_1_302' title='bbox 553 3284 744 3363; x_wconf 91' lang='lat' dir='ltr'><strong>preceptum</strong></span> <span class='ocrx_word' id='word_1_303' title='bbox 760 3274 857 3340; x_wconf 90' lang='lat' dir='ltr'><strong>huius</strong></span> <span class='ocrx_word' id='word_1_304' title='bbox 874 3285 985 3342; x_wconf 91' lang='lat' dir='ltr'><strong>nostre</strong></span> <span class='ocrx_word' id='word_1_305' title='bbox 1002 3276 1191 3342; x_wconf 90' lang='lat' dir='ltr'><strong>donationis</strong></span> <span class='ocrx_word' id='word_1_306' title='bbox 1207 3286 1328 3343; x_wconf 86' lang='lat' dir='ltr'><strong>terram</strong></span> <span class='ocrx_word' id='word_1_307' title='bbox 1341 3276 1503 3342; x_wconf 89' lang='lat' dir='ltr'><strong>Aeumule</strong></span> <span class='ocrx_word' id='word_1_308' title='bbox 1519 3300 1540 3341; x_wconf 91' lang='lat' dir='ltr'><strong>a</strong></span> <span class='ocrx_word' id='word_1_309' title='bbox 1553 3271 1705 3340; x_wconf 90' lang='lat' dir='ltr'><strong>Matrioe¹</strong></span> <span class='ocrx_word' id='word_1_310' title='bbox 1721 3283 1754 3339; x_wconf 91' lang='lat' dir='ltr'><strong>et</strong></span> <span class='ocrx_word' id='word_1_311' title='bbox 1770 3272 1943 3339; x_wconf 88' lang='lat' dir='ltr'><strong>castellum</strong></span> <span class='ocrx_word' id='word_1_312' title='bbox 1960 3272 2000 3337; x_wconf 91' lang='lat' dir='ltr'><strong>de</strong></span> <span class='ocrx_word' id='word_1_313' title='bbox 2012 3272 2133 3338; x_wconf 84' lang='lat' dir='ltr'><strong>Trione</strong></span> 
     </span>
     <span class='ocr_line' id='line_1_26' title="bbox 425 3376 2132 3466; baseline -0.001 -25"><span class='ocrx_word' id='word_1_314' title='bbox 425 3392 458 3441; x_wconf 82' lang='lat' dir='ltr'><strong>so</strong></span> <span class='ocrx_word' id='word_1_315' title='bbox 480 3399 554 3443; x_wconf 92' lang='lat' dir='ltr'><strong>oum</strong></span> <span class='ocrx_word' id='word_1_316' title='bbox 579 3379 667 3444; x_wconf 94' lang='lat' dir='ltr'><strong>omui</strong></span> <span class='ocrx_word' id='word_1_317' title='bbox 683 3378 845 3445; x_wconf 88' lang='lat' dir='ltr'><strong>Summati</strong></span> <span class='ocrx_word' id='word_1_318' title='bbox 867 3381 900 3444; x_wconf 91' lang='lat' dir='ltr'><strong>in</strong></span> <span class='ocrx_word' id='word_1_319' title='bbox 917 3390 950 3445; x_wconf 87' lang='lat' dir='ltr'><strong>et</strong></span> <span class='ocrx_word' id='word_1_320' title='bbox 971 3379 1058 3445; x_wconf 86' lang='lat' dir='ltr'><strong>ultra</strong></span> <span class='ocrx_word' id='word_1_321' title='bbox 1073 3378 1307 3466; x_wconf 89' lang='lat' dir='ltr'><strong>Appenninum</strong></span> <span class='ocrx_word' id='word_1_322' title='bbox 1324 3401 1398 3446; x_wconf 90' lang='lat' dir='ltr'><strong>oum</strong></span> <span class='ocrx_word' id='word_1_323' title='bbox 1416 3379 1569 3444; x_wconf 92' lang='lat' dir='ltr'><strong>omnibus</strong></span> <span class='ocrx_word' id='word_1_324' title='bbox 1588 3378 1654 3445; x_wconf 90' lang='lat' dir='ltr'><strong>suis</strong></span> <span class='ocrx_word' id='word_1_325' title='bbox 1671 3377 1877 3465; x_wconf 88' lang='lat' dir='ltr'><strong>pertinentiis</strong></span> <span class='ocrx_word' id='word_1_326' title='bbox 1894 3388 2018 3443; x_wconf 91' lang='lat' dir='ltr'><strong>etcum</strong></span> <span class='ocrx_word' id='word_1_327' title='bbox 2036 3376 2132 3460; x_wconf 91' lang='lat' dir='ltr'><strong>pleno</strong></span> 
     </span>
     <span class='ocr_line' id='line_1_27' title="bbox 480 3481 2133 3571; baseline -0.002 -24"><span class='ocrx_word' id='word_1_328' title='bbox 480 3492 513 3547; x_wconf 93' lang='lat' dir='ltr'><strong>et</strong></span> <span class='ocrx_word' id='word_1_329' title='bbox 535 3482 689 3549; x_wconf 91' lang='lat' dir='ltr'><strong>absoluto</strong></span> <span class='ocrx_word' id='word_1_330' title='bbox 706 3483 860 3549; x_wconf 90' lang='lat' dir='ltr'><strong>dominio.</strong></span> <span class='ocrx_word' id='word_1_331' title='bbox 892 3484 1000 3571; x_wconf 85' lang='lat' dir='ltr'><strong>Atque</strong></span> <span class='ocrx_word' id='word_1_332' title='bbox 1016 3486 1064 3550; x_wconf 86' lang='lat' dir='ltr'><strong>ita</strong></span> <span class='ocrx_word' id='word_1_333' title='bbox 1088 3506 1199 3549; x_wconf 92' lang='lat' dir='ltr'><strong>comes</strong></span> <span class='ocrx_word' id='word_1_334' title='bbox 1223 3485 1400 3550; x_wconf 88' lang='lat' dir='ltr'><strong>comitatus</strong></span> <span class='ocrx_word' id='word_1_335' title='bbox 1419 3483 1588 3566; x_wconf 86' lang='lat' dir='ltr'><strong>Asculani,</strong></span> <span class='ocrx_word' id='word_1_336' title='bbox 1613 3484 1667 3569; x_wconf 94' lang='lat' dir='ltr'><strong>qui</strong></span> <span class='ocrx_word' id='word_1_337' title='bbox 1691 3490 1780 3547; x_wconf 90' lang='lat' dir='ltr'><strong>tenet</strong></span> <span class='ocrx_word' id='word_1_338' title='bbox 1803 3492 1835 3547; x_wconf 89' lang='lat' dir='ltr'><strong>et</strong></span> <span class='ocrx_word' id='word_1_339' title='bbox 1859 3489 1992 3547; x_wconf 87' lang='lat' dir='ltr'><strong>exercet</strong></span> <span class='ocrx_word' id='word_1_340' title='bbox 2013 3481 2085 3545; x_wconf 86' lang='lat' dir='ltr'><strong>iura</strong></span> <span class='ocrx_word' id='word_1_341' title='bbox 2101 3481 2133 3543; x_wconf 90' lang='lat' dir='ltr'><strong>in</strong></span> 
     </span>
     <span class='ocr_line' id='line_1_28' title="bbox 480 3585 2133 3674; baseline -0.002 -22"><span class='ocrx_word' id='word_1_342' title='bbox 480 3595 549 3653; x_wconf 90' lang='lat' dir='ltr'><strong>toto</strong></span> <span class='ocrx_word' id='word_1_343' title='bbox 574 3588 738 3654; x_wconf 89' lang='lat' dir='ltr'><strong>territorio</strong></span> <span class='ocrx_word' id='word_1_344' title='bbox 764 3588 931 3653; x_wconf 89' lang='lat' dir='ltr'><strong>Asculano</strong></span> <span class='ocrx_word' id='word_1_345' title='bbox 955 3610 975 3653; x_wconf 91' lang='lat' dir='ltr'><strong>a</strong></span> <span class='ocrx_word' id='word_1_346' title='bbox 998 3588 1112 3653; x_wconf 86' lang='lat' dir='ltr'><strong>Tisino</strong></span> <span class='ocrx_word' id='word_1_347' title='bbox 1136 3611 1241 3674; x_wconf 90' lang='lat' dir='ltr'><strong>usque</strong></span> <span class='ocrx_word' id='word_1_348' title='bbox 1264 3588 1414 3654; x_wconf 87' lang='lat' dir='ltr'><strong>Salinelli</strong></span> <span class='ocrx_word' id='word_1_349' title='bbox 1437 3589 1470 3652; x_wconf 94' lang='lat' dir='ltr'><strong>in</strong></span> <span class='ocrx_word' id='word_1_350' title='bbox 1493 3586 1622 3652; x_wconf 87' lang='lat' dir='ltr'><strong>confine</strong></span> <span class='ocrx_word' id='word_1_351' title='bbox 1645 3585 1788 3651; x_wconf 92' lang='lat' dir='ltr'><strong>Brututii</strong></span> <span class='ocrx_word' id='word_1_352' title='bbox 1812 3595 1845 3650; x_wconf 93' lang='lat' dir='ltr'><strong>et</strong></span> <span class='ocrx_word' id='word_1_353' title='bbox 1867 3607 1887 3649; x_wconf 99' lang='lat' dir='ltr'><strong>a</strong></span> <span class='ocrx_word' id='word_1_354' title='bbox 1911 3606 2000 3649; x_wconf 91' lang='lat' dir='ltr'><strong>mare</strong></span> <span class='ocrx_word' id='word_1_355' title='bbox 2028 3606 2133 3671; x_wconf 90' lang='lat' dir='ltr'><strong>usque</strong></span> 
     </span>
     <span class='ocr_line' id='line_1_29' title="bbox 480 3688 2132 3778; baseline -0.002 -20"><span class='ocrx_word' id='word_1_356' title='bbox 480 3689 640 3758; x_wconf 85' lang='lat' dir='ltr'><strong>Summati</strong></span> <span class='ocrx_word' id='word_1_357' title='bbox 664 3691 708 3757; x_wconf 97' lang='lat' dir='ltr'><strong>ad</strong></span> <span class='ocrx_word' id='word_1_358' title='bbox 731 3691 904 3757; x_wconf 89' lang='lat' dir='ltr'><strong>castellum</strong></span> <span class='ocrx_word' id='word_1_359' title='bbox 928 3692 968 3757; x_wconf 88' lang='lat' dir='ltr'><strong>de</strong></span> <span class='ocrx_word' id='word_1_360' title='bbox 991 3691 1112 3756; x_wconf 85' lang='lat' dir='ltr'><strong>Trione</strong></span> <span class='ocrx_word' id='word_1_361' title='bbox 1134 3693 1168 3757; x_wconf 94' lang='lat' dir='ltr'><strong>in</strong></span> <span class='ocrx_word' id='word_1_362' title='bbox 1191 3694 1320 3758; x_wconf 85' lang='lat' dir='ltr'><strong>confine</strong></span> <span class='ocrx_word' id='word_1_363' title='bbox 1343 3692 1470 3778; x_wconf 90' lang='lat' dir='ltr'><strong>pariter</strong></span> <span class='ocrx_word' id='word_1_364' title='bbox 1492 3691 1646 3773; x_wconf 91' lang='lat' dir='ltr'><strong>Brututii,</strong></span> <span class='ocrx_word' id='word_1_365' title='bbox 1675 3710 1741 3753; x_wconf 93' lang='lat' dir='ltr'><strong>non</strong></span> <span class='ocrx_word' id='word_1_366' title='bbox 1764 3688 1887 3753; x_wconf 86' lang='lat' dir='ltr'><strong>babeat</strong></span> <span class='ocrx_word' id='word_1_367' title='bbox 1909 3690 1941 3753; x_wconf 95' lang='lat' dir='ltr'><strong>in</strong></span> <span class='ocrx_word' id='word_1_368' title='bbox 1965 3697 2132 3773; x_wconf 89' lang='lat' dir='ltr'><strong>posterum</strong></span> 
     </span>
     <span class='ocr_line' id='line_1_30' title="bbox 479 3794 2133 3882; baseline -0.001 -22"><span class='ocrx_word' id='word_1_369' title='bbox 479 3816 578 3882; x_wconf 90' lang='lat' dir='ltr'><strong>posse</strong></span> <span class='ocrx_word' id='word_1_370' title='bbox 600 3796 720 3861; x_wconf 86' lang='lat' dir='ltr'><strong>inferre</strong></span> <span class='ocrx_word' id='word_1_371' title='bbox 742 3795 971 3881; x_wconf 89' lang='lat' dir='ltr'><strong>preiudicium,</strong></span> <span class='ocrx_word' id='word_1_372' title='bbox 1007 3795 1129 3862; x_wconf 86' lang='lat' dir='ltr'><strong>damna</strong></span> <span class='ocrx_word' id='word_1_373' title='bbox 1153 3806 1185 3862; x_wconf 92' lang='lat' dir='ltr'><strong>et</strong></span> <span class='ocrx_word' id='word_1_374' title='bbox 1207 3799 1280 3863; x_wconf 90' lang='lat' dir='ltr'><strong>iura</strong></span> <span class='ocrx_word' id='word_1_375' title='bbox 1303 3796 1363 3862; x_wconf 91' lang='lat' dir='ltr'><strong>tibi</strong></span> <span class='ocrx_word' id='word_1_376' title='bbox 1388 3797 1508 3861; x_wconf 92' lang='lat' dir='ltr'><strong>domno</strong></span> <span class='ocrx_word' id='word_1_377' title='bbox 1533 3794 1672 3860; x_wconf 83' lang='lat' dir='ltr'><strong>Instollo</strong></span> <span class='ocrx_word' id='word_1_378' title='bbox 1697 3795 1854 3880; x_wconf 87' lang='lat' dir='ltr'><strong>episcopo</strong></span> <span class='ocrx_word' id='word_1_379' title='bbox 1879 3816 1938 3859; x_wconf 91' lang='lat' dir='ltr'><strong>nec</strong></span> <span class='ocrx_word' id='word_1_380' title='bbox 1966 3795 2133 3860; x_wconf 89' lang='lat' dir='ltr'><strong>canonicis</strong></span> 
     </span>
     <span class='ocr_line' id='line_1_31' title="bbox 423 3896 2132 3986; baseline 0.001 -25"><span class='ocrx_word' id='word_1_381' title='bbox 423 3913 458 3962; x_wconf 86' lang='lat' dir='ltr'><strong>so</strong></span> <span class='ocrx_word' id='word_1_382' title='bbox 480 3908 617 3963; x_wconf 90' lang='lat' dir='ltr'><strong>sanotae</strong></span> <span class='ocrx_word' id='word_1_383' title='bbox 640 3897 804 3964; x_wconf 87' lang='lat' dir='ltr'><strong>ecclesiae</strong></span> <span class='ocrx_word' id='word_1_384' title='bbox 828 3909 904 3964; x_wconf 88' lang='lat' dir='ltr'><strong>tuae</strong></span> <span class='ocrx_word' id='word_1_385' title='bbox 927 3922 1035 3986; x_wconf 89' lang='lat' dir='ltr'><strong>neque</strong></span> <span class='ocrx_word' id='word_1_386' title='bbox 1058 3901 1186 3966; x_wconf 85' lang='lat' dir='ltr'><strong>civitati</strong></span> <span class='ocrx_word' id='word_1_387' title='bbox 1209 3900 1378 3967; x_wconf 83' lang='lat' dir='ltr'><strong>Asculano</strong></span> <span class='ocrx_word' id='word_1_388' title='bbox 1406 3923 1468 3966; x_wconf 90' lang='lat' dir='ltr'><strong>nec</strong></span> <span class='ocrx_word' id='word_1_389' title='bbox 1492 3899 1637 3965; x_wconf 90' lang='lat' dir='ltr'><strong>consulis</strong></span> <span class='ocrx_word' id='word_1_390' title='bbox 1665 3908 1777 3965; x_wconf 91' lang='lat' dir='ltr'><strong>nostre</strong></span> <span class='ocrx_word' id='word_1_391' title='bbox 1800 3921 1930 3965; x_wconf 88' lang='lat' dir='ltr'><strong>camere</strong></span> <span class='ocrx_word' id='word_1_392' title='bbox 1959 3896 2050 3984; x_wconf 88' lang='lat' dir='ltr'><strong>regie</strong></span> <span class='ocrx_word' id='word_1_393' title='bbox 2073 3919 2132 3983; x_wconf 94' lang='lat' dir='ltr'><strong>pro</strong></span> 
     </span>
     <span class='ocr_line' id='line_1_32' title="bbox 478 4002 2132 4090; baseline 0.001 -24"><span class='ocrx_word' id='word_1_394' title='bbox 478 4002 615 4067; x_wconf 91' lang='lat' dir='ltr'><strong>iustitiis</strong></span> <span class='ocrx_word' id='word_1_395' title='bbox 632 4012 665 4068; x_wconf 91' lang='lat' dir='ltr'><strong>et</strong></span> <span class='ocrx_word' id='word_1_396' title='bbox 689 4024 770 4089; x_wconf 90' lang='lat' dir='ltr'><strong>paco</strong></span> <span class='ocrx_word' id='word_1_397' title='bbox 785 4004 818 4068; x_wconf 90' lang='lat' dir='ltr'><strong>in</strong></span> <span class='ocrx_word' id='word_1_398' title='bbox 836 4005 988 4070; x_wconf 93' lang='lat' dir='ltr'><strong>omnibus</strong></span> <span class='ocrx_word' id='word_1_399' title='bbox 1004 4006 1125 4071; x_wconf 88' lang='lat' dir='ltr'><strong>castris</strong></span> <span class='ocrx_word' id='word_1_400' title='bbox 1148 4005 1296 4072; x_wconf 87' lang='lat' dir='ltr'><strong>castellis</strong></span> <span class='ocrx_word' id='word_1_401' title='bbox 1313 4007 1408 4071; x_wconf 89' lang='lat' dir='ltr'><strong>terris</strong></span> <span class='ocrx_word' id='word_1_402' title='bbox 1424 4006 1526 4071; x_wconf 87' lang='lat' dir='ltr'><strong>curtis</strong></span> <span class='ocrx_word' id='word_1_403' title='bbox 1543 4014 1575 4070; x_wconf 90' lang='lat' dir='ltr'><strong>et</strong></span> <span class='ocrx_word' id='word_1_404' title='bbox 1597 4004 1694 4070; x_wconf 93' lang='lat' dir='ltr'><strong>bonis</strong></span> <span class='ocrx_word' id='word_1_405' title='bbox 1711 4014 1747 4069; x_wconf 93' lang='grc' dir='ltr'><strong>ιιι</strong></span> <span class='ocrx_word' id='word_1_406' title='bbox 1766 4026 1867 4090; x_wconf 89' lang='lat' dir='ltr'><strong>supra</strong></span> <span class='ocrx_word' id='word_1_407' title='bbox 1882 4005 1916 4068; x_wconf 92' lang='lat' dir='ltr'><strong>in</strong></span> <span class='ocrx_word' id='word_1_408' title='bbox 1939 4012 2132 4088; x_wconf 87' lang='lat' dir='ltr'><strong>perpetuum</strong></span> 
     </span>
     <span class='ocr_line' id='line_1_33' title="bbox 478 4100 2133 4194; baseline 0.001 -25"><span class='ocrx_word' id='word_1_409' title='bbox 478 4102 580 4171; x_wconf 88' lang='lat' dir='ltr'><strong>libere</strong></span> <span class='ocrx_word' id='word_1_410' title='bbox 597 4105 727 4171; x_wconf 89' lang='lat' dir='ltr'><strong>donatis</strong></span> <span class='ocrx_word' id='word_1_411' title='bbox 750 4128 809 4192; x_wconf 90' lang='lat' dir='ltr'><strong>per</strong></span> <span class='ocrx_word' id='word_1_412' title='bbox 824 4106 888 4172; x_wconf 93' lang='lat' dir='ltr'><strong>hoo</strong></span> <span class='ocrx_word' id='word_1_413' title='bbox 910 4117 1103 4194; x_wconf 89' lang='lat' dir='ltr'><strong>preceptum</strong></span> <span class='ocrx_word' id='word_1_414' title='bbox 1120 4100 1280 4193; x_wconf 80' lang='lat' dir='ltr'><strong>nostrum,</strong></span> <span class='ocrx_word' id='word_1_415' title='bbox 1301 4112 1349 4176; x_wconf 91' lang='lat' dir='ltr'><strong>ita</strong></span> <span class='ocrx_word' id='word_1_416' title='bbox 1371 4119 1407 4175; x_wconf 90' lang='grc' dir='ltr'><strong>ιιι</strong></span> <span class='ocrx_word' id='word_1_417' title='bbox 1431 4109 1540 4174; x_wconf 91' lang='lat' dir='ltr'><strong>nullus</strong></span> <span class='ocrx_word' id='word_1_418' title='bbox 1564 4108 1650 4175; x_wconf 89' lang='lat' dir='ltr'><strong>alius</strong></span> <span class='ocrx_word' id='word_1_419' title='bbox 1674 4131 1784 4174; x_wconf 88' lang='lat' dir='ltr'><strong>comes</strong></span> <span class='ocrx_word' id='word_1_420' title='bbox 1806 4109 1875 4176; x_wconf 89' lang='lat' dir='ltr'><strong>dux</strong></span> <span class='ocrx_word' id='word_1_421' title='bbox 1897 4107 2043 4173; x_wconf 92' lang='lat' dir='ltr'><strong>marchio</strong></span> <span class='ocrx_word' id='word_1_422' title='bbox 2067 4108 2133 4193; x_wconf 90' lang='lat' dir='ltr'><strong>epi·</strong></span> 
     </span>
     <span class='ocr_line' id='line_1_34' title="bbox 480 4209 2132 4301; baseline 0.002 -28"><span class='ocrx_word' id='word_1_423' title='bbox 480 4229 600 4295; x_wconf 89' lang='lat' dir='ltr'><strong>scopus</strong></span> <span class='ocrx_word' id='word_1_424' title='bbox 629 4209 804 4295; x_wconf 85' lang='lat' dir='ltr'><strong>gastaldus</strong></span> <span class='ocrx_word' id='word_1_425' title='bbox 827 4220 1015 4277; x_wconf 79' lang='lat' dir='ltr'><strong>cataneusm</strong></span> <span class='ocrx_word' id='word_1_426' title='bbox 1038 4223 1097 4278; x_wconf 92' lang='lat' dir='ltr'><strong>aut</strong></span> <span class='ocrx_word' id='word_1_427' title='bbox 1120 4213 1187 4278; x_wconf 91' lang='lat' dir='ltr'><strong>alia</strong></span> <span class='ocrx_word' id='word_1_428' title='bbox 1211 4235 1314 4301; x_wconf 86' lang='lat' dir='ltr'><strong>parva</strong></span> <span class='ocrx_word' id='word_1_429' title='bbox 1338 4226 1396 4280; x_wconf 88' lang='lat' dir='ltr'><strong>ant</strong></span> <span class='ocrx_word' id='word_1_430' title='bbox 1419 4236 1542 4300; x_wconf 88' lang='lat' dir='ltr'><strong>magna</strong></span> <span class='ocrx_word' id='word_1_431' title='bbox 1564 4236 1710 4300; x_wconf 91' lang='lat' dir='ltr'><strong>persona</strong></span> <span class='ocrx_word' id='word_1_432' title='bbox 1739 4215 1842 4299; x_wconf 90' lang='lat' dir='ltr'><strong>possit</strong></span> <span class='ocrx_word' id='word_1_433' title='bbox 1864 4212 2052 4295; x_wconf 86' lang='lat' dir='ltr'><strong>molestare,</strong></span> <span class='ocrx_word' id='word_1_434' title='bbox 2087 4213 2132 4276; x_wconf 94' lang='lat' dir='ltr'><strong>in-</strong></span> 
     </span>
     <span class='ocr_line' id='line_1_35' title="bbox 480 4314 2132 4404; baseline 0.001 -26"><span class='ocrx_word' id='word_1_435' title='bbox 480 4315 628 4400; x_wconf 87' lang='lat' dir='ltr'><strong>quietare</strong></span> <span class='ocrx_word' id='word_1_436' title='bbox 651 4314 704 4379; x_wconf 88' lang='lat' dir='ltr'><strong>vel</strong></span> <span class='ocrx_word' id='word_1_437' title='bbox 727 4314 944 4400; x_wconf 84' lang='lat' dir='ltr'><strong>preludicium</strong></span> <span class='ocrx_word' id='word_1_438' title='bbox 974 4316 1085 4381; x_wconf 83' lang='lat' dir='ltr'><strong>facere</strong></span> <span class='ocrx_word' id='word_1_439' title='bbox 1107 4338 1253 4403; x_wconf 87' lang='lat' dir='ltr'><strong>unquam</strong></span> <span class='ocrx_word' id='word_1_440' title='bbox 1277 4317 1337 4383; x_wconf 92' lang='lat' dir='ltr'><strong>tibi</strong></span> <span class='ocrx_word' id='word_1_441' title='bbox 1366 4318 1419 4383; x_wconf 87' lang='lat' dir='ltr'><strong>vel</strong></span> <span class='ocrx_word' id='word_1_442' title='bbox 1443 4318 1508 4382; x_wconf 89' lang='lat' dir='ltr'><strong>illis</strong></span> <span class='ocrx_word' id='word_1_443' title='bbox 1532 4326 1569 4381; x_wconf 91' lang='lat' dir='ltr'><strong>ut</strong></span> <span class='ocrx_word' id='word_1_444' title='bbox 1593 4340 1702 4404; x_wconf 91' lang='lat' dir='ltr'><strong>supra.</strong></span> <span class='ocrx_word' id='word_1_445' title='bbox 1742 4316 1786 4380; x_wconf 85' lang='lat' dir='ltr'><strong>Et</strong></span> <span class='ocrx_word' id='word_1_446' title='bbox 1810 4317 1836 4380; x_wconf 92' lang='lat' dir='ltr'><strong>si</strong></span> <span class='ocrx_word' id='word_1_447' title='bbox 1859 4316 1958 4381; x_wconf 86' lang='lat' dir='ltr'><strong>fuerit</strong></span> <span class='ocrx_word' id='word_1_448' title='bbox 1980 4318 2132 4381; x_wconf 89' lang='lat' dir='ltr'><strong>inventus</strong></span> 
     </span>
     <span class='ocr_line' id='line_1_36' title="bbox 423 4417 2131 4506; baseline 0.001 -25"><span class='ocrx_word' id='word_1_449' title='bbox 423 4431 457 4481; x_wconf 81' lang='lat' dir='ltr'><strong>so</strong></span> <span class='ocrx_word' id='word_1_450' title='bbox 480 4417 704 4483; x_wconf 87' lang='lat' dir='ltr'><strong>contradictor</strong></span> <span class='ocrx_word' id='word_1_451' title='bbox 726 4417 824 4483; x_wconf 89' lang='lat' dir='ltr'><strong>huius</strong></span> <span class='ocrx_word' id='word_1_452' title='bbox 848 4421 951 4484; x_wconf 90' lang='lat' dir='ltr'><strong>nostri</strong></span> <span class='ocrx_word' id='word_1_453' title='bbox 974 4421 1120 4505; x_wconf 89' lang='lat' dir='ltr'><strong>precepti</strong></span> <span class='ocrx_word' id='word_1_454' title='bbox 1139 4420 1336 4504; x_wconf 90' lang='lat' dir='ltr'><strong>donationis,</strong></span> <span class='ocrx_word' id='word_1_455' title='bbox 1360 4422 1445 4486; x_wconf 91' lang='lat' dir='ltr'><strong>sciat</strong></span> <span class='ocrx_word' id='word_1_456' title='bbox 1461 4429 1494 4486; x_wconf 91' lang='lat' dir='ltr'><strong>et</strong></span> <span class='ocrx_word' id='word_1_457' title='bbox 1517 4419 1636 4486; x_wconf 91' lang='lat' dir='ltr'><strong>debeat</strong></span> <span class='ocrx_word' id='word_1_458' title='bbox 1652 4443 1687 4485; x_wconf 89' lang='lat' dir='ltr'><strong>se</strong></span> <span class='ocrx_word' id='word_1_459' title='bbox 1710 4441 1907 4506; x_wconf 89' lang='lat' dir='ltr'><strong>componere</strong></span> <span class='ocrx_word' id='word_1_460' title='bbox 1924 4418 2012 4483; x_wconf 91' lang='lat' dir='ltr'><strong>mille</strong></span> <span class='ocrx_word' id='word_1_461' title='bbox 2028 4418 2131 4484; x_wconf 88' lang='lat' dir='ltr'><strong>libras</strong></span> 
     </span>
     <span class='ocr_line' id='line_1_37' title="bbox 478 4521 2131 4611; baseline 0.001 -26"><span class='ocrx_word' id='word_1_462' title='bbox 478 4522 550 4587; x_wconf 90' lang='lat' dir='ltr'><strong>auri</strong></span> <span class='ocrx_word' id='word_1_463' title='bbox 579 4522 706 4607; x_wconf 90' lang='lat' dir='ltr'><strong>optimi,</strong></span> <span class='ocrx_word' id='word_1_464' title='bbox 740 4522 952 4588; x_wconf 90' lang='lat' dir='ltr'><strong>medietatem</strong></span> <span class='ocrx_word' id='word_1_465' title='bbox 973 4523 1091 4590; x_wconf 81' lang='lat' dir='ltr'><strong>&#39;nostre</strong></span> <span class='ocrx_word' id='word_1_466' title='bbox 1120 4546 1250 4591; x_wconf 90' lang='lat' dir='ltr'><strong>camere</strong></span> <span class='ocrx_word' id='word_1_467' title='bbox 1280 4535 1421 4611; x_wconf 83' lang='lat' dir='ltr'><strong>auguste</strong></span> <span class='ocrx_word' id='word_1_468' title='bbox 1450 4534 1483 4590; x_wconf 92' lang='lat' dir='ltr'><strong>et</strong></span> <span class='ocrx_word' id='word_1_469' title='bbox 1511 4523 1723 4590; x_wconf 87' lang='lat' dir='ltr'><strong>medietatem</strong></span> <span class='ocrx_word' id='word_1_470' title='bbox 1753 4522 1812 4589; x_wconf 90' lang='lat' dir='ltr'><strong>tibi</strong></span> <span class='ocrx_word' id='word_1_471' title='bbox 1842 4522 1962 4588; x_wconf 91' lang='lat' dir='ltr'><strong>domno</strong></span> <span class='ocrx_word' id='word_1_472' title='bbox 1992 4521 2131 4587; x_wconf 84' lang='lat' dir='ltr'><strong>Iustolfo</strong></span> 
     </span>
     <span class='ocr_line' id='line_1_38' title="bbox 478 4625 2130 4713; baseline 0 -23"><span class='ocrx_word' id='word_1_473' title='bbox 478 4625 636 4710; x_wconf 90' lang='lat' dir='ltr'><strong>episcopo</strong></span> <span class='ocrx_word' id='word_1_474' title='bbox 661 4634 693 4689; x_wconf 90' lang='lat' dir='ltr'><strong>et</strong></span> <span class='ocrx_word' id='word_1_475' title='bbox 716 4625 886 4690; x_wconf 90' lang='lat' dir='ltr'><strong>canonicis</strong></span> <span class='ocrx_word' id='word_1_476' title='bbox 910 4634 1024 4691; x_wconf 87' lang='lat' dir='ltr'><strong>sancte</strong></span> <span class='ocrx_word' id='word_1_477' title='bbox 1046 4634 1102 4691; x_wconf 91' lang='lat' dir='ltr'><strong>tue</strong></span> <span class='ocrx_word' id='word_1_478' title='bbox 1125 4628 1266 4694; x_wconf 89' lang='lat' dir='ltr'><strong>ecclesie</strong></span> <span class='ocrx_word' id='word_1_479' title='bbox 1289 4637 1322 4693; x_wconf 91' lang='lat' dir='ltr'><strong>et</strong></span> <span class='ocrx_word' id='word_1_480' title='bbox 1337 4628 1485 4694; x_wconf 88' lang='lat' dir='ltr'><strong>consulis</strong></span> <span class='ocrx_word' id='word_1_481' title='bbox 1509 4637 1542 4694; x_wconf 89' lang='lat' dir='ltr'><strong>et</strong></span> <span class='ocrx_word' id='word_1_482' title='bbox 1564 4628 1702 4693; x_wconf 88' lang='lat' dir='ltr'><strong>civitati.</strong></span> <span class='ocrx_word' id='word_1_483' title='bbox 1727 4628 1771 4693; x_wconf 88' lang='lat' dir='ltr'><strong>Et</strong></span> <span class='ocrx_word' id='word_1_484' title='bbox 1793 4636 1830 4691; x_wconf 93' lang='lat' dir='ltr'><strong>ut</strong></span> <span class='ocrx_word' id='word_1_485' title='bbox 1853 4626 1915 4692; x_wconf 89' lang='lat' dir='ltr'><strong>hoc</strong></span> <span class='ocrx_word' id='word_1_486' title='bbox 1939 4634 2130 4713; x_wconf 87' lang='lat' dir='ltr'><strong>preceptum</strong></span> 
     </span>
     <span class='ocr_line' id='line_1_39' title="bbox 477 4729 2130 4818; baseline 0.001 -25"><span class='ocrx_word' id='word_1_487' title='bbox 477 4739 588 4794; x_wconf 90' lang='lat' dir='ltr'><strong>nostre</strong></span> <span class='ocrx_word' id='word_1_488' title='bbox 616 4729 802 4796; x_wconf 87' lang='lat' dir='ltr'><strong>donationis</strong></span> <span class='ocrx_word' id='word_1_489' title='bbox 826 4731 980 4797; x_wconf 87' lang='lat' dir='ltr'><strong>credatur</strong></span> <span class='ocrx_word' id='word_1_490' title='bbox 1009 4731 1052 4797; x_wconf 91' lang='lat' dir='ltr'><strong>ab</strong></span> <span class='ocrx_word' id='word_1_491' title='bbox 1083 4730 1246 4816; x_wconf 88' lang='lat' dir='ltr'><strong>omnibus,</strong></span> <span class='ocrx_word' id='word_1_492' title='bbox 1282 4733 1516 4799; x_wconf 88' lang='lat' dir='ltr'><strong>confirmamus</strong></span> <span class='ocrx_word' id='word_1_493' title='bbox 1546 4753 1647 4797; x_wconf 91' lang='lat' dir='ltr'><strong>manu</strong></span> <span class='ocrx_word' id='word_1_494' title='bbox 1675 4732 1809 4818; x_wconf 90' lang='lat' dir='ltr'><strong>propria</strong></span> <span class='ocrx_word' id='word_1_495' title='bbox 1837 4740 1869 4795; x_wconf 91' lang='lat' dir='ltr'><strong>et</strong></span> <span class='ocrx_word' id='word_1_496' title='bbox 1896 4739 2009 4795; x_wconf 89' lang='lat' dir='ltr'><strong>nostro</strong></span> <span class='ocrx_word' id='word_1_497' title='bbox 2040 4730 2130 4815; x_wconf 89' lang='lat' dir='ltr'><strong>regio</strong></span> 
     </span>
     <span class='ocr_line' id='line_1_40' title="bbox 477 4835 749 4919; baseline 0.015 -24"><span class='ocrx_word' id='word_1_498' title='bbox 477 4841 619 4917; x_wconf 82' lang='lat' dir='ltr'><strong>augusto</strong></span> <span class='ocrx_word' id='word_1_499' title='bbox 644 4835 749 4919; x_wconf 84' lang='lat' dir='ltr'><strong>signo.</strong></span> 
     </span>
    </p>
   </div>
   <div class='ocr_carea' id='block_1_3' title="bbox 423 5005 2131 5199">
    <p class='ocr_par' dir='ltr' id='par_1_3' title="bbox 423 5005 2131 5199">
     <span class='ocr_line' id='line_1_41' title="bbox 423 5005 2131 5094; baseline 0.001 -26"><span class='ocrx_word' id='word_1_500' title='bbox 423 5021 457 5071; x_wconf 83' lang='grc' dir='ltr'><strong>ιο</strong></span> <span class='ocrx_word' id='word_1_501' title='bbox 584 5005 742 5093; x_wconf 82' lang='lat' dir='ltr'><strong>Signum¹¹</strong></span> <span class='ocrx_word' id='word_1_502' title='bbox 766 5007 890 5073; x_wconf 91' lang='lat' dir='ltr'><strong>domini</strong></span> <span class='ocrx_word' id='word_1_503' title='bbox 911 5009 1029 5074; x_wconf 90' lang='lat' dir='ltr'><strong>Karoli</strong></span> <span class='ocrx_word' id='word_1_504' title='bbox 1053 5011 1141 5094; x_wconf 88' lang='lat' dir='ltr'><strong>regis</strong></span> <span class='ocrx_word' id='word_1_505' title='bbox 1163 5010 1369 5075; x_wconf 84' lang='lat' dir='ltr'><strong>Francorum</strong></span> <span class='ocrx_word' id='word_1_506' title='bbox 1385 5008 1475 5088; x_wconf 80' lang='lat' dir='ltr'><strong>(M.)⁰</strong></span> <span class='ocrx_word' id='word_1_507' title='bbox 1499 5016 1532 5072; x_wconf 89' lang='lat' dir='ltr'><strong>et</strong></span> <span class='ocrx_word' id='word_1_508' title='bbox 1549 5006 1846 5093; x_wconf 85' lang='lat' dir='ltr'><strong>Langobardorum</strong></span> <span class='ocrx_word' id='word_1_509' title='bbox 1871 5014 1903 5071; x_wconf 92' lang='lat' dir='ltr'><strong>et</strong></span> <span class='ocrx_word' id='word_1_510' title='bbox 1925 5006 2131 5070; x_wconf 90' lang='lat' dir='ltr'><strong>invictissimi</strong></span> 
     </span>
     <span class='ocr_line' id='line_1_42' title="bbox 478 5109 1007 5199; baseline 0.006 -27"><span class='ocrx_word' id='word_1_511' title='bbox 478 5109 689 5195; x_wconf 89' lang='lat' dir='ltr'><strong>imperatoris</strong></span> <span class='ocrx_word' id='word_1_512' title='bbox 713 5134 843 5199; x_wconf 91' lang='lat' dir='ltr'><strong>semper</strong></span> <span class='ocrx_word' id='word_1_513' title='bbox 864 5114 1007 5199; x_wconf 82' lang='lat' dir='ltr'><strong>augusti.</strong></span> 
     </span>
    </p>
   </div>
   <div class='ocr_carea' id='block_1_4' title="bbox 579 5248 2132 5337">
    <p class='ocr_par' dir='ltr' id='par_1_4' title="bbox 579 5248 2132 5337">
     <span class='ocr_line' id='line_1_43' title="bbox 579 5248 2132 5337; baseline -0.001 -23"><span class='ocrx_word' id='word_1_514' title='bbox 579 5249 787 5335; x_wconf 83' lang='lat' dir='ltr'><strong>Maynardus</strong></span> <span class='ocrx_word' id='word_1_515' title='bbox 804 5252 1003 5318; x_wconf 90' lang='lat' dir='ltr'><strong>silentiarius</strong></span> <span class='ocrx_word' id='word_1_516' title='bbox 1020 5252 1132 5317; x_wconf 93' lang='lat' dir='ltr'><strong>domni</strong></span> <span class='ocrx_word' id='word_1_517' title='bbox 1144 5251 1273 5318; x_wconf 88' lang='lat' dir='ltr'><strong>Iustolfi</strong></span> <span class='ocrx_word' id='word_1_518' title='bbox 1290 5253 1438 5337; x_wconf 90' lang='lat' dir='ltr'><strong>episcopi</strong></span> <span class='ocrx_word' id='word_1_519' title='bbox 1456 5259 1489 5316; x_wconf 89' lang='lat' dir='ltr'><strong>et</strong></span> <span class='ocrx_word' id='word_1_520' title='bbox 1504 5249 1724 5316; x_wconf 84' lang='lat' dir='ltr'><strong>cancellarius</strong></span> <span class='ocrx_word' id='word_1_521' title='bbox 1740 5251 1812 5314; x_wconf 89' lang='lat' dir='ltr'><strong>vice</strong></span> <span class='ocrx_word' id='word_1_522' title='bbox 1826 5248 2034 5335; x_wconf 87' lang='lat' dir='ltr'><strong>Haginhardi</strong></span> <span class='ocrx_word' id='word_1_523' title='bbox 2052 5297 2059 5311; x_wconf 92' lang='lat'>.</span> <span class='ocrx_word' id='word_1_524' title='bbox 2075 5296 2081 5311; x_wconf 90' lang='lat'>.</span> <span class='ocrx_word' id='word_1_525' title='bbox 2096 5257 2132 5312; x_wconf 71' lang='grc' dir='ltr'><strong>,Ρ</strong></span> 
     </span>
    </p>
   </div>
   <div class='ocr_carea' id='block_1_5' title="bbox 420 5573 2132 5788">
    <p class='ocr_par' dir='ltr' id='par_1_5' title="bbox 420 5573 2132 5788">
     <span class='ocr_line' id='line_1_44' title="bbox 553 5573 2132 5648; baseline -0.006 -15"><span class='ocrx_word' id='word_1_526' title='bbox 553 5574 613 5633; x_wconf 67' lang='grc'><strong>260.</strong></span> <span class='ocrx_word' id='word_1_527' title='bbox 632 5578 654 5641; x_wconf 79' lang='grc' dir='ltr'><strong>ι)</strong></span> <span class='ocrx_word' id='word_1_528' title='bbox 671 5577 748 5630; x_wconf 82' lang='lat' dir='ltr'><strong>silvis</strong></span> <span class='ocrx_word' id='word_1_529' title='bbox 765 5585 793 5631; x_wconf 87' lang='lat' dir='ltr'><strong>et</strong></span> <span class='ocrx_word' id='word_1_530' title='bbox 811 5579 863 5635; x_wconf 87' lang='lat' dir='ltr'><strong>BG</strong></span> <span class='ocrx_word' id='word_1_531' title='bbox 930 5581 958 5648; x_wconf 75' lang='lat' dir='ltr'><strong>g)</strong></span> <span class='ocrx_word' id='word_1_532' title='bbox 975 5582 1078 5633; x_wconf 80' lang='lat' dir='ltr'><strong>Trunto</strong></span> <span class='ocrx_word' id='word_1_533' title='bbox 1097 5580 1124 5633; x_wconf 94' lang='lat' dir='ltr'><strong><em>B</em></strong></span> <span class='ocrx_word' id='word_1_534' title='bbox 1194 5582 1223 5645; x_wconf 90' lang='lat' dir='ltr'><strong>h)</strong></span> <span class='ocrx_word' id='word_1_535' title='bbox 1240 5581 1436 5631; x_wconf 79' lang='lat' dir='ltr'><strong>Maltineanum</strong></span> <span class='ocrx_word' id='word_1_536' title='bbox 1450 5578 1479 5641; x_wconf 85' lang='lat' dir='ltr'><strong>G,</strong></span> <span class='ocrx_word' id='word_1_537' title='bbox 1497 5578 1529 5630; x_wconf 75' lang='lat' dir='ltr'><strong>trs</strong></span> <span class='ocrx_word' id='word_1_538' title='bbox 1551 5576 1616 5631; x_wconf 79' lang='lat' dir='ltr'><strong>Urit.</strong></span> <span class='ocrx_word' id='word_1_539' title='bbox 1631 5576 1710 5630; x_wconf 89' lang='lat' dir='ltr'><strong>Ottos</strong></span> <span class='ocrx_word' id='word_1_540' title='bbox 1725 5574 1779 5629; x_wconf 85' lang='lat'><strong>111</strong></span> <span class='ocrx_word' id='word_1_541' title='bbox 1794 5574 1837 5628; x_wconf 81' lang='lat' dir='ltr'><strong>M.</strong></span> <span class='ocrx_word' id='word_1_542' title='bbox 1854 5574 1885 5627; x_wconf 83' lang='lat' dir='ltr'><strong>G.</strong></span> <span class='ocrx_word' id='word_1_543' title='bbox 1900 5573 1970 5627; x_wconf 90' lang='lat' dir='ltr'><strong>DD.</strong></span> <span class='ocrx_word' id='word_1_544' title='bbox 1983 5576 2010 5641; x_wconf 81' lang='lat'><strong>2,</strong></span> <span class='ocrx_word' id='word_1_545' title='bbox 2029 5576 2085 5629; x_wconf 81' lang='lat'><strong>625</strong></span> <span class='ocrx_word' id='word_1_546' title='bbox 2102 5577 2132 5625; x_wconf 89' lang='lat' dir='ltr'><strong>in</strong></span> 
     </span>
     <span class='ocr_line' id='line_1_45' title="bbox 420 5643 2130 5714; baseline -0.003 -16"><span class='ocrx_word' id='word_1_547' title='bbox 420 5644 453 5692; x_wconf 74' lang='lat'><strong>4⁶</strong></span> <span class='ocrx_word' id='word_1_548' title='bbox 631 5648 798 5699; x_wconf 82' lang='lat' dir='ltr'><strong>Malteniano</strong></span> <span class='ocrx_word' id='word_1_549' title='bbox 869 5650 889 5714; x_wconf 92' lang='lat' dir='ltr'><strong>i)</strong></span> <span class='ocrx_word' id='word_1_550' title='bbox 906 5648 966 5702; x_wconf 80' lang='lat' dir='ltr'><strong>bier</strong></span> <span class='ocrx_word' id='word_1_551' title='bbox 985 5650 1075 5703; x_wconf 78' lang='lat' dir='ltr'><strong>bricbt</strong></span> <span class='ocrx_word' id='word_1_552' title='bbox 1089 5650 1112 5702; x_wconf 84' lang='lat'><em>0</em></span> <span class='ocrx_word' id='word_1_553' title='bbox 1128 5649 1163 5702; x_wconf 88' lang='lat' dir='ltr'><strong>ab</strong></span> <span class='ocrx_word' id='word_1_554' title='bbox 1182 5649 1244 5702; x_wconf 76' lang='lat' dir='ltr'><strong>aad</strong></span> <span class='ocrx_word' id='word_1_555' title='bbox 1262 5653 1331 5702; x_wconf 78' lang='lat' dir='ltr'><strong>setrt</strong></span> <span class='ocrx_word' id='word_1_556' title='bbox 1343 5652 1402 5701; x_wconf 81' lang='lat' dir='ltr'><strong>erst</strong></span> <span class='ocrx_word' id='word_1_557' title='bbox 1420 5646 1523 5700; x_wconf 84' lang='lat' dir='ltr'><strong>wieder</strong></span> <span class='ocrx_word' id='word_1_558' title='bbox 1542 5645 1593 5698; x_wconf 83' lang='lat' dir='ltr'><strong>mit</strong></span> <span class='ocrx_word' id='word_1_559' title='bbox 1613 5644 1661 5698; x_wconf 79' lang='lat' dir='ltr'><strong>der</strong></span> <span class='ocrx_word' id='word_1_560' title='bbox 1676 5643 1894 5697; x_wconf 81' lang='lat' dir='ltr'><strong>Corroboratr&#39;ou</strong></span> <span class='ocrx_word' id='word_1_561' title='bbox 1907 5644 1942 5694; x_wconf 78' lang='lat' dir='ltr'><strong>Et</strong></span> <span class='ocrx_word' id='word_1_562' title='bbox 1960 5650 1990 5695; x_wconf 85' lang='lat' dir='ltr'><strong>ut</strong></span> <span class='ocrx_word' id='word_1_563' title='bbox 2002 5646 2053 5695; x_wconf 87' lang='lat' dir='ltr'><strong>boc</strong></span> <span class='ocrx_word' id='word_1_564' title='bbox 2071 5658 2130 5710; x_wconf 86' lang='lat' dir='ltr'><strong>pre-</strong></span> 
     </span>
     <span class='ocr_line' id='line_1_46' title="bbox 632 5712 2132 5788; baseline -0.002 -21"><span class='ocrx_word' id='word_1_565' title='bbox 632 5724 739 5782; x_wconf 87' lang='lat' dir='ltr'><strong>ceptum</strong></span> <span class='ocrx_word' id='word_1_566' title='bbox 752 5718 799 5769; x_wconf 81' lang='lat' dir='ltr'><strong>er&#39;n</strong></span> <span class='ocrx_word' id='word_1_567' title='bbox 868 5720 898 5781; x_wconf 87' lang='lat' dir='ltr'><strong>k)</strong></span> <span class='ocrx_word' id='word_1_568' title='bbox 910 5723 1025 5771; x_wconf 82' lang='lat' dir='ltr'><strong>messius</strong></span> <span class='ocrx_word' id='word_1_569' title='bbox 1037 5719 1065 5772; x_wconf 92' lang='lat' dir='ltr'><strong><em>B</em></strong></span> <span class='ocrx_word' id='word_1_570' title='bbox 1076 5717 1230 5788; x_wconf 67' lang='lat' dir='ltr'><strong>proscribor</strong></span> <span class='ocrx_word' id='word_1_571' title='bbox 1243 5735 1347 5769; x_wconf 80' lang='lat' dir='ltr'><strong>massus</strong></span> <span class='ocrx_word' id='word_1_572' title='bbox 1361 5717 1387 5770; x_wconf 76' lang='lat' dir='ltr'><strong>S.</strong></span> <span class='ocrx_word' id='word_1_573' title='bbox 1398 5718 1454 5770; x_wconf 85' lang='grc'><strong>378</strong></span> <span class='ocrx_word' id='word_1_574' title='bbox 1466 5717 1497 5770; x_wconf 88' lang='grc' dir='ltr'><strong>Ζ.</strong></span> <span class='ocrx_word' id='word_1_575' title='bbox 1510 5719 1542 5782; x_wconf 86' lang='grc'><strong>6,·</strong></span> <span class='ocrx_word' id='word_1_576' title='bbox 1559 5730 1595 5768; x_wconf 81' lang='lat' dir='ltr'><strong>ru</strong></span> <span class='ocrx_word' id='word_1_577' title='bbox 1608 5731 1712 5766; x_wconf 86' lang='lat' dir='ltr'><strong>massus</strong></span> <span class='ocrx_word' id='word_1_578' title='bbox 1724 5712 1778 5782; x_wconf 77' lang='lat' dir='ltr'><strong>opt.</strong></span> <span class='ocrx_word' id='word_1_579' title='bbox 1791 5712 1929 5781; x_wconf 77' lang='lat' dir='ltr'><strong>Ducaupc</strong></span> <span class='ocrx_word' id='word_1_580' title='bbox 1940 5714 1967 5766; x_wconf 72' lang='lat'><strong>2.</strong></span> <span class='ocrx_word' id='word_1_581' title='bbox 1982 5713 2024 5765; x_wconf 83' lang='lat' dir='ltr'><strong>sd.</strong></span> <span class='ocrx_word' id='word_1_582' title='bbox 2038 5716 2063 5775; x_wconf 80' lang='lat' dir='ltr'><strong>t,</strong></span> <span class='ocrx_word' id='word_1_583' title='bbox 2075 5714 2132 5765; x_wconf 79' lang='lat'><strong>29⁶</strong></span> 
     </span>
    </p>
   </div>
   <div class='ocr_carea' id='block_1_6' title="bbox 420 5779 2134 6063">
    <p class='ocr_par' dir='ltr' id='par_1_6' title="bbox 632 5779 2134 5924">
     <span class='ocr_line' id='line_1_47' title="bbox 632 5779 2134 5906; baseline -0.003 -70"><span class='ocrx_word' id='word_1_584' title='bbox 632 5784 805 5906; x_wconf 52' lang='lat' dir='ltr'><strong>lematrice</strong></span> <span class='ocrx_word' id='word_1_585' title='bbox 816 5787 851 5851; x_wconf 90' lang='lat' dir='ltr'><strong>B,</strong></span> <span class='ocrx_word' id='word_1_586' title='bbox 871 5786 920 5840; x_wconf 82' lang='lat' dir='ltr'><strong>der</strong></span> <span class='ocrx_word' id='word_1_587' title='bbox 933 5788 1023 5841; x_wconf 79' lang='lat' dir='ltr'><strong>Nemo</strong></span> <span class='ocrx_word' id='word_1_588' title='bbox 1035 5790 1149 5840; x_wconf 83' lang='lat' dir='ltr'><strong>Matrica</strong></span> <span class='ocrx_word' id='word_1_589' title='bbox 1160 5787 1193 5840; x_wconf 82' lang='grc' dir='ltr'><strong>ιἰι</strong></span> <span class='ocrx_word' id='word_1_590' title='bbox 1207 5787 1261 5839; x_wconf 80' lang='lat' dir='ltr'><strong>ders</strong></span> <span class='ocrx_word' id='word_1_591' title='bbox 1274 5785 1586 5854; x_wconf 77' lang='lat' dir='ltr'><strong>Beaitsbestdttpuupeu</strong></span> <span class='ocrx_word' id='word_1_592' title='bbox 1604 5799 1658 5837; x_wconf 86' lang='lat' dir='ltr'><strong>oou</strong></span> <span class='ocrx_word' id='word_1_593' title='bbox 1671 5782 1809 5836; x_wconf 76' lang='lat' dir='ltr'><strong>Heinrich</strong></span> <span class='ocrx_word' id='word_1_594' title='bbox 1822 5781 1879 5836; x_wconf 89' lang='lat' dir='ltr'><strong>III</strong></span> <span class='ocrx_word' id='word_1_595' title='bbox 1888 5781 1932 5834; x_wconf 80' lang='lat' dir='ltr'><strong>bis</strong></span> <span class='ocrx_word' id='word_1_596' title='bbox 1948 5781 2100 5835; x_wconf 66' lang='lat' dir='ltr'><strong>triedrico</strong></span> <span class='ocrx_word' id='word_1_597' title='bbox 2113 5779 2134 5833; x_wconf 88' lang='lat' dir='ltr'><strong><em>I</em></strong></span> 
     </span>
     <span class='ocr_line' id='line_1_48' title="bbox 657 5850 2131 5924; baseline -0.004 -17"><span class='ocrx_word' id='word_1_598' title='bbox 657 5854 742 5923; x_wconf 73' lang='lat' dir='ltr'><strong>phelli</strong></span> <span class='ocrx_word' id='word_1_599' title='bbox 754 5854 771 5906; x_wconf 87' lang='lat' dir='ltr'><strong>l.</strong></span> <span class='ocrx_word' id='word_1_600' title='bbox 784 5871 806 5908; x_wconf 87' lang='lat' dir='ltr'><strong>c.</strong></span> <span class='ocrx_word' id='word_1_601' title='bbox 819 5858 874 5910; x_wconf 72' lang='lat'><strong>448</strong></span> <span class='ocrx_word' id='word_1_602' title='bbox 885 5856 906 5921; x_wconf 80' lang='lat' dir='ltr'><strong>f.</strong></span> <span class='ocrx_word' id='word_1_603' title='bbox 978 5859 1015 5924; x_wconf 89' lang='lat' dir='ltr'><strong>m)</strong></span> <span class='ocrx_word' id='word_1_604' title='bbox 1032 5858 1064 5910; x_wconf 80' lang='grc' dir='ltr'><strong>ιἰι</strong></span> <span class='ocrx_word' id='word_1_605' title='bbox 1083 5857 1132 5911; x_wconf 83' lang='lat' dir='ltr'><strong>der</strong></span> <span class='ocrx_word' id='word_1_606' title='bbox 1155 5856 1220 5911; x_wconf 80' lang='lat' dir='ltr'><strong>Urit.</strong></span> <span class='ocrx_word' id='word_1_607' title='bbox 1233 5855 1402 5909; x_wconf 79' lang='lat' dir='ltr'><strong>Friedrr&#39;rbs</strong></span> <span class='ocrx_word' id='word_1_608' title='bbox 1416 5854 1436 5907; x_wconf 85' lang='lat'><em>1</em></span> <span class='ocrx_word' id='word_1_609' title='bbox 1451 5870 1505 5907; x_wconf 78' lang='lat' dir='ltr'><strong>voss</strong></span> <span class='ocrx_word' id='word_1_610' title='bbox 1523 5856 1592 5907; x_wconf 82' lang='lat'><em>1185</em></span> <span class='ocrx_word' id='word_1_611' title='bbox 1615 5852 1722 5921; x_wconf 71' lang='lat' dir='ltr'><strong>Upbolls&#39;</strong></span> <span class='ocrx_word' id='word_1_612' title='bbox 1740 5850 1756 5904; x_wconf 84' lang='lat'><strong>1.</strong></span> <span class='ocrx_word' id='word_1_613' title='bbox 1776 5868 1798 5904; x_wconf 87' lang='lat' dir='ltr'><strong>o.</strong></span> <span class='ocrx_word' id='word_1_614' title='bbox 1818 5855 1873 5905; x_wconf 74' lang='lat'><strong>457</strong></span> <span class='ocrx_word' id='word_1_615' title='bbox 1889 5852 1959 5904; x_wconf 82' lang='lat' dir='ltr'><strong>uocb</strong></span> <span class='ocrx_word' id='word_1_616' title='bbox 1979 5851 2024 5905; x_wconf 78' lang='lat' dir='ltr'><strong>dio</strong></span> <span class='ocrx_word' id='word_1_617' title='bbox 2044 5850 2131 5903; x_wconf 82' lang='lat' dir='ltr'><strong>Form</strong></span> 
     </span>
    </p>

    <p class='ocr_par' dir='ltr' id='par_1_7' title="bbox 420 5918 2127 6063">
     <span class='ocr_line' id='line_1_49' title="bbox 632 5918 2127 5995; baseline -0.001 -21"><span class='ocrx_word' id='word_1_618' title='bbox 632 5926 789 5990; x_wconf 81' lang='lat' dir='ltr'><strong>capitaneus</strong></span> <span class='ocrx_word' id='word_1_619' title='bbox 894 5928 923 5993; x_wconf 91' lang='lat' dir='ltr'><strong>n)</strong></span> <span class='ocrx_word' id='word_1_620' title='bbox 940 5927 1013 5978; x_wconf 86' lang='lat' dir='ltr'><strong>Loco</strong></span> <span class='ocrx_word' id='word_1_621' title='bbox 1032 5929 1103 5995; x_wconf 75' lang='lat' dir='ltr'><strong>signi</strong></span> <span class='ocrx_word' id='word_1_622' title='bbox 1123 5926 1146 5980; x_wconf 83' lang='lat'><em>0</em></span> <span class='ocrx_word' id='word_1_623' title='bbox 1250 5926 1276 5992; x_wconf 90' lang='grc' dir='ltr'><strong>ο)</strong></span> <span class='ocrx_word' id='word_1_624' title='bbox 1294 5924 1348 5977; x_wconf 86' lang='lat' dir='ltr'><strong>das</strong></span> <span class='ocrx_word' id='word_1_625' title='bbox 1368 5924 1573 5991; x_wconf 77' lang='lat' dir='ltr'><strong>Mouoprumm,</strong></span> <span class='ocrx_word' id='word_1_626' title='bbox 1591 5922 1638 5976; x_wconf 78' lang='lat' dir='ltr'><strong>eiu</strong></span> <span class='ocrx_word' id='word_1_627' title='bbox 1658 5918 1930 5989; x_wconf 69' lang='lat' dir='ltr'><strong>Phantasispebttoe,</strong></span> <span class='ocrx_word' id='word_1_628' title='bbox 1949 5921 1981 5973; x_wconf 80' lang='lat' dir='ltr'><strong>irs</strong></span> <span class='ocrx_word' id='word_1_629' title='bbox 2000 5920 2026 5973; x_wconf 89' lang='grc' dir='ltr'><strong><em>Β</em></strong></span> <span class='ocrx_word' id='word_1_630' title='bbox 2044 5919 2127 5973; x_wconf 81' lang='lat' dir='ltr'><strong>rraob·</strong></span> 
     </span>
     <span class='ocr_line' id='line_1_50' title="bbox 420 5988 1537 6063; baseline 0.006 -23"><span class='ocrx_word' id='word_1_631' title='bbox 420 5988 454 6040; x_wconf 78' lang='lat' dir='ltr'><strong>to</strong></span> <span class='ocrx_word' id='word_1_632' title='bbox 630 5991 785 6059; x_wconf 56' lang='lat' dir='ltr'><strong>pesculum</strong></span> <span class='ocrx_word' id='word_1_633' title='bbox 856 5996 885 6061; x_wconf 90' lang='lat' dir='ltr'><strong>p)</strong></span> <span class='ocrx_word' id='word_1_634' title='bbox 901 5994 934 6047; x_wconf 79' lang='lat' dir='ltr'><strong>ta</strong></span> <span class='ocrx_word' id='word_1_635' title='bbox 953 5994 976 6048; x_wconf 81' lang='lat'><em>0</em></span> <span class='ocrx_word' id='word_1_636' title='bbox 992 5994 1071 6049; x_wconf 75' lang='lat' dir='ltr'><strong>keisc</strong></span> <span class='ocrx_word' id='word_1_637' title='bbox 1088 5994 1329 6063; x_wconf 73' lang='lat' dir='ltr'><strong>Kerrrucs&#39;olmursp</strong></span> <span class='ocrx_word' id='word_1_638' title='bbox 1347 5994 1424 6047; x_wconf 71' lang='lat' dir='ltr'><strong>sister</strong></span> <span class='ocrx_word' id='word_1_639' title='bbox 1443 5991 1537 6047; x_wconf 73' lang='lat' dir='ltr'><strong>Lrtolte</strong></span> 
     </span>
    </p>
   </div>
   <div class='ocr_carea' id='block_1_7' title="bbox 520 6094 1966 6148">
    <p class='ocr_par' dir='ltr' id='par_1_8' title="bbox 520 6094 1966 6148">
     <span class='ocr_line' id='line_1_51' title="bbox 520 6094 1966 6148; baseline 0.015 -3"><span class='ocrx_word' id='word_1_640' title='bbox 520 6094 758 6148; x_wconf 80' lang='lat' dir='ltr'><strong>Kaisarurkunden</strong></span> <span class='ocrx_word' id='word_1_641' title='bbox 780 6098 803 6148; x_wconf 81' lang='grc' dir='ltr'><strong>Ι.</strong></span> <span class='ocrx_word' id='word_1_642' title='bbox 1932 6094 1966 6143; x_wconf 71' lang='lat'><strong>4⁸</strong></span> 
     </span>
    </p>
   </div>
   <div class='ocr_carea' id='block_1_8' title="bbox 0 0 2826 7156">
    <p class='ocr_par' dir='ltr' id='par_1_9' title="bbox 0 0 2826 7156">
     <span class='ocr_line' id='line_1_52' title="bbox 0 0 2826 7156; baseline 0 0"><span class='ocrx_word' id='word_1_643' title='bbox 0 0 2826 7156; x_wconf 95' lang='lat' dir='ltr'><strong> </strong></span> 
     </span>
    </p>
   </div>
  </div>
 </body>
</html>
