5642 7159
997 753 1117 813 uisu
1140 755 1227 815 DER
1250 755 1415 815 ssscssn
1438 752 1645 836 [illasii
1739 761 1742 768 '
2082 755 2145 819 249

498 939 602 1003 ciaria
629 948 794 1025 potestate
818 948 876 1004 aut
903 949 1062 1026 exparte
1091 950 1206 1007 nostra
1227 940 1281 1006 vel
1311 941 1559 1029 qualiscumque
1589 964 1731 1028 persona
1761 943 1801 1009 de
1828 941 1929 1027 [hac]¹
1959 944 2067 1009 insola
2093 945 2145 1009 vel

498 1041 655 1128 quicquid
682 1040 726 1106 ad
749 1063 822 1108 eam
845 1043 965 1128 aspicit
987 1043 1136 1128 predicto
1160 1045 1334 1110 Beonrado
1358 1044 1474 1110 abbati
1496 1045 1548 1111 vel
1571 1046 1662 1133 ipsos
1685 1047 1863 1112 monachos
1886 1048 2069 1134 inquietare
2093 1046 2145 1113 vel

499 1155 614 1212 contra
635 1147 773 1214 rationis
798 1147 944 1214 ordinem
967 1147 1020 1212 vel
1043 1148 1265 1234 calumpniam
1289 1170 1449 1233 generare
1472 1159 1738 1237 non·presumat,
1765 1149 1823 1215 sed
1847 1150 1889 1216 ab
1912 1151 2071 1217 hodierno
2091 1152 2145 1218 die

498 1258 643 1316 rectores
665 1251 770 1337 ipsius
787 1251 955 1317 ecclesiem
977 1275 1051 1317 eam
1073 1251 1250 1337 habeant&
1274 1263 1408 1320 teneant
1429 1264 1528 1342 atque
1552 1255 1753 1342 possideant,
1777 1266 1814 1322 ut
1835 1257 2004 1322 nostriset
2026 1257 2146 1322 futuris

460 1354 703 1441 stemporibns
735 1355 799 1442 ipsi
834 1355 993 1422 ecclesie⁰
1026 1356 1079 1421 dei
1105 1358 1140 1422 in
1167 1360 1353 1443 augmentis
1382 1359 1544 1445 proficiat.
1590 1361 1635 1424 Et
1661 1370 1698 1426 nt
1726 1360 1787 1426 bec
1814 1362 1994 1426 arroteritae
2022 1361 2148 1426 firmior

498 1458 660 1525 habeatur
682 1458 734 1524 vel
757 1469 839 1546 per?
860 1469 1009 1546 tempora
1031 1460 1148 1527 melius
1172 1473 1395 1545 conservetur,
1430 1486 1547 1529 manus
1571 1474 1705 1530 nostrae
1735 1465 1913 1550 signaculis
1938 1464 2050 1530 subter
2073 1487 2145 1530 eam

500 1563 706 1630 decrevimus
731 1565 889 1630 affirmari
913 1575 946 1630 et
969 1563 1009 1630 de
1032 1565 1130 1630 anulo
1154 1576 1269 1632 nostro
1292 1568 1449 1633 iussimus
1474 1567 1629 1653 sigillare.

601 1703 721 1768 Actum
745 1725 833 1769 anno
856 1712 1015 1790 regnante
1037 1704 1174 1771 Karolo.

1283 2051 1371 2126 185.

443 2227 475 2275 ιο
497 2210 593 2281 Karl
619 2213 683 2282 der
715 2209 842 2282 Grosse
875 2212 1013 2283 schenkt
1046 2213 1124 2283 darn
1150 2211 1295 2282 Kloster
1320 2209 1599 2281 Eolrtcrnocls
1630 2213 1684 2282 dic
1719 2209 1813 2282 Villo
1840 2210 2076 2300 Dounon-dors
2095 2212 2145 2282 im

495 2331 689 2422 Moselpcn.

1821 2410 1826 2419 ’
1891 2434 2100 2520 [rw-7971.

597 2626 690 2685 Liber
709 2645 821 2686 oureus
844 2629 969 2701 Eptern.
992 2647 1050 2687 cns
1073 2629 1126 2687 der
1149 2633 1245 2687 ersten
1266 2626 1375 2700 Heilste
1397 2628 1446 2686 des
1470 2631 1522 2688 13.
1546 2627 1599 2686 Jlr.
1625 2626 1648 2699 f.
1673 2630 1716 2687 62
1737 2630 1771 2686 in
1794 2629 1847 2686 der
1872 2630 1951 2689 ltere.
1976 2629 2146 2689 Bibliotlrels

564 2786 566 2789 .
596 2749 637 2789 aa
663 2730 759 2790 Gellia
787 2731 852 2812 (B).

596 2868 691 2929 Slelcel
712 2869 808 2930 Beitr.
832 2889 860 2932 z.
877 2871 962 2945 Dipl.
984 2872 1012 2931 V
1038 2873 1156 2933 Ψίθιον
1179 2872 1241 2932 SB.
1266 2876 1318 2943 49,
1341 2873 1404 2932 395
1428 2874 1497 2930 7³⁰6
1519 2870 1731 2947 (Sonderabdr.
1756 2869 1810 2949 87)
1834 2889 1891 2930 aas
1914 2872 1953 2930 B.
1977 2906 2020 2915 -
2042 2873 2142 2930 Metlrl-

598 2973 703 3031 baclrer
725 2975 795 3047 Rey.
820 2978 882 3035 341
907 2975 1008 3052 (332).

602 3113 695 3173 Uener
716 3114 765 3172 die
787 3114 977 3187 Einreilmnp
1005 3116 1060 3188 rol.
1083 3119 1205 3175 n⁰184.
1251 3115 1314 3174 Der
1336 3119 1410 3174 erste
1432 3114 1507 3175 Satn
1538 3115 1591 3173 der
1615 3115 1842 3173 Corroborotion
1870 3116 1909 3172 ist
1932 3116 2141 3174 verstttmmelt.

599 3299 792 3384 [Klarclns⁸
820 3303 929 3385 gratia
957 3301 1009 3367 dci
1039 3325 1098 3367 rex
1127 3302 1333 3368 Francorum
1361 3311 1394 3368 et
1420 3301 1719 3388 Longobardorum
1747 3323 1808 3366 nec
1838 3324 1903 3367 non
1932 3311 1965 3367 et
1992 3305 2143 3389 patritius

496 3404 718 3470 Romanorum
743 3404 894 3470 omnibus
917 3405 1070 3471 fidelibus
1093 3408 1216 3472 nostris
1232 3416 1299 3471 tam
1323 3406 1532 3493 presentibus
1550 3429 1649 3494 quam
1672 3416 1705 3472 et
1724 3407 1852 3471 futuris.
1957 3405 2145 3493 Quicquidb

441 3524 474 3570 nc
497 3509 583 3572 enim
606 3507 647 3573 ad
672 3508 746 3573 loca
769 3518 957 3575 sanctorum
981 3510 1024 3576 ob
1048 3519 1179 3576 amore⁶
1200 3511 1323 3577 domini
1347 3520 1380 3576 et
1403 3514 1626 3597 oportunitate
1650 3533 1818 3576 servorum
1836 3509 1887 3575 dei
1911 3509 2065 3575 benivola
2089 3510 2143 3576 de-

496 3610 690 3678 liberatione
713 3613 936 3696 concedimus,
964 3614 1027 3679 hoc
1049 3613 1170 3680 nobis*¹
1193 3616 1236 3681 ad
1258 3615 1440 3681 remedium
1463 3616 1571 3681 anime
1593 3615 1644 3680 vel
1669 3614 1901 3680 stabilitatem⁰
1923 3616 2015 3700 regni
2038 3615 2141 3679 nostri

495 3717 659 3800 pertinere
682 3717 889 3784 confidimus.
913 3718 1124 3805 Quapropter
1140 3728 1341 3805 compertum
1368 3720 1411 3782 sit
1435 3720 1578 3784 omniurn
1603 3728 1788 3785 vestrorum
1810 3718 2039 3804 magnitudini,
2065 3740 2144 3804 qua·

495 3818 570 3885 liter
593 3819 753 3886 donamus
777 3821 820 3886 ad
843 3824 1079 3889 monasterium
1103 3825 1336 3910 Epternacum,
1372 3822 1462 3909 quod
1484 3833 1535 3888 est
1556 3833 1784 3889 constructum
1816 3846 1914 3909 super
1935 3823 2035 3888 fluvio
2059 3821 2144 3886 Sura

495 3922 675 3990 inhonore
706 3928 812 3991 sancti
834 3926 1052 4010 willibrordi,
1088 3927 1144 3992 ubi
1175 3929 1246 4014 ipse
1273 3927 1443 4014 preciosus
1473 3935 1609 3991 sauctus
1638 3947 1775 4012 corpore
1803 3926 1980 4009 requiescit
2007 3923 2059 3988 vel
2087 3923 2143 3989 ubi

440 4044 474 4092 25
496 4027 695 4093 venerabilis
718 4031 769 4094 vir
791 4029 986 4094 Beonradus
1010 4029 1117 4094 abbas
1139 4052 1273 4116 preesse
1295 4031 1435 4113 videtur,
1470 4030 1532 4095 boc
1555 4039 1607 4095 est
1629 4030 1741 4094 villam
1764 4037 1910 4094 nostram
1940 4051 2003 4115 que
2025 4027 2145 4092 dicitur

496 4132 717 4198 Duouendorf
735 4133 770 4199 in
793 4155 880 4220 pago
904 4131 1092 4200 Muslense‘
1112 4157 1211 4221 super
1232 4134 1333 4199 fluvio
1358 4133 1505 4215 Gandra,
1541 4156 1638 4219 quam
1669 4131 1833 4199 Geraldus
1862 4140 2003 4196 vassus8
2032 4140 2144 4196 noster

495 4257 600 4321 usque
621 4259 710 4302 nunc
733 4260 792 4323 per
814 4237 1010 4303 beneficium
1032 4248 1182 4304 nostrum
1198 4239 1312 4320 tenuit,
1337 4238 1518 4305 cumomni
1541 4238 1728 4324 integritate
1753 4259 1814 4301 sua
1837 4235 1880 4300 ad
1903 4258 1938 4302 se
1961 4237 2144 4321 pertinente

493 4339 547 4404 vel
571 4341 749 4426 aspiciente
773 4341 998 4429 donatumque
1022 4343 1065 4408 ad
1087 4345 1196 4430 ipsum
1221 4354 1371 4410 sanctum
1395 4343 1504 4408 locum
1528 4342 1776 4424 essevolumus,
1800 4340 1901 4405 idest
1922 4341 2046 4426 inipso
2069 4339 2143 4405 loeo

494 4466 567 4509 cum
592 4448 689 4510 terris
713 4446 865 4512 domibus
889 4447 1027 4513 edificiis
1050 4449 1175 4514 mansis
1198 4450 1369 4535 mancipiis
1393 4446 1587 4516 curtilibush
1611 4448 1737 4533 campis
1761 4446 1852 4510 silvis
1881 4446 1984 4531 pratis
2007 4445 2142 4530 pascuis

439 4565 473 4614 30
496 4551 592 4634 aquis
608 4571 811 4636 aquarumve
828 4550 1023 4617 decursibus
1039 4552 1217 4618 mobilibus
1234 4563 1267 4618 et
1281 4552 1504 4618 immobilibus
1520 4552 1684 4617 adiunctis
1697 4550 1911 4637 appendiciis,
1935 4558 1971 4613 ut
1987 4550 2143 4631 diximus,

495 4662 602 4719 totum
626 4664 659 4719 et
681 4655 726 4721 ad
748 4657 922 4740 integrum,
957 4657 1119 4722 tradimus
1142 4656 1185 4721 ad
1215 4658 1324 4743 ipsum
1347 4656 1583 4721 monasterium
1613 4678 1633 4719 a
1655 4654 1708 4719 die
1731 4665 1881 4740 presente
1909 4653 2144 4741 perpetualiter

496 4757 539 4822 ad
556 4757 804 4844 possidendum.
831 4759 1008 4845 Propterea
1023 4758 1109 4825 hanc
1125 4762 1370 4847 preceptionem
1394 4759 1601 4824 auctoritatis
1618 4769 1729 4824 nostre
1751 4758 1960 4824 conscribere
1977 4759 2143 4839 iussimus,

496 4885 555 4948 per
578 4884 678 4948 quam
702 4865 833 4929 omnino
859 4873 1003 4929 statuere
1020 4865 1233 4947 decrevimus,
1256 4875 1294 4929 ut
1309 4863 1417 4929 nullus
1442 4863 1600 4950 quislibet
1616 4863 1656 4928 de
1678 4861 1856 4927 heredibus
1880 4862 2001 4926 nostris
2025 4881 2086 4925 nec
2104 4859 2143 4924 de

495 4967 667 5033 iudiciaria
690 4976 855 5054 potestate
878 4968 931 5033 vel
954 4967 995 5033 de
1019 4976 1112 5053 parte
1134 4969 1205 5033 fisci
1227 4969 1332 5033 nostri
1348 4991 1409 5034 nec
1434 4967 1579 5054 quelibet
1602 4988 1743 5052 persona
1760 4966 1800 5031 de
1824 4965 1972 5050 predicta
1995 4963 2075 5028 villa
2091 4962 2142 5027 vel

439 5085 473 5134 35
496 5071 651 5158 quicquid
673 5073 717 5136 ad
733 5095 805 5137 eam
829 5074 949 5158 aspicit
964 5073 1112 5159 predicto
1136 5073 1210 5138 loco
1233 5073 1285 5137 vel
1308 5072 1480 5138 monacbis
1502 5071 1625 5136 ibidem
1649 5068 1907 5136 consistentibus
1933 5065 2138 5154 [inquietare]

494 5197 556 5239 nee
585 5184 702 5240 contra
730 5177 870 5241 rationis
899 5176 1048 5242 ordinem
1077 5177 1129 5242 vel
1160 5177 1382 5263 calumpniam
1411 5198 1570 5260 generare
1599 5176 1774 5262 quisquam
1803 5181 1981 5259 presumat,
2019 5171 2078 5236 sed
2100 5169 2144 5235 ab

495 5278 654 5345 hodierna
677 5280 730 5346 die
752 5290 898 5346 rectores
921 5281 1026 5367 ipsius
1050 5280 1190 5346 ecclesie
1212 5280 1367 5363 habeant,
1403 5289 1536 5345 teneant
1558 5289 1658 5364 atque
1681 5276 1876 5364 possideant
1899 5272 2143 5360 perpetualiter.

497 5384 614 5468 <Hanc
636 5383 867 5467 donationem)
894 5407 993 5450 manu
1017 5385 1153 5472 propria
1176 5393 1209 5449 et
1231 5384 1331 5451 anulo
1354 5393 1468 5449 nostro
1493 5384 1649 5449 iussimus
1675 5381 1830 5467 sigillare.

597 5521 734 5589 Actum¹
755 5533 914 5611 regnante
935 5525 1072 5592 Karolo.

438 5728 473 5776 ⁴0
573 5727 631 5784 184.
650 5729 672 5794 l)
690 5744 736 5782 cm
748 5728 921 5785 Zeilessraml
933 5730 1029 5785 Raram
1045 5729 1097 5796 fslr
1109 5745 1131 5782 c.
1144 5731 1162 5782 3
1174 5728 1355 5783 Bucbstaben
1367 5727 1425 5794 fres'
1441 5727 1568 5797 celassent
1638 5727 1676 5794 nr)
1693 5731 1816 5779 auctores
1834 5729 1919 5793 ipsius
1932 5728 2107 5780 ecclesiarum
2120 5725 2147 5780 B

648 5800 677 5865 n)
695 5800 795 5851 abeant
812 5798 839 5852 Β
925 5801 952 5867 o)
969 5803 1030 5867 ipsa
1047 5800 1163 5851 ecclesia
1180 5798 1208 5852 B
1294 5799 1322 5866 p)
1339 5806 1400 5866 post
1416 5796 1452 5850 B.

570 5919 631 5976 ltu
649 5921 676 5985 a)
694 5920 740 5974 die
756 5920 883 5985 Initicle,
901 5921 951 5987 seir
964 5921 1011 5974 die
1023 5921 1118 5974 Reum
1135 5921 1193 5988 [rei
1204 5921 1331 5990 pelassos
1349 5919 1455 5981 warde,
1474 5919 1551 5974 nielli
1563 5917 1743 5988 einpetrapen
1811 5918 1839 5982 b)
1858 5920 1980 5985 quicquit
1992 5918 2028 5981 B,
2047 5917 2145 5970 ebensc

649 5991 681 6042 Ζ.
693 5994 730 6043 35
798 5992 826 6058 e)
841 5991 1113 6043 veladhcnoremB
1182 5992 1211 6058 d)
1227 5995 1328 6044 sanctis
1341 5995 1414 6043 stult
1426 5991 1476 6041 hoc
1495 5987 1613 6042 nobisB
1631 5988 1682 6041 wie
1699 5988 1731 6040 in
1743 5999 1777 6040 πθ
1790 5991 1844 6040 186
1913 5991 1939 6053 c)
1957 5988 2106 6039 stabilitate
2120 5986 2147 6038 B

647 6061 761 6126 flccrr.
780 6075 834 6114 aas
851 6061 986 6112 Mullensa
1073 6061 1101 6126 g)
1119 6063 1209 6112 iussus
1226 6059 1254 6113 B
1340 6060 1370 6126 h)
1386 6061 1491 6111 curtilis
1509 6058 1537 6112 B
1623 6060 1644 6126 i)
1662 6057 1791 6111 darsracls
1809 6073 1880 6108 anuo
1898 6055 2004 6127 periret.

536 6161 776 6214 Kaisarurlmnden
797 6164 819 6213 1.
1942 6161 1976 6209 32
