5642 7159
671 728 733 793 194
1272 729 1715 790 KAIsuRURKunnaN.

667 918 840 984 beatorum
863 915 1089 1003 apostolorum
1116 913 1274 1000 principis
1295 915 1399 996 Petri,
1430 935 1489 1000 pro
1518 914 1679 980 mercedis
1708 923 1823 1000 nostre
1849 925 2026 1002 augmento
2054 915 2108 981 vel
2135 915 2315 981 stabilitate

667 1023 759 1108 regni
788 1021 892 1086 nostri
921 1021 982 1085 visi
1012 1019 1135 1083 fuimus
1163 1017 1371 1084 condonasse
1399 1027 1499 1103 atque
1526 1017 1560 1082 in
1591 1017 1743 1083 omnibus
1773 1020 1992 1102 concessisse,
2021 1018 2056 1085 id
2085 1029 2137 1084 est
2165 1021 2199 1084 in
2228 1041 2315 1104 pago

668 1126 917 1193 Austrasiorum
939 1147 999 1211 per
1021 1123 1151 1188 diversa
1174 1122 1258 1204 loca,
1288 1131 1588 1209 quantumcumque
1611 1123 1645 1187 in
1668 1123 1849 1187 ministerio
1873 1121 2054 1188 Rabancne
2077 1133 2110 1188 et
2132 1121 2316 1208 Swiggario

667 1230 721 1295 vel
737 1228 924 1315 Agilgaudo
949 1228 1068 1294 exinde
1084 1227 1203 1293 adesse
1225 1227 1366 1308 videtur,
1388 1225 1434 1291 ad
1450 1225 1613 1311 prefatam
1636 1225 1813 1310 ecclesiam
1836 1226 1997 1292 tradimus
2020 1225 2257 1314 perpetualiter
2273 1227 2317 1293 ad

668 1333 905 1420 possidendum
929 1355 1004 1397 cum
1027 1332 1123 1398 terris
1145 1329 1306 1416 ecclesiis,
1331 1352 1406 1395 curn
1430 1351 1544 1394 eorum
1568 1330 1769 1396 ornamentis
1792 1352 1873 1395 auro
1898 1330 2024 1396 scilicet
2046 1339 2080 1395 ct
2101 1340 2239 1417 argento
2261 1331 2314 1396 vel
2338 1346 2354 1394 5

668 1438 742 1503 aliis
765 1436 937 1523 speciebus
953 1435 1133 1517 codicibus,
1158 1435 1309 1500 domibus
1332 1433 1469 1518 edificiis
1485 1434 1659 1519 mancipiis
1676 1433 1798 1499 accolis
1821 1435 1926 1499 vineis
1943 1434 2033 1500 silvis
2056 1436 2183 1521 campis
2198 1436 2315 1522 pratis,

667 1544 763 1626 aquis
790 1563 990 1628 aquarumve
1019 1539 1213 1606 decursibus
1236 1547 1269 1604 et
1290 1537 1478 1604 incursibus
1510 1536 1686 1604 mobilibus
1721 1548 1754 1603 ct
1781 1537 2021 1641 immobilibus,
2056 1539 2212 1625 gregibus
2241 1561 2316 1604 cum

667 1646 869 1733 pastoribus,
899 1644 1056 1733 quioquid
1080 1645 1145 1711 dici
1169 1655 1227 1711 aut
1249 1645 1410 1710 nominari
1434 1652 1553 1730 potest,
1582 1653 1688 1708 totum
1711 1652 1744 1708 et
1766 1642 1809 1708 ad
1832 1644 1995 1728 integrum
2017 1643 2108 1730 ipsas
2131 1666 2195 1726 res,
2232 1646 2316 1709 sicut

669 1752 819 1838 superius
841 1750 1075 1834 intimavimus,
1099 1771 1182 1836 quas
1205 1748 1405 1814 venerabilis
1428 1749 1478 1813 vir
1500 1747 1617 1812 Lullus
1641 1746 1910 1834 archiepiscopus
1938 1747 2024 1813 infra
2046 1747 2112 1812 ista
2134 1749 2316 1814 ministeria

666 1857 790 1922 inserta
806 1854 957 1940 superius
974 1852 1069 1919 nobis
1085 1855 1178 1917 visus
1195 1853 1257 1917 fuit
1275 1852 1492 1936 condonasse,
1509 1851 1554 1934 ad
1570 1851 1708 1918 eundem
1728 1860 1879 1917 sanctum
1896 1850 2005 1916 locum
2024 1851 2195 1934 donamus,
2214 1851 2311 1917 tradi·
2337 1871 2369 1920 ιο

668 1982 741 2025 mus
764 1967 864 2044 atque
879 1958 914 2022 in
931 1955 1081 2022 omnibus
1096 1956 1259 2022 indultum
1275 1978 1350 2021 esse
1372 1955 1525 2021 volumus
1541 1965 1684 2040 excepta
1706 1954 1847 2040 ecclesia
1862 1977 1928 2020 una
1949 1956 1983 2020 in
1998 1955 2078 2022 villa
2094 1979 2156 2042 que
2179 1966 2316 2021 vocatur

667 2059 862 2144 Martdorfd,
886 2081 986 2147 quam
1008 2068 1107 2126 antea
1129 2059 1254 2142 habuit,
1278 2058 1374 2124 nobis
1397 2059 1609 2125 condonavit.
1633 2060 1772 2146 Insuper
1793 2081 1871 2125 vero
1894 2059 2056 2126 derebus
2080 2061 2315 2146 suprascriptis

667 2166 832 2247 volumus,
855 2173 893 2230 ut
914 2163 1019 2230 abbas
1043 2165 1169 2250 prefate
1192 2164 1330 2249 ecclesie
1346 2163 1478 2247 habeat,
1502 2173 1614 2230 teneat
1636 2174 1736 2251 atque
1751 2164 1932 2251 possideat,
1955 2175 1991 2230 ut
2006 2165 2127 2231 nostris
2148 2175 2181 2230 ct
2196 2165 2315 2232 futuris

667 2267 870 2355 temporibus
887 2267 931 2333 ad
953 2269 1061 2354 ipsum
1085 2277 1236 2334 sanctum
1252 2268 1362 2333 locum
1384 2267 1559 2353 proficiant
1580 2269 1613 2333 in
1630 2270 1826 2352 augmentis,
1851 2279 2013 2355 quatenus
2037 2270 2153 2336 melius
2176 2269 2316 2337 delectet

666 2375 775 2460 ipsam
798 2372 1087 2458 congregationem
1103 2392 1162 2457 pro
1187 2369 1282 2436 nobis
1299 2393 1470 2457 uxoreque
1492 2381 1607 2438 nostra
1622 2381 1655 2438 et
1676 2372 1753 2438 filiis
1769 2373 1889 2439 nostris
1913 2373 2035 2439 domini
2056 2373 2313 2440 misericordiam
2339 2389 2370 2440 ι5

667 2476 826 2542 attentius
848 2496 997 2541 exorare.
1044 2475 1088 2539 Et
1110 2483 1147 2539 ut
1167 2473 1229 2558 hec
1252 2474 1387 2540 traditio
1410 2484 1510 2562 atque
1533 2476 1739 2542 confirmatio
1769 2478 1892 2543 nostris
1916 2486 1948 2543 et
1970 2478 2090 2543 futuris
2113 2477 2316 2564 temporibus

666 2580 791 2646 firmior
812 2580 864 2653 sit,
887 2599 1004 2644 manus
1026 2588 1138 2664 nostre
1162 2577 1460 2664 subscriptionibus
1484 2579 1597 2645 subter
1620 2602 1693 2647 eam
1718 2580 1925 2647 decrevimus
1947 2580 2117 2647 roborare.

769 2716 863 2783 Rado
885 2715 987 2802 relegi
1010 2724 1058 2781 et.
1072 2763 1080 2779 .
1093 2723 1122 2780 .·

769 2854 860 2919 Data
880 2871 935 2918 1111
955 2876 1031 2919 non.
1054 2852 1112 2920 iul.
1135 2875 1221 2919 anno
1245 2871 1323 2918 11111
1346 2864 1466 2920 etv111
1489 2856 1582 2940 regni
1604 2857 1724 2940 nostri;
1760 2866 1871 2924 actum
1896 2857 2017 2940 Duria3
2053 2859 2088 2924 in
2111 2857 2163 2924 dei
2185 2859 2315 2924 nomine

666 2958 807 3025 feliciter
829 2979 934 3024 amen.
2336 2978 2371 3027 ao

1454 3239 1541 3314 143.

664 3393 760 3465 Korl
786 3395 850 3466 der
881 3392 1009 3466 Grosse
1043 3393 1200 3486 destdtipt
1232 3396 1297 3467 der
1322 3397 1455 3470 Kirote
1487 3421 1554 3470 oon
1580 3397 1735 3490 Spcier
1768 3401 1823 3472 die
1855 3399 2056 3495 lislossnnp
2088 3403 2315 3478 555153οαί-

665 3514 828 3607 adpoden.

1367 3621 1529 3697 Haribergo
1552 3623 1675 3699 publico,
1700 3625 1749 3684 nbi
1771 3626 1875 3702 Lippia
1897 3628 2016 3689 confluit
2039 3632 2108 3690 782
2125 3629 2195 3689 Jnls'
2216 3633 2269 3691 25.

768 3807 935 3869 Gtortnlor
956 3807 1041 3887 (God.
1065 3808 1176 3888 minor)
1199 3827 1257 3870 oua
1279 3811 1345 3870 dem
1367 3812 1526 3872 15555555
1549 3817 1600 3873 13.
1625 3813 1677 3874 Jls.
1703 3808 1797 3887 n21'
1821 3817 1837 3876 b
1862 3815 1927 3896 (B).
1950 3849 1992 3864 -
2015 3819 2104 3880 Libri
2126 3820 2244 3895 oblinat.
2261 3821 2312 3881 des
2335 3835 2368 3884 aa

768 3916 820 3974 15.
836 3913 890 3973 Jls.
914 3913 1142 3992 (cessurusne
1156 3921 1191 3973 n⁰
1203 3914 1281 3992 255)
1297 3917 1318 3973 3
1341 3914 1365 3988 f.
1384 3909 1418 3975 θ’
1439 3913 1497 3994 (G),
1521 3916 1604 3976 beide
1625 3918 1668 3975 im
1687 3917 2049 3983 Gonnoi-Londesorehs'o
2069 3941 2111 3982 sss
2133 3925 2311 3985 Korlsrsslsc.

767 4049 808 4060 -
831 4016 942 4090 Apoyr.
966 4017 1039 4090 dipl.
1063 4017 1127 4077 eccl.
1153 4016 1235 4091 Spir.
1259 4018 1308 4077 des
1335 4021 1382 4078 18.
1408 4019 1461 4079 Jn.
1486 4037 1542 4079 ans
1564 4020 1890 4084 Notariutstronssssmt
1916 4028 1950 4084 in
1972 4027 2027 4087 Hs.
2052 4029 2138 4088 9787
2160 4027 2185 4100 Ῑ.
2208 4032 2229 4088 3
2259 4028 2312 4086 der

764 4117 988 4192 Hostibliotlset
1009 4122 1043 4180 in
1073 4123 1159 4183 Wien
1182 4120 1251 4201 (E).

765 4259 905 4332 Remlinp
933 4259 997 4320 ΠΒ.
1020 4278 1077 4318 oon
1099 4259 1210 4336 spero
1232 4267 1262 4332 1,
1287 4267 1306 4322 1
1328 4268 1398 4324 n⁰6
1421 4281 1477 4322 aas
1501 4265 1539 4323 B.
1562 4294 1604 4306 —
1628 4266 1825 4326 Manuaria
1839 4269 1910 4342 Rea.
1933 4271 1999 4328 251
2022 4268 2122 4349 (215).

770 4396 893 4470 Vorlooe
914 4397 962 4456 die
982 4397 1125 4458 Urlrnnde
1140 4398 1323 4460 Ghilderielss
1338 4403 1381 4460 II
1389 4401 1433 4462 M.
1455 4401 1491 4462 G.
1511 4402 1778 4466 8125155527
1790 4411 1826 4463 n⁰
1837 4409 1890 4477 28,
1912 4424 2003 4481 repen
2024 4408 2073 4467 die
2094 4411 2170 4468 anch
2193 4407 2312 4482 fornell
2333 4423 2367 4474 30

765 4499 1026 4580 (5915555130)
1055 4503 1123 4561 luein
1145 4503 1306 4563 Bedenken
1334 4507 1469 4579 vorlieot,
1505 4506 1552 4564 die
1580 4507 1707 4566 soehls'els
1735 4511 1769 4566 irs
1798 4511 1880 4568 einer
1902 4510 2076 4587 Sebenksmp
2106 4512 2156 4572 des
2179 4513 2312 4587 Herscps

676 4589 679 4593 ¹
764 4603 907 4675 Lintsrid
935 4623 976 4663 an
1003 4604 1057 4664 dos
1087 4607 1210 4665 chster
1243 4609 1452 4682 Weissenbnrp
1480 4613 1569 4669 nrner
1597 4611 1656 4670 Aur
1685 4612 1810 4671 1215515
1838 4613 2050 4692 (730-789).·
2083 4619 2116 4676 ut
2141 4634 2232 4693 neque
2259 4634 2312 4678 nos

766 4726 858 4784 neque
886 4710 1012 4771 iuniores
1034 4713 1127 4771 nostri
1157 4730 1250 4788 neque
1271 4713 1347 4773 freta
1375 4731 1467 4791 neque
1490 4715 1587 4775 stnaia
1615 4733 1668 4776 nec
1691 4717 1852 4779 haribanno
1881 4719 2078 4796 nullumquam
2101 4723 2227 4797 tempore
2253 4739 2311 4782 non

766 4814 960 4890 requiramus,
994 4816 1088 4874 Zenss
1119 4817 1209 4874 Trod.
1246 4817 1435 4890 Wiaenbnry.
1463 4821 1505 4878 20
1533 4825 1569 4875 n⁰
1588 4822 1646 4889 12,
1685 4821 1749 4877 eine
1778 4821 1921 4881 indirecte
1948 4823 2175 4897 Beplonbr‘pnny
2203 4823 2312 4898 finde,-

765 4917 839 4976 ouer
867 4917 964 4977 stnaia
993 4917 1120 4995 (stophe)
1150 4919 1295 4979 Brnnner
1321 4921 1393 4982 RG.
1417 4922 1447 4992 2,
1473 4925 1545 4992 235,
1575 4923 1649 4980 ather·
1675 4924 1849 4985 heribannus
1879 4918 1975 4986 Siclrel
2003 4926 2098 4986 Beitr.
2121 4945 2148 4988 s.
2172 4927 2256 5001 Dipl.
2287 4929 2364 4990 Vae

768 5022 885 5079 Wiener
908 5023 968 5080 SB.
993 5026 1044 5094 49,
1068 5025 1142 5082 857.
1187 5022 1295 5082 Domit
1317 5026 1357 5083 ist
1387 5026 1464 5084 oncis
1487 5026 1535 5085 die
1557 5027 1754 5100 Bestdtipnnp
1777 5028 1869 5088 Korls
1894 5030 1922 5088 d.
1949 5029 2019 5102 Gn,
2052 5031 2100 5090 die
2129 5031 2174 5090 uls
2197 5034 2311 5105 einrico

771 5125 946 5198 Verleilranp
969 5126 1067 5185 dieser
1088 5125 1148 5185 Art
1170 5143 1227 5186 aas
1255 5127 1307 5185 der
1328 5130 1421 5187 Reiire
1444 5130 1496 5188 der
1518 5130 1649 5189 anderen
1677 5131 1839 5191 Urlrnnden
1866 5135 1947 5204 tritt,
1983 5135 2048 5192 dem
2076 5133 2218 5194 Verdoelrt
2246 5139 2308 5195 ent·

764 5229 867 5302 ractt5
889 5231 966 5288 ench
988 5231 1037 5289 die
1057 5229 1316 5302 Unbelsilfls'clskeit
1339 5233 1392 5290 der
1415 5233 1578 5304 Latinitat,
1603 5234 1650 5292 die
1674 5236 1723 5292 ein
1744 5239 1879 5307 spurerer
1901 5236 2043 5296 Fulscter
2062 5239 2142 5296 nicht
2165 5239 2311 5298 sustando

762 5335 900 5406 petrochi
922 5335 1016 5405 lette,
1047 5335 1095 5393 die
1116 5336 1306 5408 seiryemmse
1328 5335 1517 5397 Ansdrnclrs-
1539 5339 1604 5396 und
1626 5339 1820 5397 Fehlerweise
1846 5341 1988 5412 sprechen
2010 5341 2161 5402 darcheca
2184 5341 2241 5416 fstr
2262 5343 2311 5403 die

764 5437 898 5496 Eebtlreit
921 5439 1004 5513 (enm
1027 5439 1178 5497 Nechesia
1200 5440 1253 5496 der
1274 5439 1395 5512 Arenpo
1417 5441 1472 5514 sul.
1497 5443 1542 5500 Μ,
1570 5441 1606 5501 G.
1630 5441 1701 5502 DD.
1727 5442 1848 5502 Merow.
1872 5446 1914 5502 78
1935 5450 1970 5502 n⁰
1989 5448 2045 5517 89,
2085 5446 2155 5507 Urio.
2178 5447 2307 5520 Pippins
2330 5463 2364 5511 ⁴0

762 5546 797 5598 n⁰
809 5543 864 5611 20,
887 5541 981 5600 Koria
1004 5542 1033 5600 d.
1060 5543 1113 5602 Gr.
1136 5546 1236 5614 5151,
1262 5545 1312 5614 67,
1335 5562 1376 5603 an
1398 5563 1449 5620 pro
1466 5545 1603 5606 mercedis
1619 5546 1807 5623 conpendium
1831 5547 1876 5607 M.
1897 5547 1933 5608 G.
1951 5548 2022 5610 DD.
2040 5551 2162 5609 Meron.
2180 5556 2231 5622 17,
2256 5555 2307 5622 18,

764 5647 807 5704 72
832 5650 867 5702 n⁰
885 5648 936 5716 15,
960 5648 1011 5714 58,
1036 5648 1088 5724 81,
1118 5645 1220 5706 Fcrm.
1245 5647 1390 5721 Marcelli
1411 5649 1438 5720 Ι,
1466 5653 1498 5720 2,
1528 5669 1569 5708 en
1597 5669 1648 5726 pro
1677 5651 1875 5727 compendium
1903 5653 1997 5713 anime
2019 5656 2116 5714 nostre
2144 5656 2182 5714 il).
2207 5653 2308 5734 Ι,1);

763 5763 842 5819 oona
864 5747 1084 5820 anuewolrnlr'cls
1110 5750 1150 5807 ist
1179 5750 1232 5807 der
1253 5751 1416 5811 Anadruclr
1444 5753 1580 5813 scelerum
1603 5757 1750 5828 remissi03
1789 5757 1837 5816 die
1859 5761 1997 5819 narratio
2025 5760 2078 5819 der
2104 5760 2247 5821 Urlrssnde
2269 5763 2308 5822 s‘st

764 5851 856 5909 daret
877 5851 1117 5912 Unochtscmlreit
1132 5852 1182 5911 des
1198 5853 1350 5915 Dictatore
1366 5857 1437 5917 oder
1452 5859 1530 5916 eines
1545 5858 1754 5922 Abselsreibers
1777 5862 1864 5936 sollio
1885 5880 1942 5923 ons
1965 5864 2030 5923 dem
2049 5865 2163 5926 Gelcise
2175 5869 2306 5939 cerotem

737 6034 796 6089 142.
816 6037 844 6102 d)
862 6041 875 6087 t
892 6035 959 6090 ater
977 6035 1027 6090 der
1039 6037 1114 6092 Zes’le
1132 6054 1186 6092 voss
1202 6038 1320 6107 pleieher
1338 6041 1431 6094 Hand
1448 6041 1655 6112 rsncbpstrcpen
1758 6047 1784 6109 e)
1801 6045 1872 6112 elegi
1890 6061 1950 6098 eam
1970 6045 1998 6100 O.
2330 6047 2364 6096 15
