5642 7159
711 793 772 860 176
1312 798 1756 859 Kslssuuuuuunsu.

811 986 976 1047 Formalar
997 1009 1039 1041 =
1061 992 1096 1045 n⁰
1119 989 1192 1047 114.
1216 1017 1258 1029 -
1289 984 1540 1046 Wahrecher'alr'ch
1562 985 1642 1059 lieet,
1672 986 1711 1046 da
1734 989 1782 1046 eia
1805 986 1986 1061 Aufenthalt
2007 1007 2049 1048 au
2072 990 2195 1050 Heretal
2217 993 2259 1050 im
2282 991 2356 1066 Sep-

811 1094 921 1152 tember
943 1093 1007 1152 778
1029 1092 1120 1152 haum
1142 1092 1348 1150 amuaehmea
1368 1091 1418 1162 iet,
1452 1090 1642 1165 Verderbuao
1670 1090 1724 1150 der
1748 1092 1824 1152 Zahl
1851 1093 1901 1152 des
1928 1092 2134 1153 italienischea
2156 1095 2356 1170 8297222292-

804 1196 909 1268 jahree
924 1195 950 1255 V
965 1198 1038 1254 etatt
1053 1195 1094 1255 VI
1110 1217 1151 1248 =
1168 1197 1230 1254 779
1254 1211 1316 1265 aar,
1339 1195 1467 1268 weaiyer
1489 1195 1730 1255 wahrsoheinh'ch
1752 1197 1792 1255 r'st
1813 1200 1892 1256 trote
1913 1196 1967 1256 der
1985 1197 2146 1257 Oleichher't
2161 1198 2214 1258 der
2229 1199 2356 1261 321222-

812 1299 902 1359 daton
916 1299 981 1358 aad
996 1299 1046 1358 dee
1061 1296 1270 1358 Aruetellortee
1291 1299 1347 1357 mit
1361 1304 1396 1355 a⁰
1411 1302 1473 1360 121
1498 1300 1687 1375 Verderbaap
1702 1300 1752 1360 des
1767 1300 2014 1361 Moaatsoameas
2036 1300 2130 1361 durch
2146 1302 2202 1361 den
2220 1303 2358 1377 Copisten

812 1404 869 1478 aql.
892 1403 969 1463 auch
989 1402 1186 1464 Mdhlbacher
1208 1404 1227 1465 l.
1251 1420 1274 1464 c.
2309 1393 2313 1400 ’
2380 1419 2397 1468 c

810 1589 957 1657 Kerolus
980 1593 1087 1678 gratia
1112 1591 1164 1657 dei
1186 1614 1247 1657 rex
1269 1590 1473 1656 Francorum
1497 1600 1530 1656 et
1553 1589 1853 1676 Langobardorum
1876 1611 1916 1655 ac
1939 1593 2098 1678 patricius
2121 1592 2357 1658 Romanorum.

812 1695 848 1762 Si
870 1697 966 1761 iustis
988 1696 1201 1783 petitionibus
1225 1695 1435 1761 sacerdotum
1457 1695 1509 1761 vel
1534 1717 1703 1761 servorum
1727 1695 1778 1760 dei
1798 1695 1912 1760 libenti
1935 1697 2044 1762 animo
2062 1696 2270 1780 obaudimus,
2294 1697 2358 1762 hoc

709 1799 804 1865 nobis
827 1799 871 1865 ad
893 1800 1079 1866 mercedem
1101 1799 1155 1865 vel
1179 1799 1392 1866 stabilitatem
1421 1800 1513 1885 regni
1536 1800 1640 1866 nostri
1669 1801 1703 1865 in
1726 1799 1779 1865 dei
1802 1800 1934 1866 nomine
1963 1803 2128 1886 pertinere
2151 1801 2357 1868 confidimus.

710 1905 854 1990 Ideoque
869 1914 985 1970 notum
1001 1905 1044 1970 sit
1059 1905 1205 1969 omnium
1221 1903 1366 1969 fidelium
1389 1914 1581 1969 nostrorum
1596 1903 1823 1989 magnitudini,
1848 1903 1988 1991 qualiter
2003 1925 2065 1969 nos
2088 1914 2223 1992 propter
2237 1926 2358 1972 nomen

710 2008 833 2075 domini
867 2018 901 2073 et
928 2009 1036 2092 anime
1065 2016 1176 2092 nostre
1211 2007 1350 2072 salutem
1380 2007 1540 2072 donamus
1573 2006 1618 2072 ad
1650 2009 1885 2073 monasterium
1915 2017 2105 2075 sanctornm
2128 2009 2355 2096 apostolorum
2381 2027 2413 2075 ιο

711 2110 865 2198 Symcnis
887 2121 987 2198 atque
1008 2111 1138 2186 Tatbei,
1167 2110 1256 2199 quod
1280 2121 1333 2176 est
1355 2113 1454 2176 situm
1477 2133 1576 2197 super
1597 2111 1732 2177 fluvium
1755 2111 1897 2178 Fuldam
1920 2115 1953 2177 in
1976 2133 2064 2198 pago
2080 2113 2277 2198 Humerum,
2300 2113 2358 2180 ubi

710 2216 906 2283 venerabilis
929 2217 981 2282 vir
1003 2216 1119 2282 Lullus
1142 2219 1320 2303 episcopus
1335 2226 1445 2282 rector
1467 2238 1600 2303 preesse
1615 2214 1754 2298 videtur,
1779 2216 2003 2302 donatumque
2017 2217 2051 2281 in
2074 2226 2267 2304 perpetuum
2285 2240 2359 2284 esse

710 2323 861 2388 volumus
884 2345 1033 2389 mansum
1066 2323 1193 2389 scilicet
1215 2322 1451 2389 dominicatum
1482 2325 1515 2387 in
1539 2322 1613 2388 loco
1637 2323 1692 2409 qui
1721 2321 1841 2386 dicitur
1864 2320 2011 2404 Oulatha,
2047 2321 2105 2387 ubi
2132 2323 2204 2408 ipse
2237 2321 2359 2388 fluvius

709 2427 847 2503 confluit
867 2428 902 2492 in
924 2427 1077 2510 Fuldam,
1107 2449 1203 2513 quem
1227 2427 1376 2508 Humum,
1406 2425 1493 2492 filius
1518 2425 1691 2508 (lethardi,
1718 2427 1823 2491 tenuit
1846 2424 1933 2490 infra
1956 2423 2074 2490 silvam
2097 2425 2302 2491 Buchoniam
2325 2438 2360 2493 et

711 2531 908 2598 incircuitu
935 2533 1041 2620 ipsius
1063 2534 1170 2599 mansi
1198 2535 1231 2598 in
1259 2553 1527 2618 unamquamque
1549 2539 1677 2616 partem
1706 2529 1747 2594 de
1770 2528 1855 2593 silva
1883 2527 2022 2614 leugas·
2044 2528 2126 2595 duas
2157 2551 2197 2595 ea
2218 2533 2357 2606 ratione,
2384 2547 2415 2596 15

711 2646 748 2700 ut
770 2635 812 2701 ab
835 2635 899 2701 hac
927 2636 1083 2724 dispare
1112 2637 1215 2723 ipsius
1238 2636 1428 2703 monasterii
1458 2635 1499 2701 de
1522 2633 1669 2721 predicto
1692 2654 1808 2698 manso
1836 2642 1869 2697 et
1892 2631 1989 2706 silva,
2021 2632 2178 2719 quicquid
2200 2632 2360 2719 elegerint

712 2740 914 2824 faciendum,
946 2740 988 2806 ab
1011 2740 1170 2807 hodierno
1195 2740 1248 2806 die
1270 2740 1374 2807 libero
1396 2741 1431 2806 in
1456 2739 1606 2805 omnibus
1630 2739 1841 2825 perfruantur
1864 2737 2017 2812 arbitrio,
2050 2747 2212 2823 quatenus
2234 2741 2359 2805 nostris

712 2854 745 2909 et
767 2843 886 2909 futuris
914 2844 1117 2930 temporibus
1147 2845 1279 2910 domino
1308 2844 1487 2909 adiuvante
1516 2842 1559 2908 ad
1586 2845 1694 2928 ipsum
1723 2852 1874 2909 sanctum
1902 2842 2012 2909 locum
2043 2842 2195 2929 proficiat
2223 2845 2257 2907 in
2280 2865 2359 2930 aug·

711 2949 829 3014 mentis
852 2958 885 3013 et
906 2957 943 3013 ut
964 2947 1081 3014 melius
1107 2948 1247 3014 delectet
1269 2948 1377 3034 ipsam
1393 2949 1685 3032 congregationem
1707 2968 1765 3033 pro
1782 2945 1878 3012 nobis
1902 2968 2072 3034 uxoreque
2087 2956 2203 3012 nostra
2218 2957 2251 3012 et
2266 2947 2360 3032 prole

712 3054 813 3118 etiam
835 3052 958 3118 domini
981 3052 1242 3118 misericordiam
1264 3053 1424 3117 attentius
1446 3072 1597 3116 exorare.
1641 3050 1685 3115 Et
1707 3059 1745 3114 ut
1766 3049 1827 3134 hec
1850 3053 2018 3136 preceptio
2046 3051 2169 3116 firmior
2195 3049 2361 3118 habeatur
2383 3070 2417 3121 ιο

711 3157 765 3223 vel
794 3157 957 3223 diuturnis
984 3157 1186 3244 temporibus
1214 3156 1330 3222 melius
1360 3165 1588 3239 conservetur,
1618 3177 1719 3220 manu
1747 3155 1880 3240 propria
1909 3153 2022 3220 subter
2051 3175 2125 3220 eam
2154 3152 2360 3221 decrevimus

711 3262 878 3328 roborare.

813 3417 964 3505 Wigbalt
985 3419 1138 3485 advicem
1160 3417 1308 3484 Redonis
1329 3417 1518 3503 recognovi.

813 3558 906 3622 Data
920 3574 985 3622 vm
1007 3556 1074 3622 kal.
1092 3566 1155 3622 oct.
1179 3578 1266 3622 anno
1282 3575 1319 3620 xl
1342 3566 1412 3623 etv
1436 3557 1528 3643 regni
1551 3557 1673 3640 nostri3
1695 3563 1807 3620 actum
1832 3553 2038 3622 Herstalliol'
2061 3555 2186 3642 palatio
2210 3555 2360 3642 publico;

711 3665 744 3728 in
769 3662 821 3728 dei
843 3661 974 3727 nomine
997 3661 1137 3726 feliciter
1158 3683 1264 3727 amen.
2382 3677 2416 3726 25

1499 3955 1586 4030 127.

712 4115 807 4185 Korl
825 4115 889 4186 der
908 4110 1191 4186 Grosse'scheaht
1208 4116 1286 4186 dem
1304 4114 1449 4187 Kloster
1467 4115 1615 4210 Fuldc
1636 4115 1756 4188 Beeitr
1773 4115 1823 4185 im
1845 4114 2053 4207 Wormspcu
2073 4116 2148 4188 aad
2167 4117 2206 4186 iu
2220 4115 2361 4200 Maiae,

712 4239 779 4308 cleu
805 4238 879 4308 seia
913 4235 1082 4308 Getreuer
1113 4236 1222 4307 Other
1247 4260 1313 4308 ooo
1339 4238 1412 4308 ihm
1439 4261 1484 4308 aa
1511 4236 1629 4309 Lehea
1656 4238 1759 4309 butte.

1901 4391 1941 4401 -
1966 4354 2052 4440 [779]
2078 4359 2242 4418 November
2264 4361 2317 4419 13.

818 4547 887 4609 coa.
911 4548 1082 4609 Eberhmdi
1104 4567 1161 4609 aas
1183 4549 1236 4609 der
1259 4550 1350 4608 Mitte
1372 4549 1421 4607 dee
1445 4549 1496 4610 12.
1514 4548 1568 4611 Jh.
1591 4552 1613 4610 2
1636 4548 1659 4622 f.
1678 4553 1722 4610 27
1746 4547 1797 4628 (0)
1821 4545 1979 4609 223127
2003 4546 2065 4625 (0‘)
2088 4549 2131 4607 im
2155 4548 2361 4610 Staatsorchr'o
2384 4562 2419 4613 80

814 4672 856 4713 au
878 4655 1037 4728 Morbum.
1822 4649 1829 4664 ⁸

817 4792 969 4853 Schahaat
987 4787 1077 4853 Trad.
1095 4792 1186 4853 Fuld.
1204 4796 1246 4853 30
1262 4798 1296 4850 ιιο
1310 4795 1353 4853 57
1368 4811 1404 4852 ec
1418 4795 1509 4852 veteri
1526 4810 1627 4867 apocr.
1648 4791 1704 4871 (D)
1722 4815 1762 4848 ::
1786 4793 1888 4866 Miyae
1902 4792 2014 4851 Patrol.
2032 4797 2083 4864 97,
2098 4794 2188 4852 1062
2200 4797 2236 4850 a⁰
2250 4795 2301 4852 14.
2319 4826 2362 4836 -

815 4896 936 4955 Droahe
960 4894 1022 4958 01).
1046 4896 1139 4957 Fuld.
1164 4901 1203 4956 31
1227 4902 1263 4954 a⁰
1276 4901 1318 4957 48
1340 4915 1397 4957 aas
1422 4891 1492 4958 00'.
1517 4932 1558 4941 —
1581 4897 1778 4958 Mhhlbacher
1799 4898 1871 4970 Rea.
1894 4899 1959 4957 224
1984 4895 2085 4976 (218).

817 5035 875 5093 Dr'e
898 5034 1060 5095 bedeatead
1082 5035 1300 5095 oerldeslr'chere
1327 5034 1570 5108 Ueberlieferuaq
1592 5037 1639 5095 bei
1656 5035 1807 5096 schannat
1830 5035 1894 5095 und
1917 5035 1965 5094 die
1980 5034 2172 5106 Abschrtftea
2187 5035 2362 5095 Eberhards

813 5140 905 5214 ychen
927 5139 990 5213 auf
1008 5141 1132 5200 dieselbe
1159 5140 1261 5218 Quelle
1286 5141 1411 5213 aurach,
1440 5140 1511 5199 uber
1531 5140 1621 5210 nicht,
1651 5141 1705 5199 soie
1734 5140 1781 5198 die
1804 5137 2055 5211 Schlussformela
2082 5141 2193 5213 erigor,
2222 5137 2286 5211 auf
2303 5138 2359 5198 dos
2383 5153 2416 5202 ss

820 5243 966 5317 Ordaiaal,
991 5261 1076 5303 werra
1098 5245 1175 5303 auch
1196 5262 1236 5302 ra
1261 5241 1360 5303 Ocea
1382 5245 1465 5302 einer
1486 5242 1579 5301 Hand
1601 5243 1651 5302 dee
1674 5245 1823 5305 11.-15.
1840 5242 1894 5305 Jh.
1911 5242 2038 5302 hemerht
2060 5244 2100 5301 ist
2116 5242 2280 5318 Sigillatum
2302 5245 2359 5303 ost.

816 5350 855 5407 Ia
878 5346 983 5423 cyrae
1006 5349 1166 5408 Eberhard
1189 5349 1245 5408 dea
1269 5349 1342 5408 Tea
1364 5347 1499 5407 riemtioh
1519 5353 1620 5420 petrea
1643 5346 1760 5419 wieder,
1784 5349 1818 5406 ia
1834 5341 1868 5407 θ’
1890 5349 1961 5406 aber
1982 5349 2015 5405 ia
2037 5349 2135 5407 seiher
2156 5348 2251 5408 Weise
2273 5349 2361 5406 bber-

817 5452 940 5511 arbeitct
963 5453 1028 5510 aad
1049 5454 1083 5510 ia
1105 5452 1163 5511 dea
1187 5451 1300 5510 Zahlen
1323 5452 1375 5510 der
1395 5452 1585 5525 geschcnhterr
1607 5453 1736 5511 Mamer
1758 5452 1822 5510 aad
1837 5452 1970 5526 Hdriqerr
1991 5452 2184 5514 ceraacchtet.
2208 5453 2268 5511 Die
2284 5452 2360 5512 Eia·

818 5557 976 5629 schiebaoo
1004 5556 1055 5615 des
1083 5554 1440 5630 Bearhaaduaosbefehls
1468 5557 1500 5614 ia
1528 5555 1576 5614 dic
1600 5555 1949 5627 Garroboratr'oasformel
1977 5557 2059 5614 waiet
2086 5554 2149 5627 auf
2174 5557 2361 5615 222212122-

812 5659 969 5733 polatr'on:
1006 5661 1040 5717 r'a
1072 5660 1129 5718 dea
1161 5660 1324 5720 Urhuadea
1351 5659 1445 5719 Karle
1473 5659 1501 5720 d.
1535 5657 1588 5719 Gr.
1616 5659 1708 5730 findet
1735 5661 1779 5718 sie
1805 5659 1866 5718 sich
1894 5661 1928 5718 th
1960 5659 2086 5718 aaderer
2116 5659 2209 5718 Fcrm
2237 5659 2270 5718 ia
2298 5658 2357 5718 dea
2381 5673 2415 5722 40

819 5764 1159 5837 Tauschbestdtr'quaoea
1180 5769 1214 5821 a⁰
1229 5767 1280 5836 79,
1303 5766 1377 5834 136,
1401 5766 1475 5835 161,
1498 5768 1662 5822 sanctuar
1684 5765 1717 5822 in
1739 5763 1955 5836 Fdlschunoea,
1978 5762 2173 5822 Mdhlbacher
2194 5762 2267 5836 Ray.
2283 5765 2359 5832 230,

815 5871 890 5939 288,
914 5871 979 5927 393
1003 5868 1088 5945 (279,
1105 5866 1192 5945 386),
1216 5870 1271 5927 wie
1292 5867 1411 5941 epeaiell
1434 5867 1486 5926 der
1507 5870 1588 5926 suast
1610 5867 1686 5925 cuch
1709 5867 1754 5925 bei
1776 5866 1937 5926 Eberhard
1959 5867 2079 5926 bellebte
2095 5865 2258 5926 Ausdrueh
2280 5869 2362 5926 certe

792 6053 851 6109 128.
870 6055 896 6118 a)
916 6054 984 6108 sober
1002 6053 1096 6122 langas
1114 6069 1167 6107 voa
1203 6055 1303 6109 kicher
1322 6053 1414 6108 Haud
1435 6053 1488 6108 das
1506 6052 1686 6108 aldutmsdo
1705 6052 1836 6107 deutsche
1859 6050 1939 6106 Wcrt
1958 6053 2025 6106 mila
2122 6051 2151 6120 b)
2168 6051 2206 6103 lio
2224 6049 2293 6104 dber
2310 6049 2362 6104 der

869 6123 943 6177 Zede
961 6138 1014 6176 voa
1031 6123 1150 6191 oletcher
1200 6123 1260 6177 aad
1277 6125 1494 6193 rrachpetrageu.
