5642 7159
722 799 786 866 336

722 989 846 1057 Sturmi
869 1005 1025 1056 aecclesiam
1048 1008 1074 1054 et
1096 1002 1249 1053 cathedram
1272 1002 1452 1067 episcopalem
1467 1006 1519 1052 sta-

721 1112 822 1160 tuimus
838 1101 872 1159 ct
887 1093 1134 1180 Mogunciensis
1154 1091 1338 1158 aecclesiae
1357 1090 1518 1178 archiepi-

723 1198 876 1286 scopatui
898 1200 1085 1264 interventu
1101 1195 1264 1279 Lullonis,
1288 1195 1377 1262 illius
1400 1204 1519 1261 metro·

720 1302 807 1392 polis
830 1303 1015 1371 aecclesiae
1038 1301 1196 1389 episcopi,
1219 1322 1293 1366 cam
1309 1298 1519 1366 subiecimus.

720 1425 834 1489 Insuper
857 1409 955 1473 etiam
979 1422 1013 1473 ad
1034 1422 1137 1489 prefatq
1153 1414 1350 1471 structuram
1374 1420 1520 1471 aecclesiae

720 1530 749 1579 in
763 1520 946 1579 memorato
969 1543 1039 1593 pago
1056 1507 1112 1575 OC
1133 1540 1240 1575 mansos
1251 1518 1288 1573 ‘et
1304 1507 1461 1594 quicquid
1476 1508 1520 1574 ad

720 1618 812 1704 ipsos
841 1637 976 1682 mansos
1010 1617 1080 1681 iure
1108 1636 1149 1680 ac
1184 1613 1329 1699 legitime
1357 1613 1520 1699 pertinere

720 1720 862 1804 videtur,
882 1740 957 1785 cum
974 1718 1126 1785 domibus
1142 1728 1176 1783 et
1191 1718 1329 1783 edificiis
1344 1717 1520 1802 mancipiis

721 1827 848 1912 campis
862 1825 968 1911 pratis
986 1824 1079 1889 silvis
1096 1821 1195 1888 cultis
1219 1831 1251 1887 et
1267 1822 1401 1887 incultis
1424 1823 1520 1907 aquis

721 1950 924 2016 aquarumve
936 1927 1131 1995 decursibus
1143 1928 1205 1992 viis
1219 1934 1251 1991 et
1263 1925 1362 1991 inviis
1374 1924 1520 1991 exitibus

722 2044 755 2099 et
777 2033 983 2120 regressibus
1001 2032 1181 2100 obtulimus
1205 2040 1340 2096 atrocius
1355 2045 1436 2095 huius
1452 2028 1521 2094 dio·

722 2138 929 2219 cecinissem,
946 2137 1065 2204 divites
1082 2159 1122 2203 ac
1139 2156 1313 2223 pauperes,
1330 2150 1446 2200 decimes
1458 2164 1522 2199 suas

723 2240 829 2307 eidem
851 2257 999 2309 aecclesiae
1014 2271 1117 2322 suoque
1133 2238 1353 2325 dispensatori
1369 2252 1522 2319 persolvere

722 2378 739 2411 ι
748 2366 840 2427 nostre
851 2348 941 2432 regie
951 2362 1098 2412 maiestatis
1110 2364 1235 2425 precepto
1247 2344 1383 2409 firmiter
1397 2358 1522 2409 iubemus

723 2459 757 2516 et
779 2448 922 2516 iubendo
951 2450 1152 2537 precipimus
1175 2468 1203 2513 es
1224 2446 1323 2533 legali
1350 2447 1521 2512 sanctione

673 2570 702 2619 11
724 2568 919 2621 confirmamus.
945 2587 961 2619 ιι
985 2569 1132 2620 statuimus
1154 2553 1264 2635 etiam,
1287 2572 1318 2617 nt
1339 2582 1521 2633 quascumque

722 2674 905 2740 possessiones
921 2666 953 2723 et
975 2688 1141 2739 quecumque
1157 2673 1229 2723 bona
1251 2670 1344 2723 eadem
1359 2672 1491 2723 aecclesia
1504 2688 1521 2720 ιι

722 2780 751 2828 in
766 2779 886 2828 futurum
902 2779 1075 2828 concessione
1090 2775 1254 2842 pontificum,
1271 2775 1416 2843 largicione
1429 2790 1521 2842 regum

723 2883 767 2935 vel
789 2884 948 2949 principum,
972 2882 1111 2933 oblacione
1134 2880 1261 2944 fidelium,
1289 2864 1466 2931 liberorum
1489 2871 1523 2929 et

723 2994 902 3056 servorum,
926 3002 974 3039 seu
991 2987 1051 3037 aliis
1068 3004 1084 3036 ιι
1098 2986 1185 3037 modis
1208 2986 1257 3036 deo
1280 2986 1400 3050 propicio
1424 2984 1523 3049 poterit

724 3092 845 3157 adipisci,
868 3091 943 3141 firma
966 3077 1010 3142 sit
1032 3096 1059 3141 et
1080 3091 1186 3142 illibata
1207 3094 1370 3156 permaneat.
1396 3088 1522 3140 Pretsrea

721 3198 860 3248 libertates
882 3189 916 3245 et
938 3197 1119 3246 immunitates
1142 3178 1248 3246 eidem
1272 3193 1418 3245 aecclesiae
1445 3199 1521 3243 oon·

723 3284 883 3352 cedimus.
906 3300 1083 3351 Decernimus
1107 3315 1178 3366 ergo,
1201 3304 1232 3349 ut
1253 3298 1322 3349 nulli
1344 3299 1452 3349 omnino
1475 3298 1521 3348 ho·

724 3408 825 3456 minum
839 3405 921 3456 liceat
936 3404 1065 3469 prefatam
1078 3402 1235 3454 aecclesiam
1247 3408 1345 3453 temere
1355 3403 1521 3469 perturbare,

723 3526 739 3559 ι
767 3510 950 3574 possessiones
984 3509 1041 3559 eius
1069 3508 1174 3558 auferre
1201 3523 1226 3571 ι,
1259 3506 1365 3558 ablatas
1398 3509 1522 3570 retinere,

723 3616 842 3665 minuere
864 3608 897 3666 et
919 3613 1054 3679 aliquibus
1074 3595 1315 3663 vexacionibus
1331 3614 1452 3678 fatigare,
1475 3611 1523 3663 sed

723 3720 815 3771 omnia
828 3702 873 3769 ad
887 3719 1067 3785 integritatem
1081 3733 1098 3766 ι
1113 3722 1325 3769 conserventur.
1350 3701 1396 3767 Ut
1411 3709 1521 3766 antem

722 3807 784 3874 hec
807 3808 1070 3873 confirmacionis
1087 3806 1256 3872 sentencia
1276 3804 1523 3890 oblacionisque

725 3911 863 3978 donacio
891 3921 966 3977 rata
995 3921 1028 3976 et
1055 3909 1249 3977 inconvulsa
1277 3920 1310 3975 et
1339 3910 1425 3977 omni
1461 3928 1521 3973 evo

691 4032 704 4081 1
728 4014 943 4081 intransibilis
971 4023 1172 4101 permaneat,
1206 4037 1249 4079 ex
1275 4034 1401 4095 precepto
1428 4029 1522 4079 summi

724 4135 859 4201 pontificis
881 4140 908 4185 et
935 4134 1096 4206 universalis
1117 4149 1187 4200 papq
1215 4133 1326 4184 Adriani
1354 4148 1403 4184 nec
1426 4150 1481 4183 non
1506 4150 1522 4182 ιι

722 4240 924 4306 Moguncisnsis
939 4220 1151 4303 archiepiscopi
1165 4237 1288 4288 Lullonis
1304 4242 1331 4287 et
1345 4239 1464 4287 omnium
1476 4239 1522 4303 qui

722 4329 804 4395 inibi
827 4344 938 4395 adeant
960 4336 1151 4394 sanctorum
1174 4342 1330 4408 pontificum
1354 4336 1387 4391 et
1409 4325 1521 4391 catho-

722 4433 859 4501 licorum
894 4431 1104 4499 sacerdotum
1139 4440 1172 4497 et
1199 4430 1353 4517 Alcquini
1382 4430 1521 4516 insignis

722 4536 943 4623 predicatoris
966 4536 1110 4601 racionis
1141 4550 1254 4602 consino
1277 4556 1378 4620 supra
1400 4555 1521 4600 memo·

722 4650 829 4706 ratam
857 4648 971 4725 sancte
999 4638 1051 4705 dei
1079 4640 1247 4726 genitricis
1277 4654 1435 4705 aecclesiam
1462 4670 1522 4704 cum

724 4761 847 4813 omnibus
870 4777 886 4809 ιι
908 4759 1075 4825 appendiciis
1104 4754 1137 4809 et
1165 4743 1331 4808 donativis
1352 4741 1521 4809 suitberto

724 4858 836 4933 sancte
870 4849 1140 4914 conversacionis
1174 4865 1233 4913 viro
1271 4857 1304 4912 ct
1337 4846 1521 4913 inmortalis

722 4954 900 5019 memoriae
923 4984 1012 5020 coram
1029 4968 1079 5020 deo
1097 4974 1124 5019 et
1146 4952 1236 5039 apud
1252 4952 1398 5018 homines
1416 4968 1521 5017 commi-

722 5075 914 5139 utrumquem
938 5056 1070 5145 quidem
1093 5056 1126 5121 in
1143 5076 1224 5141 agro
1248 5056 1301 5122 dei
1316 5055 1523 5121 laborantem

722 5180 837 5244 primum
861 5176 947 5228 eidem
971 5177 1118 5228 aecclesiae
1140 5159 1263 5227 bonum
1286 5160 1422 5225 militem
1445 5161 1522 5225 Iesu

724 5265 844 5332 Christi
874 5265 1081 5351 prefecimus,
1116 5284 1146 5329 ut
1173 5278 1275 5345 populo
1308 5263 1417 5328 adhuc
1448 5262 1521 5328 rudi

724 5385 800 5436 verbi
823 5384 867 5435 dei
882 5384 985 5435 semina
1007 5388 1149 5432 messem
1172 5366 1329 5452 deinceps
1352 5365 1461 5431 latura
1483 5400 1522 5433 se-

723 5489 841 5541 cundum
865 5473 1091 5559 dispensatam
1107 5487 1158 5538 sihi
1174 5487 1332 5552 sapientiam
1352 5479 1521 5557 tamquam

722 5593 810 5644 fidens
840 5599 954 5643 servus
977 5587 1010 5642 et
1038 5575 1183 5663 prudens
1205 5578 1239 5640 in
1267 5574 1365 5640 domo
1390 5575 1441 5641 dei
1466 5576 1521 5642 ad·

724 5682 926 5747 ministraret
954 5690 987 5746 et
1016 5697 1146 5747 canonica
1172 5696 1343 5747 ordinacione
1366 5702 1392 5747 et
1414 5713 1430 5745 ιι
1453 5712 1522 5747 com-

723 5803 826 5867 petenti
838 5797 871 5852 et
883 5785 1129 5851 aecclesiastica
1141 5786 1353 5851 institucione
1365 5800 1521 5852 aecclesiam

1337 800 1763 864 KAISERUBKUNDEN.

1569 1004 1698 1051 veroin
1721 1003 1796 1053 loco
1812 988 1870 1073 qni
1885 1003 2004 1055 Brema
2027 987 2147 1055 dieitur
2166 1020 2269 1071 super
2284 1006 2376 1056 Wes-

1571 1106 1678 1159 seram
1693 1106 1839 1157 fluvium
1851 1092 1951 1158 etiam
1963 1092 2157 1160 nobiliorem
2175 1109 2376 1160 cathedram

1570 1212 1757 1263 statuimus
1806 1212 2041 1278 episcopalem
2085 1206 2118 1263 et
2161 1196 2376 1264 coloniensis

1571 1299 1734 1365 ecclesiae
1767 1299 2066 1389 archiepiscopatui
2100 1300 2311 1369 subdidimus
2341 1312 2376 1367 et

1571 1420 1606 1470 ad
1620 1436 1637 1470 a
1651 1425 1812 1470 structuram
1835 1407 1907 1471 eius
1923 1420 2052 1472 ducentos
2074 1436 2180 1472 mansos
2196 1426 2223 1474 et
2241 1422 2374 1489 quicquid
2398 1422 2415 1470 e

1571 1525 1605 1576 ad
1639 1530 1696 1575 eos
1724 1531 1821 1597 pure,
1854 1526 1972 1594 legitime
2005 1522 2038 1577 et
2072 1511 2113 1577 de
2146 1529 2203 1578 iure
2237 1528 2376 1593 pertinere

1571 1632 1678 1682 videtur
1700 1647 1760 1681 cum
1789 1630 1912 1682 domibus
1934 1648 1951 1681 ι
1974 1630 2102 1682 aedificiis
2124 1648 2141 1681 a
2163 1634 2265 1697 campis
2287 1632 2377 1697 pratis

1572 1739 1647 1788 silvis
1663 1736 1743 1787 cultis
1765 1740 1793 1787 st
1808 1736 1918 1788 incultis
1941 1738 2018 1804 aquis
2034 1752 2197 1804 aquarumve
2212 1735 2377 1787 decursibus

1572 1843 1623 1892 riis
1651 1847 1678 1891 et
1705 1841 1786 1891 inviis
1817 1842 1933 1892 exitibus
1967 1846 1993 1893 et
2021 1842 2186 1908 regressibus
2215 1840 2376 1893 obtulimus·

1573 1929 1699 1995 Locum
1715 1951 1793 1996 vcro
1810 1930 1971 1997 ecclesiae
1987 1931 2185 1996 constitutae
2207 1930 2241 1995 in
2257 1930 2375 1995 Monte
2401 1943 2433 1991 ιο

1572 2043 1754 2119 martyrum
1767 2055 1841 2100 cum
1855 2034 2007 2101 omnibus
2020 2035 2203 2100 attinentiis
2219 2043 2253 2100 et
2264 2043 2375 2099 totum

1573 2159 1696 2225 pagum
1709 2160 1769 2205 seu
1781 2137 1974 2205 suburbium
1986 2138 2117 2227 locique
2132 2138 2374 2226 proprietatem

1574 2266 1618 2309 ex
1640 2245 1768 2330 integro
1787 2243 1905 2309 damus
1929 2266 2029 2330 supra
2046 2253 2078 2309 et
2099 2242 2185 2308 infra
2207 2264 2317 2330 usque
2340 2243 2375 2305 in

1573 2347 1707 2413 Aleram
1724 2356 1757 2415 et
1771 2347 1857 2413 infra
1871 2369 1962 2413 mare
1977 2345 2175 2430 barbarum3
2201 2342 2376 2432 ιιιιιιιιιιιιιι

1573 2466 1654 2517 huius
1665 2467 1795 2519 dioecesis
1806 2468 1917 2532 incolas,
1930 2467 2026 2519 divites
2037 2482 2069 2518 ac
2080 2482 2220 2533 pauperes,
2233 2466 2376 2517 decimas*
2401 2464 2432 2514 le

1574 2570 1673 2622 eisdem
1685 2572 1805 2623 ecclesiis
1818 2588 1962 2639 earumque
1974 2572 2203 2638 dispensatoribus
2219 2570 2376 2635 persolvere

1573 2679 1680 2725 nostrae
1695 2677 1785 2743 regiae
1807 2677 1955 2727 maiestatis
1970 2682 2095 2742 precepto
2118 2675 2228 2727 firmiter
2247 2675 2376 2725 iubemus

1574 2786 1601 2830 et
1629 2780 1746 2831 iubendo
1775 2782 1954 2846 praecipimus
1983 2785 2009 2831 et
2036 2779 2116 2847 legali
2143 2780 2283 2830 sanctione
2312 2795 2375 2828 con·

1574 2883 1716 2935 firmamus.
1750 2902 1766 2934 ιι
1797 2886 1833 2935 Ει
1866 2877 2051 2935 eonsensu'
2083 2899 2169 2950 papae
2196 2884 2311 2935 Adriani
2341 2876 2376 2932 et

1574 2981 1692 3059 postea
1708 2972 1831 3038 Leonis
1854 2995 1962 3060 papae
1977 3005 2026 3040 nec
2041 3005 2095 3039 non
2110 2990 2375 3053 archiepiscoporum
2398 2988 2430 3034 20

1574 3092 1788 3159 maguntinensis
1822 3086 1855 3142 et
1888 3076 2096 3144 Coloniensis
2134 3075 2174 3142 de
2209 3091 2324 3142 consilio
2360 3108 2376 3139 ιι

1574 3178 1718 3263 Alcquini²
1735 3182 1840 3248 nostri
1862 3181 2065 3247 confessoris
2081 3212 2162 3262 supra
2181 3200 2344 3247 memoratas
2360 3212 2377 3242 ι

1575 3301 1702 3353 ecclesias
1736 3317 1796 3351 cum
1823 3302 1946 3352 omnibus
1980 3300 2145 3366 appendiciis
2174 3306 2200 3350 et
2234 3282 2376 3349 decimis

1576 3398 1711 3456 sanctae
1734 3389 1861 3456 Mariae
1884 3398 1917 3455 et
1941 3398 2055 3455 sancto
2078 3388 2186 3463 Petro,
2214 3396 2377 3454 scirberso¹

1574 3517 1672 3560 unam
1705 3504 1738 3560 et
1763 3509 1959 3561 Willehado
1988 3494 2136 3575 alteram,
2171 3514 2281 3559 sanctae
2310 3523 2373 3559 cou-
2396 3508 2428 3556 ae

1574 3617 1734 3667 versationis
1749 3616 1814 3666 viris
1837 3620 1863 3667 et
1878 3615 2036 3666 immortalis
2058 3614 2200 3665 memoriae
2216 3627 2307 3663 coram
2323 3612 2376 3663 deo

1575 3726 1601 3771 st
1616 3720 1689 3786 apud
1711 3720 1831 3772 homines
1847 3721 2034 3784 commisimus,
2057 3734 2124 3786 quos
2140 3718 2247 3785 quidem
2263 3720 2292 3768 in
2308 3733 2376 3785 agro

1575 3826 1619 3876 dei
1634 3809 1731 3897 digne
1747 3825 1900 3877 laborantes
1916 3826 2028 3892 primum
2041 3824 2140 3876 eisdem
2155 3824 2277 3875 ecclesiis
2288 3823 2377 3874 bonos

1575 3929 1672 3981 milites
1694 3930 1756 3981 Iesu
1779 3930 1877 3981 Christi
1900 3930 2084 3995 praefecimus,
2108 3932 2138 3977 ut
2160 3927 2261 3992 populo
2285 3924 2378 3977 adhuc

1574 4034 1634 4084 rudi
1657 4008 1732 4084 veihi
1755 4033 1797 4085 dei
1820 4035 1922 4085 semina
1943 4048 2054 4084 messem
2073 4032 2198 4097 deinceps
2219 4030 2311 4081 latura
2335 4046 2376 4081 se
2399 4030 2432 4079 80

1575 4138 1691 4188 cundum
1705 4138 1884 4204 dispensatam
1896 4140 1947 4191 sibi
1960 4140 2116 4205 sapientiam
2129 4142 2265 4203 tamquam
2281 4134 2379 4188 fideles

1575 4243 1645 4292 servi
1660 4247 1687 4293 et
1701 4242 1845 4308 prudentes
1860 4246 1889 4294 in
1905 4244 1982 4295 domo
1999 4242 2098 4294 domini
2114 4241 2301 4291 administrent
2317 4246 2347 4292 et
2363 4258 2380 4289 ιι

1575 4346 1715 4397 ecclesiam
1727 4363 1743 4396 ι
1754 4328 1863 4413 rigent¹²
1878 4341 1911 4397 et
1926 4348 2048 4413 plantent
2059 4338 2092 4396 et
2107 4350 2169 4415 ope
2182 4327 2380 4413 defendant,

1575 4450 1661 4502 donec
1683 4468 1699 4500 ιι
1722 4433 1905 4517 omnipotens¹
1932 4452 1998 4503 deus
2020 4452 2214 4501 incrementum
2237 4449 2284 4501 det
2312 4444 2379 4500 eto.

2404 4553 2437 4601 35

1615 5990 1692 6046 24⁰⁶.
1711 5992 1739 6054 d)
1757 5992 1944 6057 rursusqueb’
2028 5992 2054 6055 e)
2071 6005 2235 6043 consensum
2260 5994 2284 6048 G

1710 6060 1894 6128 oslioqniG
1944 6058 2152 6128 g)GuibertoO
2203 6060 2235 6125 h)
2247 6068 2394 6131 regmae

1712 6132 1733 6196 i)
1751 6133 1866 6198 optimus
1886 6129 1915 6184 0.
2413 6138 2446 6187 ω
