5642 7159
1075 717 1194 777 ΚΑΒΙι
1218 717 1304 776 DER
1326 715 1490 776 GBOSSE
1513 711 1584 777 813.
2084 707 2155 773 429

613 907 778 968 Annon
799 907 980 968 christicolae
1002 908 1042 966 iat
1064 907 1141 965 noch
1162 910 1244 966 sonat
1267 905 1333 964 dem
1361 903 1515 977 Verfoeser
1537 903 1590 962 der
1615 903 1685 964 Vua
1704 901 1834 978 yeldofiy
1857 901 1915 980 (11,
1938 901 1969 972 2,
1993 903 2022 972 4,
2045 900 2090 977 9),
2125 918 2156 959 er

617 1012 719 1071 roomo
740 1012 817 1071 nach
838 1011 886 1070 die
900 1011 1118 1084 Freioehiolrcr't
1134 1010 1227 1070 Karia
1243 1010 1272 1071 d.
1292 1009 1346 1069 dr.
1367 1026 1459 1083 seyen
1482 1007 1526 1068 St.
1541 1008 1637 1068 Derris
1661 1007 1700 1086 (Ι,
1716 1010 1747 1077 2,
1762 1023 1796 1079 p.
1814 1003 1878 1081 24).
1902 1004 1960 1064 Die
1973 1003 2155 1079 Francos,

612 1117 733 1176 weicher
754 1116 831 1177 auch
858 1113 905 1174 die
929 1112 1184 1174 Constantiniaehe
1207 1112 1381 1186 Scheralramy
1409 1112 1455 1172 cle
1478 1113 1598 1171 Mnester
1622 1110 1741 1184 redient
1762 1127 1803 1168 aas
1830 1110 1925 1168 habers
1946 1108 2058 1168 orheim
2086 1105 2153 1184 (opt.

618 1218 750 1279 Graesert
772 1221 814 1277 im
830 1219 945 1278 Histor.
962 1218 1119 1278 Jahrbuch
1134 1221 1164 1289 4,
1189 1217 1276 1294 558),
1299 1215 1404 1289 dorsis
1427 1216 1577 1286 demnnrt,
1599 1215 1681 1274 mehr
1702 1216 1736 1272 ic
1759 1212 1950 1272 concurrens
1964 1213 2018 1270 mit
2034 1211 2156 1270 Aaron

613 1323 659 1382 cle
687 1324 743 1382 mit
765 1324 878 1394 neimo,
910 1322 979 1381 haid
1000 1323 1075 1380 noch
1098 1323 1182 1382 1165
1205 1319 1384 1394 cocofertipt
1407 1317 1525 1378 worden
1547 1320 1620 1389 seio,
1650 1317 1891 1377 wcbrsobeiniicb
1912 1327 1968 1375 cols
1991 1313 2153 1374 demselheo

612 1425 764 1494 Fdleclrer,
789 1427 842 1487 der
863 1427 940 1486 caclo
961 1431 995 1483 n⁰
1010 1429 1075 1488 282
1096 1424 1228 1498 tissone·
1250 1426 1305 1486 soie
1326 1425 1391 1484 bier
1412 1426 1477 1482 doc
1500 1422 1643 1498 generalis
1659 1423 1785 1498 synodus
1807 1421 1938 1494 marist,
1960 1435 1993 1479 so
2015 1418 2082 1478 dcrt
2105 1418 2154 1476 ein

614 1530 746 1605 generale
761 1529 923 1592 concilium.
951 1530 1022 1590 Nur
1037 1531 1091 1589 der
1111 1529 1261 1589 cerderhte
1276 1527 1454 1588 Koisertitel
1475 1529 1556 1586 waiet
1579 1526 1654 1585 aare
1676 1523 1740 1597 aas
1750 1525 1930 1598 Bendtsonp
1954 1523 2035 1582 εἰηον
2057 1522 2155 1580 echino

618 1633 775 1706 Urtmsdm
797 1651 855 1692 cue
870 1633 924 1691 der
937 1633 1106 1693 Kaisarees't
1121 1634 1214 1693 Karta
1231 1633 1259 1692 d.
1281 1631 1334 1693 Gr.
1358 1634 1398 1692 iet
1421 1633 1561 1706 noricam
1582 1648 1644 1690 nur
1665 1632 1729 1689 eine
1750 1630 1863 1702 einaim
1881 1625 2156 1688 &mensuremus

619 1736 675 1808 for
695 1737 741 1798 St.
765 1739 859 1798 Deoia
883 1736 1021 1817 (mot)
1045 1738 1184 1797 erhnlton.

457 1963 490 2010 ro
525 1988 527 1993 ,
613 1958 727 2010 crrolur
749 1959 933 2008 serenissimus
956 1963 1086 2023 regesne
1115 1964 1135 2006 a
1162 1937 1224 2007 dec
1255 1950 1432 2034 cpronatus
1460 1961 1600 2024 magnus
1629 1959 1669 2003 ac
1698 1935 1857 2024 pacificus
1886 1937 2066 2023 imperator
2094 1935 2157 2001 Rc·

512 2068 683 2112 manorum
706 2045 895 2132 gubernans
911 2047 1093 2132 imperium,
1119 2047 1198 2132 quin
1214 2048 1314 2112 etiam
1337 2068 1396 2131 per
1418 2044 1677 2110 misericordiam
1701 2043 1754 2108 dei
1770 2075 1816 2109 rex
1830 2058 1995 2108 Francorum
2010 2062 2037 2108 es
2051 2057 2157 2123 Longo-¹

512 2166 656 2217 bardorum
679 2166 802 2217 omnibus
825 2166 1034 2232 archiepiscopis
1057 2167 1191 2232 episcopis
1214 2167 1360 2218 abbatibus
1383 2144 1498 2217 ducibus
1520 2165 1663 2217 comitibus
1682 2163 1856 2228 optimatibus
1878 2162 2043 2226 caeterisque
2064 2147 2156 2230 regni

512 2258 616 2322 nostri
639 2255 831 2343 proceribus
847 2272 960 2324 salutem
982 2258 1015 2321 in
1040 2278 1117 2322 vero
1134 2254 1281 2320 salutari.
1385 2255 1519 2320 Minime
1536 2254 1632 2320 decet
1653 2253 1779 2338 regiam
1803 2249 2038 2316 sublimitatem
2060 2248 2157 2314 bene·

512 2362 597 2444 ficia,
623 2383 708 2447 quae
723 2383 744 2425 a
767 2360 828 2427 deo
852 2361 1076 2447 omnipotente
1093 2370 1145 2426 est
1167 2368 1355 2443 consecuta,
1380 2357 1536 2425 oblivioni
1562 2358 1703 2442 tradere,
1728 2357 1787 2422 sed
1809 2357 1920 2443 potius
1943 2355 2064 2420 rationi
2081 2374 2156 2418 con·

458 2467 604 2531 revenit
626 2475 659 2530 et
681 2476 731 2531 est
754 2487 895 2550 aequum
919 2488 979 2551 per
1000 2464 1147 2551 aliquam
1171 2485 1250 2549 erga
1275 2472 1463 2528 sanctorum
1487 2462 1563 2527 loca
1577 2461 1739 2527 bonorum
1763 2482 1898 2547 operum
1921 2458 2158 2525 exhibitionem

512 2568 637 2655 aliquid
658 2568 797 2634 reddere
821 2569 1056 2635 testimoninm.
1086 2584 1256 2648 Quapropter
1270 2587 1415 2649 cognoscat
1430 2581 1585 2648 magnitudo
1601 2597 1648 2633 sen
1664 2581 1790 2632 nobilitas
1805 2584 1902 2644 reema,
1925 2577 1997 2645 quod
2012 2562 2157 2627 evocatis

512 2776 704 2864 proceribus
733 2779 766 2841 in
794 2774 939 2862 generali
966 2775 1107 2841 concilio
1138 2777 1172 2840 in
1199 2775 1398 2840 monasterio
1432 2783 1484 2840 ter
1515 2773 1605 2839 beati
1633 2773 1788 2859 Dionysii
1823 2770 2000 2858 peculiaris
2027 2770 2158 2857 petroni

511 2881 615 2944 nostri
634 2879 753 2945 'multis
769 2879 810 2944 de
833 2879 944 2944 causis
960 2888 993 2944 et
1014 2879 1199 2944 rationibus
1214 2878 1392 2959 celebrato,
1418 2878 1477 2944 sed
1492 2877 1668 2965 praecipue
1691 2877 1769 2962 quia
1784 2875 1932 2941 eiusdem
1956 2873 2158 2939 sanctissimi

457 3002 491 3051 ao
512 2984 667 3069 martyris
696 3005 736 3048 ac
759 2983 1064 3070 praecellentissimi
1088 2984 1318 3070 sociorumque
1341 2984 1411 3048 eius
1433 2983 1563 3049 Rustici
1592 2991 1625 3047 et
1647 2980 1827 3047 Eleutherii
1855 2980 1979 3045 meritis
2006 2987 2040 3044 et
2061 2980 2157 3043 inter·

512 3087 719 3154 cessionibus
734 3110 796 3153 nos
818 3087 863 3153 ad
880 3109 1008 3153 summa
1024 3089 1118 3174 regni
1133 3087 1326 3174 imperiique
1341 3088 1479 3173 fastigia
1494 3086 1731 3153 conscendisse
1746 3084 1941 3152 confidimus
1959 3092 1993 3150 et
2009 3084 2158 3165 fatemur,

512 3191 571 3257 sed
586 3200 619 3256 et
642 3213 741 3278 quam
757 3191 898 3278 plurima
921 3192 1044 3256 vitasse
1059 3191 1205 3278 pericula
1221 3213 1262 3256 ac
1284 3192 1492 3258 inimicorum
1506 3201 1695 3257 nostrorum
1720 3212 1896 3276 superasse
1911 3188 1988 3272 tela,
2012 3187 2159 3252 infinitas

512 3304 545 3361 et
566 3296 723 3360 victorias
747 3295 891 3382 deipsis
914 3295 1045 3361 illorum
1068 3283 1258 3362 sanctorum
1286 3298 1529 3382 protectionum
1551 3295 1614 3362 alis
1637 3296 1742 3360 evecti
1771 3301 1959 3380 reportasse
1982 3292 2157 3357 credimus.

512 3399 618 3482 igitur
640 3398 683 3464 cb
707 3399 741 3465 id
763 3399 808 3465 ad
829 3400 986 3466 bonorem
1011 3399 1062 3465 dei
1086 3409 1119 3465 et
1143 3408 1310 3465 tantorum
1333 3399 1540 3465 dominorum
1555 3408 1743 3465 nostrorum
1765 3396 1982 3464 reverentiam
2005 3395 2071 3461 tale
2087 3395 2158 3460 fieri

458 3517 491 3567 as
515 3502 720 3569 decrevimus
742 3513 967 3591 praeceptum,
1002 3503 1091 3590 quod
1117 3504 1269 3570 volumus
1291 3506 1533 3591 imperpetuum
1561 3525 1635 3569 esse
1657 3524 1858 3586 mansurum,
1892 3500 2046 3567 videlicet
2070 3499 2159 3587 quod

513 3629 626 3673 omnes
642 3608 805 3673 Francius
827 3631 933 3694 reges,
958 3630 1073 3674 omnes
1096 3609 1339 3697 archiepiscopi
1362 3618 1394 3675 et
1417 3611 1564 3696 episcopi
1589 3619 1656 3675 tam
1672 3616 1864 3696 praesentes
1889 3628 1986 3693 quam
2003 3615 2036 3671 et
2057 3606 2158 3670 surturi

514 3710 555 3776 ob
579 3733 726 3777 amorem
755 3711 878 3776 domini
902 3712 954 3778 dei
983 3722 1017 3777 et
1038 3714 1142 3779 nostri
1166 3713 1345 3779 salvatoris
1367 3715 1444 3780 Iesu
1466 3711 1591 3780 christi
1618 3714 1775 3778 honorem
1797 3733 1838 3776 ac
1863 3711 2081 3776 reverentiam
2105 3708 2158 3773 de·

512 3816 622 3880 ierant
637 3815 846 3880 venerandae
868 3817 965 3881 matri
982 3816 1141 3882 ecclesiae
1164 3817 1276 3883 domni
1292 3818 1448 3905 Dionysii
1471 3817 1647 3905 peculiaris
1663 3816 1859 3904 protectoris
1882 3816 1986 3881 nostri
2007 3835 2047 3878 ac
2063 3834 2159 3878 vene·

512 3918 608 3985 rabili
632 3918 746 3986 abbati
770 3921 917 3986 eiusdem
941 3923 1047 3986 sancti
1071 3931 1104 3987 et
1126 3925 1212 3988 socri
1236 3922 1300 3987 loei
1324 3944 1463 4009 eamque
1485 3932 1524 3988 ut
1545 3931 1648 4008 caput
1670 3923 1814 3986 omnium
1837 3920 2048 3986 eeclesiarum
2065 3917 2158 4002 regni

457 4041 492 4092 so
513 4026 615 4090 nostri
639 4024 682 4090 ab
706 4023 858 4089 omnibns
882 4025 1029 4090 eiusdem
1045 4028 1138 4112 regni
1160 4029 1262 4092 nostri
1279 4025 1479 4093 christicolis
1501 4027 1652 4093 venerari
1668 4035 1701 4092 et
1723 4025 1873 4092 eumdem
1890 4023 2044 4090 abbatem
2061 4044 2160 4109 super

514 4148 627 4194 omnes
649 4128 818 4214 praelatos
843 4131 1015 4216 primatem
1037 4129 1153 4196 baberi
1176 4141 1210 4195 et
1230 4132 1334 4196 teneri
1356 4131 1509 4199 volumus
1532 4151 1572 4196 ae
1595 4131 1833 4197 desideramus.
1872 4127 2087 4195 Prohibemus
2109 4127 2158 4191 in·

486 4320 489 4324 ¹
514 4254 623 4318 super,
653 4256 694 4298 ne
717 4254 925 4299 successores
948 4236 1053 4301 nostri
1075 4236 1239 4301 Franciae
1266 4256 1362 4317 reges
1385 4234 1465 4301 alibi
1489 4258 1588 4322 quam
1611 4236 1644 4301 in
1673 4234 1815 4301 ecelesia
1839 4233 2022 4320 saepefati
2046 4230 2159 4297 domni

512 4335 667 4421 Dionysii
698 4337 764 4402 sint
785 4339 935 4403 coronati
962 4359 1023 4404 nec
1046 4339 1286 4428 archiepiscopi
1316 4350 1349 4404 et
1371 4341 1520 4426 episcopi
1549 4340 1734 4406 confirmati
1758 4349 1816 4407 aut
1845 4338 1888 4404 ad
1917 4357 2047 4403 sacram
2069 4334 2158 4400 beati

514 4441 601 4505 Petri
626 4440 738 4506 sedem
760 4444 885 4537 recepti
908 4452 940 4508 et
963 4443 1110 4508 damnati
1134 4443 1260 4530 absque
1283 4465 1424 4509 assensu
1447 4453 1479 4509 et
1502 4443 1638 4509 consilio
1663 4442 1806 4509 abbatis.
1850 4443 1931 4507 Post
1953 4463 2031 4506 vero
2053 4439 2158 4506 multa

459 4559 493 4608 ao
515 4543 622 4609 eidem
645 4545 802 4610 ecclesiae
829 4545 919 4612 bona
940 4570 1000 4633 per
1025 4569 1085 4613 nos
1109 4548 1223 4613 oblata
1250 4570 1289 4613 ac
1313 4569 1474 4614 concessa
1501 4548 1673 4635 privilegia
1702 4569 1763 4633 ego
1786 4546 1930 4612 Karalus
1954 4545 2158 4612 Francorum

515 4669 575 4712 rex
605 4647 755 4734 deposito
786 4648 827 4714 de
855 4651 964 4736 capite
992 4674 1064 4717 meo
1094 4653 1188 4736 regni
1223 4652 1410 4718 diademate
1440 4661 1473 4718 et
1502 4663 1691 4718 sauctorum
1719 4661 1902 4740 martyrum
1929 4651 2026 4717 altari
2049 4673 2159 4737 super·

517 4753 624 4838 posito
640 4751 723 4817 talia
738 4754 867 4818 cunctis
885 4755 940 4840 qui
957 4755 1096 4821 aderant
1111 4755 1323 4821 audientibus
1339 4757 1425 4822 dixi:
1449 4755 1664 4822 Sanctissime
1680 4757 1810 4822 domine
1825 4757 1968 4841 Dionysi
1990 4756 2052 4821 hiis
2067 4757 2158 4840 regni

516 4856 679 4921 Franciae
708 4857 809 4940 regiis
837 4857 987 4942 insigniis
1018 4867 1051 4923 et
1074 4861 1275 4925 ornamentis
1301 4859 1442 4926 libenter
1468 4882 1520 4926 me
1549 4861 1665 4948 spolio,
1699 4869 1737 4927 ut
1765 4862 1921 4947 deinceps
1949 4861 2020 4925 eius
2048 4859 2159 4946 regale

514 4957 650 5043 habeas,
674 4968 787 5024 teneas
810 4969 910 5046 atque
932 4961 1106 5046 possideas
1131 4963 1312 5029 dominium
1335 4973 1369 5030 et
1390 4967 1423 5029 in
1448 4967 1579 5051 signnm
1601 4967 1648 5031 rei
1671 4975 1813 5051 quatuor
1835 4966 1933 5032 modo
1957 4986 2074 5030 aureos
2097 4963 2158 5030 tibi

458 5079 494 5132 lu
515 5063 614 5129 offero
637 5063 819 5148 bisancius,
843 5073 881 5129 ut
903 5086 1016 5130 omnes
1038 5076 1106 5131 tam
1129 5077 1321 5152 praesentes
1345 5091 1443 5155 quam
1467 5079 1501 5136 et
1516 5071 1616 5136 futuri
1641 5072 1749 5137 sciant
1771 5080 1804 5136 et
1819 5079 2010 5156 agnoscant,
2035 5068 2160 5155 quoda

515 5167 576 5233 deo
600 5167 670 5232 solo
694 5179 728 5234 et
749 5191 770 5235 a
792 5178 825 5235 te
847 5191 986 5255 reguum
1002 5171 1164 5236 Francius
1186 5181 1281 5237 teneo
1306 5182 1430 5259 tuoque
1453 5195 1492 5238 ac
1515 5183 1645 5240 tuorum
1670 5176 1835 5240 sociorum
1858 5176 1962 5240 fretus
1986 5173 2110 5239 auxilio
2127 5182 2161 5238 et

516 5271 772 5356 suffragantibus
794 5275 920 5339 meritis
942 5273 1024 5339 illud
1047 5276 1183 5362 ancipiti
1206 5275 1319 5362 gladio
1343 5277 1484 5342 defendo
1516 5279 1695 5345 obsecrans
1723 5288 1822 5364 atque
1852 5278 2022 5343 obtestans
2046 5299 2159 5343 omnes

516 5397 725 5442 successores
747 5388 879 5443 nostros
902 5400 1007 5463 reges,
1042 5392 1078 5444 ut
1101 5381 1271 5445 annuatim
1296 5380 1401 5447 simile
1425 5382 1549 5448 faciant
1571 5391 1605 5447 et
1626 5384 1659 5447 in
1683 5381 1849 5447 oblatione
1873 5379 2094 5446 submittendo
2119 5402 2158 5445 ac

515 5480 681 5565 tangendo
705 5493 805 5568 caput
827 5482 903 5547 illos
933 5491 1074 5568 quatuor
1097 5484 1306 5568 supradictos
1333 5485 1511 5570 bysancioe
1537 5486 1673 5551 offerant
1701 5507 1767 5551 non
1790 5483 1928 5571 proinde
1951 5485 2077 5548 astricti
2100 5484 2158 5548 hu·

459 5599 493 5649 4⁶
515 5605 634 5649 manae
657 5586 815 5661 servituti,
840 5586 899 5651 sed
922 5588 1033 5671 potius
1059 5586 1200 5669 divinae,
1225 5609 1310 5673 qnae
1334 5611 1461 5655 summe
1482 5590 1617 5656 libertas
1641 5589 1802 5675 appellari
1821 5588 1929 5666 debet,
1954 5589 2073 5674 quippe
2097 5587 2158 5652 deo

517 5689 639 5753 servire
662 5690 706 5754 sit
732 5711 880 5774 regnare,
917 5690 976 5755 sed
1005 5692 1105 5755 etiam
1129 5711 1242 5756 omnes
1269 5694 1361 5778 regni
1385 5696 1489 5759 nostri
1517 5715 1671 5781 proceres
1700 5703 1733 5758 et
1760 5693 1936 5760 obtimates
1964 5715 2023 5780 pro
2053 5692 2159 5777 quali·

516 5812 657 5877 cumque
681 5791 778 5858 domo
795 5814 856 5859 sua
878 5793 985 5859 eidem
1000 5793 1384 5865 ecclesiaememoratae
1399 5808 1542 5884 quatuor
1564 5798 1702 5885 singulis
1718 5799 1813 5865 aunis
1837 5819 1954 5864 aureos
1970 5797 2159 5884 persolvant

516 5917 667 5962 nummos
681 5919 741 5983 pro
755 5897 843 5962 illius
859 5909 1036 5985 augmento
1054 5899 1096 5964 ab
1113 5896 1265 5966 aedificio
1283 5901 1467 5988 Dagoberti
1490 5905 1577 5990 regie
1594 5903 1861 5970 excellentissimi
1877 5924 1980 5987 usque
1997 5901 2040 5967 ad
2054 5903 2158 5967 cruci-

516 6000 636 6084 fixum3
675 6001 823 6068 similiter
851 6024 964 6069 omnes
987 6004 1134 6071 homines
1164 6005 1313 6072 servituti
1347 6007 1499 6074 addictos
1528 6009 1738 6094 emancipans
1767 6019 1800 6074 et
1828 6029 1886 6074 sos
1920 6008 2157 6092 imperpetuum
