5642 7159
691 744 759 809 37ss
1304 744 1729 806 uslsnuuuuuunuu.

692 950 799 1018 singula
821 930 1013 1012 memorial,
1034 964 1087 1015 que
1108 948 1232 1013 superius
1253 947 1389 1015 leguntur,
1411 962 1467 997 una
1489 963 1550 997 cum
1573 948 1650 998 terris
1672 946 1758 997 vineis
1781 947 1865 1010 pratis
1887 947 1994 1011 passcui
2017 945 2092 996 silvis
2114 944 2330 1010 piscationibus
2346 958 2367 991 a

691 1034 940 1121 aucupationibus¹,
963 1052 1065 1104 cultum
1081 1046 1115 1102 et
1135 1052 1275 1115 incultum,
1298 1050 1413 1102 divisum
1429 1057 1455 1102 et
1478 1051 1630 1113 indivisum,
1653 1050 1794 1101 arboribus
1810 1048 1955 1100 fructiferis
1977 1054 2004 1100 et
2019 1050 2196 1101 infructiferis
2220 1054 2252 1101 et
2269 1048 2365 1115 pomi-

690 1160 755 1211 feris
777 1167 822 1209 ex
843 1158 956 1208 diversis
977 1150 1112 1225 generism
1140 1161 1168 1207 et
1190 1173 1251 1208 cum
1282 1157 1406 1207 omnibus
1430 1172 1511 1221 super
1532 1170 1561 1207 se
1584 1162 1611 1207 et
1632 1154 1703 1205 infra
1724 1170 1753 1205 ee
1775 1146 1959 1206 habentibus⁸
1987 1155 2015 1203 in
2037 1154 2172 1221 integrum
2199 1155 2231 1203 in
2258 1150 2365 1203 eodem

691 1263 852 1314 monasterio
876 1261 1017 1312 Casinensi
1038 1261 1219 1312 concessimus
1240 1262 1450 1327 inperpetuum
1473 1274 1577 1325 semper
1598 1258 1760 1310 habendum.
1797 1259 1901 1311 Pariter
1923 1258 2004 1311 etiam
2025 1260 2054 1310 in
2077 1259 2171 1312 eodem
2198 1259 2267 1310 loco
2293 1272 2365 1308 con-

691 1368 810 1420 cedimus
832 1371 943 1418 cunctas
965 1382 1016 1430 res,
1039 1382 1091 1432 que
1113 1368 1141 1416 in
1163 1366 1257 1417 eodem
1277 1365 1338 1417 loco
1361 1366 1452 1418 oblate
1474 1370 1537 1417 eunt
1551 1380 1598 1431 per
1621 1380 1712 1415 omnes
1733 1366 1810 1431 regni
1832 1366 1917 1415 nostri
1938 1364 2004 1417 duee
2027 1380 2075 1417 een
2098 1370 2125 1416 et
2147 1379 2202 1431 que
2227 1355 2361 1414 amodo⁰
2386 1360 2405 1408 ὁ

690 1473 800 1522 inantea
821 1471 1024 1537 qualiscumque
1046 1470 1125 1521 homo
1148 1469 1248 1520 donare
1270 1470 1313 1521 vel
1336 1470 1432 1521 offerre
1452 1484 1484 1520 ex
1507 1470 1587 1521 robus
1610 1470 1673 1532 auis,
1703 1469 1731 1519 id
1753 1474 1793 1520 est
1815 1469 1892 1519 terris
1914 1471 2000 1521 vineis
2023 1471 2092 1520 casis
2115 1467 2295 1529 molendinis,
2331 1468 2364 1515 in

690 1576 811 1642 predicto
833 1560 1033 1625 monasterio
1057 1580 1150 1626 sancto
1173 1580 1200 1625 et
1222 1568 1391 1625 venerabilii
1413 1574 1474 1625 loco
1496 1573 1639 1637 voluerint,
1662 1573 1797 1623 licentiam
1820 1578 1848 1624 et
1869 1577 2027 1639 potestatem
2049 1573 2168 1623 babeant
2191 1571 2302 1622 donare
2328 1574 2361 1620 et

691 1681 793 1743 offerre,
816 1696 877 1730 cum
899 1679 974 1745 quali
993 1681 1098 1730 ratione
1122 1679 1265 1742 voluerint,
1287 1694 1396 1729 suorum
1420 1680 1474 1729 sint
1495 1671 1661 1741 heorstani,
1689 1678 1747 1728 siue
1770 1678 1958 1728 contrarietate
1980 1678 2109 1743 principis
2131 1675 2360 1741 archiepiscopis

691 1784 835 1835 comitibus
858 1785 991 1850 episcopis
1013 1784 1155 1835 castaldeis
1174 1784 1321 1846 iudicibus,
1344 1788 1382 1847 ut,
1405 1781 1638 1848 quemammodum
1653 1780 1688 1831 ad
1710 1780 1824 1833 eundem
1847 1774 2017 1831 venerabiler
2040 1782 2231 1831 monasterium
2257 1762 2359 1828 beati

695 1888 836 1940 Benedicti
856 1903 979 1953 possesse
999 1887 1117 1951 fuerunt,
1145 1887 1284 1952 perhanc
1306 1891 1396 1937 nostre
1419 1885 1628 1937 confirmationis
1650 1886 1835 1936 auctoritatem
1858 1879 1974 1935 nostris·
2002 1886 2153 1951 futurisque
2176 1883 2358 1949 temporibus
2388 1882 2420 1929 10

693 1994 779 2044 abbas
800 1994 885 2058 ipsius
905 1992 960 2043 loci
983 1993 1069 2043 sancti
1090 1991 1229 2043 Benedicti
1258 1990 1420 2057 firmiterque
1441 1991 1686 2056 inviolabiliterque
1709 1995 1799 2041 teneat
1826 1996 1853 2041 et
1875 1989 2017 2055 possideat,
2051 1994 2132 2055 prout
2158 1989 2281 2040 facultas
2307 1985 2357 2037 vel

691 2097 795 2148 utilitas
805 2098 894 2162 ipsius
917 2095 1078 2148 venerabilis
1092 2080 1164 2146 1οοὶί
1185 2096 1305 2162 exigerit,
1329 2098 1367 2145 ita
1382 2100 1413 2146 ut
1434 2096 1525 2146 nullus
1548 2096 1629 2147 iudex
1650 2088 1797 2161 publicusu
1820 2095 1946 2161 quislibet
1969 2110 2001 2145 ex
2023 2088 2187 2145 iudiciariav
2210 2098 2358 2159 potestate

692 2202 720 2251 in
742 2201 825 2253 cellas
840 2206 867 2252 et
889 2194 994 2250 villas'
1017 2205 1065 2250 aut
1086 2215 1165 2267 agros
1180 2215 1228 2250 seu
1249 2200 1311 2251 loca
1332 2200 1389 2250 sive
1404 2199 1521 2266 reliquas
1542 2202 1725 2265 possessiones
1743 2200 1828 2250 nostri
1850 2192 1979 2250 cenobii¹
2002 2199 2087 2249 sancti
2103 2197 2255 2260 Benedicti,
2278 2211 2357 2262 quae

692 2304 818 2357 moderno
847 2312 966 2370 tempore
989 2306 1017 2354 in
1045 2304 1258 2372 quibuscumque
1285 2298 1383 2372 pagisy
1416 2309 1444 2355 et
1471 2305 1603 2356 territorio
1633 2305 1705 2355 infra
1726 2306 1810 2355 nostri
1840 2305 1914 2371 regni
1937 2304 2041 2354 dicione
2069 2305 2138 2353 iuste
2164 2308 2192 2353 et
2221 2302 2358 2368 legaliter

692 2408 811 2475 possidet
831 2407 876 2459 vel
898 2407 1026 2474 quicquid
1049 2394 1149 2487 ellam
1173 2409 1299 2475 deinceps
1321 2409 1415 2460 divina
1436 2411 1523 2475 pietas
1544 2411 1603 2474 ipsc
1626 2409 1686 2461 loco
1709 2402 1843 2460 voluerit¹
1872 2422 1978 2475 augere,
2011 2408 2045 2457 ed
2067 2421 2162 2457 causas
2192 2405 2355 2457 audiendae
2381 2407 2414 2453 15

692 2513 735 2564 vel
757 2506 852 2564 freda*
880 2518 928 2563 aut
948 2512 1051 2563 tributa
1075 2514 1211 2580 exigenda
1232 2514 1275 2591 vel
1302 2516 1456 2565 mansiones
1478 2514 1660 2580 aut'paratas
1682 2513 1819 2565 faciendas
1847 2514 1892 2564 vel
1919 2494 2110 2565 fideiussoresb
2138 2511 2277 2563 tollendos
2304 2516 2357 2561 ant

692 2619 813 2669 homines
842 2619 927 2683 ipsius
949 2619 1104 2668 monasterii
1133 2623 1188 2668 tam
1211 2619 1310 2670 liberos
1338 2636 1418 2686 quam
1441 2635 1532 2671 servos
1560 2635 1608 2670 eeu
1631 2620 1777 2670 cartulatos
1806 2618 1849 2669 vel
1872 2618 1980 2671 offertos
2014 2623 2041 2670 et
2068 2619 2113 2684 qui
2136 2633 2218 2683 super
2247 2622 2355 2667 terram

694 2706 871 2774 earundem
896 2707 1110 2774 eeclesiarum
1133 2724 1259 2789 resident,
1282 2724 1350 2775 nulli
1371 2708 1474 2774 liceat
1496 2723 1663 2790 distringere,
1686 2723 1891 2774 *redibitiones
1914 2706 1966 2773 vel
1988 2722 2096 2773 illicitas
2119 2723 2279 2773 occasiones
2305 2705 2355 2769 ln·

693 2819 889 2896 perpetuum
918 2824 1061 2893 requirere.
1107 2812 1141 2878 Si
1173 2814 1246 2899 quis
1269 2822 1378 2879 autem
1405 2812 1469 2878 hoc
1492 2812 1752 2879 contradixerit⁰
1780 2822 1813 2878 et
1834 2813 1920 2878 hanc
1943 2808 2114 2878 nostraml
2141 2810 2355 2877 oblationem

694 2915 870 3000 infringere
893 2918 1073 2997 conaverit,
1097 2933 1165 2982 sciat
1180 2947 1208 2982 se
1231 2948 1327 2997 penam
1342 2933 1552 2998 persolviturum
1576 2932 1720 2984 abbatibus
1735 2934 1820 2997 ipsius
1834 2932 1989 2983 monasterii
2011 2933 2182 2983 emunitatem
2199 2923 2355 2995 nostram',
2378 2930 2413 2978 20

660 3034 673 3083 1
696 3049 776 3100 quam
803 3036 833 3084 in
855 3036 978 3086 omnibus
1006 3037 1194 3087 constituimus
1223 3035 1351 3087 ecclesiis.
1395 3037 1433 3087 Et
1455 3040 1485 3086 ut
1513 3037 1562 3088 bec
1585 3038 1731 3087 auctoritas
1760 3036 1859 3087 firmior
1886 3037 2016 3087 habeatur
2038 3051 2070 3086 ac
2091 3053 2108 3085 ι
2130 3036 2180 3087 deo
2209 3029 2356 3084 auctore

693 3138 824 3192 inviolata
845 3145 1026 3202 conservetur,
1054 3155 1136 3190 manu
1157 3141 1268 3205 propria
1295 3141 1388 3190 subter
1409 3158 1426 3189 s
1449 3141 1575 3191 roborare
1607 3140 1772 3192 decrevimus
1795 3146 1822 3190 et
1844 3140 1925 3191 anulo
1948 3146 2039 3190 nostro
2069 3139 2188 3205 sigillare
2211 3141 2355 3190 iussimus.

697 3264 700 3269 ’
797 3276 908 3346 Signum
931 3271 983 3338 (Κ)
1005 3278 1095 3330 Caroli
1117 3261 1321 3344 gloriosissimis
1340 3273 1440 3345 regis⁸.

798 3399 880 3451 Iacob
903 3399 1023 3450 advicem
1045 3382 1181 3451 meonil.

764 3497 768 3500 ⁸
796 3523 870 3572 Data
898 3516 1016 3572 octavo
1049 3508 1177 3574 decimo
1205 3523 1335 3574 kalendae
1367 3530 1449 3573 mar.
1473 3538 1542 3573 anno
1567 3509 1733 3573 tricesimo
1760 3526 1836 3591 regni
1859 3525 1952 3587 nostri,
1987 3507 2165 3573 indictione
2188 3510 2357 3595 septima,
2381 3524 2415 3573 aa

695 3631 793 3707 aetum*
806 3608 957 3676 civitate¹
979 3611 1101 3697 Papia;
1125 3628 1153 3676 in
1176 3626 1219 3677 dei
1242 3628 1349 3677 nomine
1371 3627 1485 3678 feliciter
1508 3642 1593 3679 amen.

1483 3905 1570 3980 aec.
1651 3874 1652 3877 ‘

1433 4046 1611 4127 (Unecbt.)

696 4184 791 4256 Korl
818 4185 882 4254 der
913 4181 1041 4255 erosae
1067 4184 1205 4255 schemo
1231 4185 1309 4255 dem
1335 4183 1480 4255 Klostcr
1506 4185 1558 4256 M
1559 4187 1833 4258 catecussiao
1861 4186 2007 4270 eberolf,
2035 4210 2085 4257 uo
2120 4186 2267 4259 Waeser
2297 4194 2357 4263 ein

696 4304 927 4376 Klosterlced
953 4304 1200 4401 desclatum
1234 4304 1376 4377 ll'aaser
1402 4307 1467 4376 mit
1493 4308 1621 4378 seluern
1649 4306 1731 4377 Bell
1758 4310 1833 4379 aad
1859 4308 1978 4379 beiden
2015 4306 2136 4395 Βίωνι.
2384 4336 2419 4383 ιο

1859 4446 1953 4504 Para'u
1976 4446 2040 4506 798
2061 4445 2203 4504 Febrssur
2228 4444 2313 4531 [121.

799 4634 883 4692 Petri
904 4631 1035 4691 Diocoai
1056 4631 1230 4705 Registrum
1255 4633 1356 4696 Oasin.
1372 4651 1430 4692 aas
1454 4634 1506 4692 der
1527 4634 1615 4694 Mitte
1637 4636 1687 4695 des
1710 4639 1762 4695 12.
1780 4635 1833 4695 Ji.
1859 4628 1952 4706 [248'
1975 4640 2009 4693 ιθ
2022 4638 2085 4695 109
2108 4636 2151 4693 im
2173 4636 2295 4697 Archiv
2318 4660 2362 4700 aa

799 4738 1020 4798 Moatecossiao
1044 4737 1109 4814 (Β).

803 4879 886 4959 Tecti
910 4876 1011 4937 Stcrfc
1040 4876 1073 4934 di
1099 4874 1320 4935 Montecossino
1341 4883 1372 4949 1,
1404 4880 1447 4938 98
1475 4894 1533 4938 arse
1562 4878 1591 4936 Β
1626 4902 1666 4935 =
1701 4880 1805 4953 Mipae
1832 4880 1946 4939 Patrol.
1972 4884 2023 4952 97,
2053 4883 2138 4940 1044
2160 4886 2197 4937 η’
2215 4886 2275 4943 29.
2318 4920 2363 4929 —

799 4982 994 5042 Mablbocber
1015 4981 1086 5055 liep.
1111 4983 1174 5042 345
1199 4980 1298 5061 (336).
2038 5018 2042 5025 v
2390 5005 2425 5053 ab

803 5118 957 5192 Gefdlscbt
981 5118 1045 5192 aas
1067 5118 1243 5194 Grandlope
1264 5138 1320 5180 oon
1341 5126 1376 5179 ιθ
1390 5124 1454 5183 158
1478 5120 1546 5201 (egl.
1570 5124 1619 5183 die
1647 5123 1883 5197 Vorbcmerlsrmp
1904 5141 1946 5181 aa
1966 5130 2001 5181 ιθ
2014 5122 2104 5200 242),
2139 5125 2281 5185 noctes
2306 5146 2369 5188 oon

764 5270 767 5273 .
800 5226 863 5285 Leo
884 5227 929 5283 im
952 5223 1061 5287 Obrue
1087 5224 1188 5287 Coeia.
1210 5224 1238 5297 I,
1262 5229 1314 5296 12,
1337 5226 1383 5286 M.
1408 5226 1448 5286 G.
1473 5226 1526 5287 SS.
1551 5231 1580 5298 7,
1605 5229 1678 5287 589.

773 5410 834 5483 255,
853 5412 885 5475 k)
901 5410 1024 5479 singulas
1041 5412 1218 5463 monasterias
1235 5410 1264 5465 Β
1333 5410 1353 5476 l)
1371 5410 1592 5476 occupationibus
1612 5408 1634 5463 0
1702 5410 1739 5473 m)
1756 5414 1897 5478 geneneris
1916 5411 1951 5473 Β,
1970 5408 2157 5477 generibusO
2231 5414 2265 5479 n)
2286 5432 2368 5472 corr,

853 5495 907 5532 aas
925 5482 1055 5532 habentes
1073 5479 1101 5533 B
1186 5483 1215 5544 o)
1232 5481 1344 5532 admodo
1365 5478 1388 5533 0
1490 5480 1517 5547 p)
1535 5480 1698 5531 venerabilis
1716 5478 1744 5532 B
1836 5482 1863 5547 q)
1881 5478 2003 5534 desselbe
2026 5478 2175 5543 Wortlorst,
2195 5496 2232 5534 sss
2254 5484 2367 5541 desem

852 5548 1142 5618 psammatilcoliscber
1153 5547 1327 5617 Rs'cbtiplses't
1345 5548 1418 5602 oucb
1431 5547 1478 5602 die
1498 5548 1632 5603 Varietate
1649 5550 1761 5601 licentia
1778 5549 1810 5601 io
1824 5548 1845 5601 0
1856 5550 1945 5619 westip
1964 5549 2093 5618 beitrsipt
2112 5550 2144 5601 io
2161 5548 2214 5603 der
2231 5551 2366 5627 Vos-iope
2391 5560 2427 5608 ⁴0

779 5656 783 5665 .
852 5617 914 5671 aad
940 5617 973 5671 ιἰι
989 5617 1176 5671 Meibfbacber
1194 5618 1260 5687 Ray.
1279 5621 1333 5671 660
1350 5619 1425 5685 (646)
1501 5620 1526 5677 r)
1543 5620 1725 5670 venerabilem
1744 5618 1771 5672 Β
1841 5619 1864 5685 e)
1882 5622 1967 5671 nostri
1985 5618 2038 5672 ΒΟ
2104 5621 2126 5685 t)
2143 5620 2213 5672 locis
2231 5621 2292 5677 ΒΟ

851 5688 881 5754 u)
898 5700 970 5741 corr.
989 5702 1043 5740 cas
1060 5689 1187 5755 pubricus
1205 5686 1240 5748 B,
1267 5688 1370 5755 publici
1389 5685 1412 5742 0
1513 5688 1540 5752 v)
1557 5689 1697 5740 iudicialis
1719 5703 1790 5741 corr.
1810 5703 1864 5741 aas
1890 5688 2001 5740 iucialia
2018 5687 2046 5741 B
2149 5689 2186 5755 vv)
2203 5705 2284 5744 corr.
2304 5711 2366 5750 aas

851 5757 941 5808 nullas
959 5756 987 5810 Β
1066 5758 1095 5823 x)
1110 5758 1206 5808 cenobi
1225 5756 1252 5809 Β
1331 5757 1360 5823 y)
1378 5758 1486 5824 paginis
1504 5754 1563 5817 ΒΟ,
1581 5757 1678 5810 edessae
1696 5756 1728 5809 in
1747 5756 1797 5811 dar
1819 5756 1937 5826 Vorlcpe
2032 5757 2057 5825 n)
2075 5757 2213 5809 voluerint
2230 5759 2294 5816 BG

852 5826 880 5891 a)
897 5827 965 5878 fredi
983 5825 1040 5887 Bc,
1058 5826 1155 5879 eboreo
1172 5826 1205 5878 in
1224 5826 1274 5879 der
1296 5824 1415 5894 Vorlope
1483 5828 1511 5891 b)
1528 5826 1593 5878 fides
1612 5829 1737 5889 iussores,
1755 5830 1872 5878 iussores
1889 5825 2014 5880 swamoi
2050 5825 2209 5880 escbrc'cbeu
2226 5828 2269 5895 B,
2297 5834 2367 5888 tide-
2424 5856 2425 5859 ¹

852 5895 999 5948 iussoreO
1066 5896 1091 5962 c)
1107 5894 1355 5948 contradixerintO
1431 5895 1459 5961 d)
1477 5895 1607 5949 nostraB
1684 5898 1710 5961 e)
1728 5894 1897 5965 [em]unitate
1915 5904 2007 5948 nostra
2027 5843 2055 5961 d,
2074 5894 2120 5949 die
2136 5895 2241 5949 beiden
2263 5909 2370 5958 ersten
2393 5908 2430 5957 45

852 5964 1031 6018 Bscbatabeo
1049 5964 1211 6031 obpers'm
1279 5962 1528 6031 OgloncesimiB
1597 5966 1625 6031 g)
1644 5962 1772 6017 cerraccla
1790 5965 1822 6017 ia
1839 5963 1891 6017 ΒΟ
1907 5964 1954 6018 die
1971 5963 2128 6029 &fasidem
2147 5962 2372 6039 Sicgelicgende

852 6035 966 6086 Carolus
984 6036 1071 6102 gratia
1088 6034 1132 6084 dei
1149 6038 1294 6100 imperator
1312 6041 1441 6100 augumue
1460 6035 1504 6099 (=
1522 6044 1556 6086 0⁸⁰
1569 6035 1634 6100 242,
1651 6036 1718 6100 243)
1816 6033 2024 6100 mumoniae
2108 6038 2128 6100 i)
2146 6036 2176 6085 in
2196 6039 2322 6095 civitate
2343 6044 2375 6098 G,
