<?xml version="1.0" encoding="UTF-8"?>
<!DOCTYPE html PUBLIC "-//W3C//DTD XHTML 1.0 Transitional//EN"
    "http://www.w3.org/TR/xhtml1/DTD/xhtml1-transitional.dtd">
<html xmlns="http://www.w3.org/1999/xhtml" xml:lang="en" lang="en">
 <head>
  <title>
</title>
<meta http-equiv="Content-Type" content="text/html;charset=utf-8" />
  <meta name='ocr-system' content='tesseract 3.04.00' />
  <meta name='ocr-capabilities' content='ocr_page ocr_carea ocr_par ocr_line ocrx_word'/>
</head>
<body>
  <div class='ocr_page' id='page_1' title='image "./monumentagerman01goog/monumentagerman01goog_0327.png"; bbox 0 0 5642 7159; ppageno 0'>
   <div class='ocr_carea' id='block_1_1' title="bbox 685 756 1720 841">
    <p class='ocr_par' dir='ltr' id='par_1_1' title="bbox 685 756 1720 841">
     <span class='ocr_line' id='line_1_1' title="bbox 685 756 1720 841; baseline -0.011 -15"><span class='ocrx_word' id='word_1_1' title='bbox 685 761 750 841; x_wconf 82' lang='lat'><strong>314</strong></span> <span class='ocrx_word' id='word_1_2' title='bbox 1296 756 1720 819; x_wconf 70' lang='lat' dir='ltr'><strong>salassusuuunuu.</strong></span> 
     </span>
    </p>
   </div>
   <div class='ocr_carea' id='block_1_2' title="bbox 686 939 2338 1139">
    <p class='ocr_par' dir='ltr' id='par_1_2' title="bbox 686 939 2338 1139">
     <span class='ocr_line' id='line_1_2' title="bbox 788 939 2338 1015; baseline -0.008 0"><span class='ocrx_word' id='word_1_3' title='bbox 788 950 880 1015; x_wconf 88' lang='lat' dir='ltr'><strong>Data</strong></span> <span class='ocrx_word' id='word_1_4' title='bbox 901 966 952 1012; x_wconf 85' lang='lat' dir='ltr'><strong>x11</strong></span> <span class='ocrx_word' id='word_1_5' title='bbox 974 946 1042 1013; x_wconf 87' lang='lat' dir='ltr'><strong>kal.</strong></span> <span class='ocrx_word' id='word_1_6' title='bbox 1066 943 1217 1011; x_wconf 82' lang='lat' dir='ltr'><strong>novemb.</strong></span> <span class='ocrx_word' id='word_1_7' title='bbox 1242 965 1328 1011; x_wconf 93' lang='lat' dir='ltr'><strong>anno</strong></span> <span class='ocrx_word' id='word_1_8' title='bbox 1358 943 1401 1009; x_wconf 90' lang='lat' dir='ltr'><strong>ab</strong></span> <span class='ocrx_word' id='word_1_9' title='bbox 1430 942 1659 1008; x_wconf 75' lang='lat' dir='ltr'><strong>incarnatione</strong></span> <span class='ocrx_word' id='word_1_10' title='bbox 1683 941 1805 1007; x_wconf 92' lang='lat' dir='ltr'><strong>domini</strong></span> <span class='ocrx_word' id='word_1_11' title='bbox 1828 957 1918 1005; x_wconf 66' lang='lat' dir='ltr'><strong>nom</strong></span> <span class='ocrx_word' id='word_1_12' title='bbox 1926 989 2020 1007; x_wconf 92' lang='grc'><strong>.....</strong></span> <span class='ocrx_word' id='word_1_13' title='bbox 2032 950 2047 979; x_wconf 85' lang='lat'>⁸</span> <span class='ocrx_word' id='word_1_14' title='bbox 2069 939 2253 1007; x_wconf 76' lang='lat' dir='ltr'><strong>indictione</strong></span> <span class='ocrx_word' id='word_1_15' title='bbox 2276 956 2338 1011; x_wconf 83' lang='lat' dir='ltr'><strong>xv,</strong></span> 
     </span>
     <span class='ocr_line' id='line_1_3' title="bbox 686 1052 1692 1139; baseline -0.007 -19"><span class='ocrx_word' id='word_1_16' title='bbox 686 1075 773 1121; x_wconf 92' lang='lat' dir='ltr'><strong>anno</strong></span> <span class='ocrx_word' id='word_1_17' title='bbox 795 1054 888 1137; x_wconf 87' lang='lat' dir='ltr'><strong>regni</strong></span> <span class='ocrx_word' id='word_1_18' title='bbox 911 1052 1013 1117; x_wconf 91' lang='lat' dir='ltr'><strong>nostri</strong></span> <span class='ocrx_word' id='word_1_19' title='bbox 1037 1067 1134 1133; x_wconf 85' lang='lat' dir='ltr'>v1111;</span> <span class='ocrx_word' id='word_1_20' title='bbox 1156 1070 1246 1115; x_wconf 80' lang='lat' dir='ltr'><strong>actum</strong></span> <span class='ocrx_word' id='word_1_21' title='bbox 1269 1063 1553 1139; x_wconf 81' lang='lat' dir='ltr'><strong>Wormaciacivitate</strong></span> <span class='ocrx_word' id='word_1_22' title='bbox 1575 1062 1692 1129; x_wconf 82' lang='lat' dir='ltr'><strong>puplica.</strong></span> 
     </span>
    </p>
   </div>
   <div class='ocr_carea' id='block_1_3' title="bbox 1420 1373 1601 1613">
    <p class='ocr_par' dir='ltr' id='par_1_3' title="bbox 1420 1373 1601 1613">
     <span class='ocr_line' id='line_1_4' title="bbox 1473 1373 1560 1450; baseline 0.011 -1"><span class='ocrx_word' id='word_1_23' title='bbox 1473 1373 1560 1450; x_wconf 81' lang='lat'>230.</span> 
     </span>
     <span class='ocr_line' id='line_1_5' title="bbox 1420 1536 1601 1613; baseline -0.017 -17"><span class='ocrx_word' id='word_1_24' title='bbox 1420 1536 1601 1613; x_wconf 79' lang='lat' dir='ltr'><strong>(Uaectt.)</strong></span> 
     </span>
    </p>
   </div>
   <div class='ocr_carea' id='block_1_4' title="bbox 687 1672 2382 2010">
    <p class='ocr_par' dir='ltr' id='par_1_4' title="bbox 687 1672 2382 2010">
     <span class='ocr_line' id='line_1_6' title="bbox 687 1672 2382 1765; baseline -0.006 -12"><span class='ocrx_word' id='word_1_25' title='bbox 687 1682 782 1753; x_wconf 78' lang='lat' dir='ltr'><strong>Korl</strong></span> <span class='ocrx_word' id='word_1_26' title='bbox 803 1683 866 1753; x_wconf 81' lang='lat' dir='ltr'><strong>der</strong></span> <span class='ocrx_word' id='word_1_27' title='bbox 891 1679 1018 1752; x_wconf 76' lang='lat' dir='ltr'><strong>Groese</strong></span> <span class='ocrx_word' id='word_1_28' title='bbox 1038 1679 1275 1751; x_wconf 66' lang='lat' dir='ltr'><strong>sennensem</strong></span> <span class='ocrx_word' id='word_1_29' title='bbox 1296 1676 1367 1748; x_wconf 78' lang='lat' dir='ltr'><strong>Aes</strong></span> <span class='ocrx_word' id='word_1_30' title='bbox 1392 1676 1497 1749; x_wconf 81' lang='lat' dir='ltr'><strong>Otho</strong></span> <span class='ocrx_word' id='word_1_31' title='bbox 1518 1676 1725 1748; x_wconf 80' lang='lat' dir='ltr'><strong>Fiscoliond</strong></span> <span class='ocrx_word' id='word_1_32' title='bbox 1745 1699 1810 1747; x_wconf 74' lang='lat' dir='ltr'><strong>zor</strong></span> <span class='ocrx_word' id='word_1_33' title='bbox 1830 1674 2050 1765; x_wconf 64' lang='lat' dir='ltr'><strong>Brrmhteop</strong></span> <span class='ocrx_word' id='word_1_34' title='bbox 2070 1674 2161 1745; x_wconf 82' lang='lat' dir='ltr'><strong>cinos</strong></span> <span class='ocrx_word' id='word_1_35' title='bbox 2174 1672 2342 1745; x_wconf 83' lang='lat' dir='ltr'><strong>Kiostcrs</strong></span> <span class='ocrx_word' id='word_1_36' title='bbox 2366 1696 2382 1743; x_wconf 84' lang='lat' dir='ltr'><strong>s</strong></span> 
     </span>
     <span class='ocr_line' id='line_1_7' title="bbox 687 1793 2342 1891; baseline -0.005 -18"><span class='ocrx_word' id='word_1_37' title='bbox 687 1806 747 1875; x_wconf 83' lang='lat' dir='ltr'><strong>des</strong></span> <span class='ocrx_word' id='word_1_38' title='bbox 773 1802 807 1875; x_wconf 77' lang='grc' dir='ltr'><strong>Ιι.</strong></span> <span class='ocrx_word' id='word_1_39' title='bbox 836 1801 1018 1874; x_wconf 78' lang='lat' dir='ltr'><strong>Jotnnnes</strong></span> <span class='ocrx_word' id='word_1_40' title='bbox 1044 1802 1104 1873; x_wconf 82' lang='lat' dir='ltr'><strong>des</strong></span> <span class='ocrx_word' id='word_1_41' title='bbox 1133 1797 1285 1887; x_wconf 74' lang='lat' dir='ltr'><strong>Tdefers</strong></span> <span class='ocrx_word' id='word_1_42' title='bbox 1312 1797 1498 1891; x_wconf 76' lang='lat' dir='ltr'><strong>(Sardo),</strong></span> <span class='ocrx_word' id='word_1_43' title='bbox 1540 1796 1712 1869; x_wconf 81' lang='lat' dir='ltr'><strong>bestimmt</strong></span> <span class='ocrx_word' id='word_1_44' title='bbox 1738 1798 1795 1868; x_wconf 83' lang='lat' dir='ltr'><strong>die</strong></span> <span class='ocrx_word' id='word_1_45' title='bbox 1821 1794 1962 1868; x_wconf 69' lang='lat' dir='ltr'><strong>Acesti</strong></span> <span class='ocrx_word' id='word_1_46' title='bbox 1996 1796 2059 1866; x_wconf 78' lang='lat' dir='ltr'><strong>der</strong></span> <span class='ocrx_word' id='word_1_47' title='bbox 2085 1793 2235 1866; x_wconf 71' lang='lat' dir='ltr'><strong>Moscha</strong></span> <span class='ocrx_word' id='word_1_48' title='bbox 2263 1794 2342 1865; x_wconf 76' lang='lat' dir='ltr'><strong>aad</strong></span> 
     </span>
     <span class='ocr_line' id='line_1_8' title="bbox 687 1917 1572 2010; baseline -0.007 -15"><span class='ocrx_word' id='word_1_49' title='bbox 687 1924 830 1995; x_wconf 77' lang='lat' dir='ltr'><strong>ccimirt</strong></span> <span class='ocrx_word' id='word_1_50' title='bbox 856 1924 904 1993; x_wconf 73' lang='lat' dir='ltr'><strong>sie</strong></span> <span class='ocrx_word' id='word_1_51' title='bbox 930 1945 997 1995; x_wconf 79' lang='lat' dir='ltr'><strong>oon</strong></span> <span class='ocrx_word' id='word_1_52' title='bbox 1019 1922 1122 2010; x_wconf 71' lang='lat' dir='ltr'><strong>,jeder</strong></span> <span class='ocrx_word' id='word_1_53' title='bbox 1148 1918 1396 2007; x_wconf 73' lang='lat' dir='ltr'><strong>hischhfiichen</strong></span> <span class='ocrx_word' id='word_1_54' title='bbox 1429 1917 1572 1989; x_wconf 59' lang='lat' dir='ltr'><strong>(sennis.</strong></span> 
     </span>
    </p>
   </div>
   <div class='ocr_carea' id='block_1_5' title="bbox 1976 2019 2294 2094">
    <p class='ocr_par' dir='ltr' id='par_1_5' title="bbox 1976 2019 2294 2094">
     <span class='ocr_line' id='line_1_9' title="bbox 1976 2019 2294 2094; baseline -0.003 -13"><span class='ocrx_word' id='word_1_55' title='bbox 1976 2022 2050 2081; x_wconf 74' lang='lat' dir='ltr'><strong>Dae</strong></span> <span class='ocrx_word' id='word_1_56' title='bbox 2073 2023 2136 2081; x_wconf 85' lang='grc'><strong>778</strong></span> <span class='ocrx_word' id='word_1_57' title='bbox 2160 2019 2294 2094; x_wconf 75' lang='lat' dir='ltr'><strong>Aupust.</strong></span> 
     </span>
    </p>
   </div>
   <div class='ocr_carea' id='block_1_6' title="bbox 791 2210 2340 2291">
    <p class='ocr_par' dir='ltr' id='par_1_6' title="bbox 791 2210 2340 2291">
     <span class='ocr_line' id='line_1_10' title="bbox 791 2210 2340 2291; baseline -0.001 -14"><span class='ocrx_word' id='word_1_58' title='bbox 791 2214 948 2287; x_wconf 71' lang='lat' dir='ltr'><strong>Abachss‘ft</strong></span> <span class='ocrx_word' id='word_1_59' title='bbox 971 2215 1020 2274; x_wconf 79' lang='lat' dir='ltr'><strong>dee</strong></span> <span class='ocrx_word' id='word_1_60' title='bbox 1043 2219 1094 2275; x_wconf 84' lang='lat'><strong>17.</strong></span> <span class='ocrx_word' id='word_1_61' title='bbox 1119 2213 1173 2276; x_wconf 78' lang='lat' dir='ltr'><strong>Jh.</strong></span> <span class='ocrx_word' id='word_1_62' title='bbox 1199 2213 1270 2274; x_wconf 85' lang='lat' dir='ltr'><strong>Cotl.</strong></span> <span class='ocrx_word' id='word_1_63' title='bbox 1294 2213 1413 2273; x_wconf 75' lang='lat' dir='ltr'><strong>Beluae</strong></span> <span class='ocrx_word' id='word_1_64' title='bbox 1434 2216 1476 2274; x_wconf 88' lang='grc'><strong>46</strong></span> <span class='ocrx_word' id='word_1_65' title='bbox 1500 2212 1525 2287; x_wconf 76' lang='lat' dir='ltr'><strong>s.</strong></span> <span class='ocrx_word' id='word_1_66' title='bbox 1549 2216 1612 2274; x_wconf 75' lang='lat'><strong>423</strong></span> <span class='ocrx_word' id='word_1_67' title='bbox 1635 2215 1668 2273; x_wconf 81' lang='lat' dir='ltr'><strong>ia</strong></span> <span class='ocrx_word' id='word_1_68' title='bbox 1691 2213 1745 2273; x_wconf 82' lang='lat' dir='ltr'><strong>der</strong></span> <span class='ocrx_word' id='word_1_69' title='bbox 1766 2213 2070 2275; x_wconf 77' lang='lat' dir='ltr'><strong>Natioaolbihliothet</strong></span> <span class='ocrx_word' id='word_1_70' title='bbox 2091 2231 2132 2272; x_wconf 77' lang='lat' dir='ltr'><strong>eu</strong></span> <span class='ocrx_word' id='word_1_71' title='bbox 2153 2214 2246 2273; x_wconf 82' lang='lat' dir='ltr'><strong>Paris</strong></span> <span class='ocrx_word' id='word_1_72' title='bbox 2271 2210 2340 2291; x_wconf 88' lang='lat' dir='ltr'>(B).</span> 
     </span>
    </p>
   </div>
   <div class='ocr_carea' id='block_1_7' title="bbox 792 2351 2399 2532">
    <p class='ocr_par' dir='ltr' id='par_1_7' title="bbox 792 2351 2399 2532">
     <span class='ocr_line' id='line_1_11' title="bbox 797 2351 2399 2430; baseline -0.002 -12"><span class='ocrx_word' id='word_1_73' title='bbox 797 2355 993 2430; x_wconf 74' lang='lat' dir='ltr'><strong>Uapedruclst.</strong></span> <span class='ocrx_word' id='word_1_74' title='bbox 1017 2354 1122 2428; x_wconf 77' lang='lat' dir='ltr'><strong>Repest</strong></span> <span class='ocrx_word' id='word_1_75' title='bbox 1143 2355 1178 2411; x_wconf 78' lang='lat' dir='ltr'><strong>iss</strong></span> <span class='ocrx_word' id='word_1_76' title='bbox 1199 2352 1430 2427; x_wconf 75' lang='lat' dir='ltr'><strong>Mittheiianyea</strong></span> <span class='ocrx_word' id='word_1_77' title='bbox 1452 2352 1501 2412; x_wconf 80' lang='lat' dir='ltr'><strong>des</strong></span> <span class='ocrx_word' id='word_1_78' title='bbox 1517 2353 1659 2413; x_wconf 68' lang='lat' dir='ltr'><strong>Instituta</strong></span> <span class='ocrx_word' id='word_1_79' title='bbox 1682 2351 1778 2426; x_wconf 68' lang='lat' dir='ltr'><strong>fidet.</strong></span> <span class='ocrx_word' id='word_1_80' title='bbox 1798 2351 1864 2415; x_wconf 62' lang='lat'><strong>(31⁴⁷,</strong></span> <span class='ocrx_word' id='word_1_81' title='bbox 1881 2356 1933 2424; x_wconf 87' lang='lat'><strong>16,</strong></span> <span class='ocrx_word' id='word_1_82' title='bbox 1955 2356 2020 2414; x_wconf 83' lang='lat'><strong>219</strong></span> <span class='ocrx_word' id='word_1_83' title='bbox 2042 2358 2078 2412; x_wconf 57' lang='grc' dir='ltr'><strong>πθ</strong></span> <span class='ocrx_word' id='word_1_84' title='bbox 2091 2356 2132 2412; x_wconf 85' lang='grc'><strong>14</strong></span> <span class='ocrx_word' id='word_1_85' title='bbox 2155 2370 2212 2413; x_wconf 83' lang='lat' dir='ltr'><strong>aas</strong></span> <span class='ocrx_word' id='word_1_86' title='bbox 2228 2353 2268 2413; x_wconf 86' lang='lat' dir='ltr'><strong>B.</strong></span> <span class='ocrx_word' id='word_1_87' title='bbox 2297 2387 2341 2395; x_wconf 92' lang='lat'>—</span> <span class='ocrx_word' id='word_1_88' title='bbox 2367 2366 2399 2415; x_wconf 84' lang='grc' dir='ltr'><strong>ιο</strong></span> 
     </span>
     <span class='ocr_line' id='line_1_12' title="bbox 792 2458 1180 2532; baseline -0.01 -11"><span class='ocrx_word' id='word_1_89' title='bbox 792 2458 987 2521; x_wconf 72' lang='lat' dir='ltr'><strong>Matthacter</strong></span> <span class='ocrx_word' id='word_1_90' title='bbox 1008 2458 1082 2532; x_wconf 70' lang='lat' dir='ltr'><strong>sn.</strong></span> <span class='ocrx_word' id='word_1_91' title='bbox 1105 2460 1180 2518; x_wconf 74' lang='lat'><em>215.</em></span> 
     </span>
    </p>
   </div>
   <div class='ocr_carea' id='block_1_8' title="bbox 791 2594 2410 4856">
    <p class='ocr_par' dir='ltr' id='par_1_8' title="bbox 791 2594 2399 3191">
     <span class='ocr_line' id='line_1_13' title="bbox 791 2594 2344 2677; baseline -0.002 -18"><span class='ocrx_word' id='word_1_92' title='bbox 791 2599 963 2673; x_wconf 61' lang='lat' dir='ltr'><strong>Faecenia</strong></span> <span class='ocrx_word' id='word_1_93' title='bbox 992 2598 1065 2657; x_wconf 76' lang='lat' dir='ltr'><strong>ohne</strong></span> <span class='ocrx_word' id='word_1_94' title='bbox 1094 2598 1172 2657; x_wconf 80' lang='lat' dir='ltr'><strong>echte</strong></span> <span class='ocrx_word' id='word_1_95' title='bbox 1202 2596 1335 2677; x_wconf 72' lang='lat' dir='ltr'><strong>Vorlape,</strong></span> <span class='ocrx_word' id='word_1_96' title='bbox 1369 2613 1432 2655; x_wconf 79' lang='lat' dir='ltr'><strong>aar</strong></span> <span class='ocrx_word' id='word_1_97' title='bbox 1459 2596 1512 2655; x_wconf 83' lang='lat' dir='ltr'><strong>der</strong></span> <span class='ocrx_word' id='word_1_98' title='bbox 1538 2595 1688 2657; x_wconf 81' lang='lat' dir='ltr'><strong>verderhte</strong></span> <span class='ocrx_word' id='word_1_99' title='bbox 1716 2595 1797 2654; x_wconf 82' lang='lat' dir='ltr'><strong>Titel</strong></span> <span class='ocrx_word' id='word_1_100' title='bbox 1824 2594 1932 2655; x_wconf 69' lang='lat' dir='ltr'><strong>Maste</strong></span> <span class='ocrx_word' id='word_1_101' title='bbox 1960 2594 2023 2667; x_wconf 76' lang='lat' dir='ltr'><strong>aas</strong></span> <span class='ocrx_word' id='word_1_102' title='bbox 2047 2596 2229 2671; x_wconf 71' lang='lat' dir='ltr'><strong>Beaetsanp</strong></span> <span class='ocrx_word' id='word_1_103' title='bbox 2257 2598 2344 2656; x_wconf 78' lang='lat' dir='ltr'><strong>einer</strong></span> 
     </span>
     <span class='ocr_line' id='line_1_14' title="bbox 792 2698 2342 2775; baseline -0.003 -11"><span class='ocrx_word' id='word_1_104' title='bbox 792 2706 891 2764; x_wconf 79' lang='lat' dir='ltr'><strong>cettan</strong></span> <span class='ocrx_word' id='word_1_105' title='bbox 919 2702 1061 2763; x_wconf 76' lang='lat' dir='ltr'><strong>Urkaadc</strong></span> <span class='ocrx_word' id='word_1_106' title='bbox 1082 2718 1138 2761; x_wconf 82' lang='lat' dir='ltr'><strong>oon</strong></span> <span class='ocrx_word' id='word_1_107' title='bbox 1161 2703 1333 2761; x_wconf 76' lang='lat'><em>768-774</em></span> <span class='ocrx_word' id='word_1_108' title='bbox 1355 2701 1472 2762; x_wconf 77' lang='lat' dir='ltr'><strong>waiam.</strong></span> <span class='ocrx_word' id='word_1_109' title='bbox 1509 2698 1549 2759; x_wconf 82' lang='lat' dir='ltr'><strong>Ia</strong></span> <span class='ocrx_word' id='word_1_110' title='bbox 1571 2701 1653 2759; x_wconf 79' lang='lat' dir='ltr'><strong>einer</strong></span> <span class='ocrx_word' id='word_1_111' title='bbox 1679 2699 1823 2761; x_wconf 79' lang='lat' dir='ltr'><strong>Urkondc</strong></span> <span class='ocrx_word' id='word_1_112' title='bbox 1843 2700 1945 2775; x_wconf 65' lang='lat' dir='ltr'><strong>Konta</strong></span> <span class='ocrx_word' id='word_1_113' title='bbox 1965 2700 2061 2761; x_wconf 82' lang='lat' dir='ltr'><strong>Koria</strong></span> <span class='ocrx_word' id='word_1_114' title='bbox 2088 2700 2154 2760; x_wconf 85' lang='lat' dir='ltr'><strong>VII</strong></span> <span class='ocrx_word' id='word_1_115' title='bbox 2173 2717 2230 2760; x_wconf 80' lang='lat' dir='ltr'><strong>oon</strong></span> <span class='ocrx_word' id='word_1_116' title='bbox 2253 2702 2342 2761; x_wconf 85' lang='grc'><strong><em>1454</em></strong></span> 
     </span>
     <span class='ocr_line' id='line_1_15' title="bbox 793 2801 2343 2886; baseline -0.005 -17"><span class='ocrx_word' id='word_1_117' title='bbox 793 2809 873 2883; x_wconf 79' lang='lat' dir='ltr'><strong>Sept.</strong></span> <span class='ocrx_word' id='word_1_118' title='bbox 897 2811 917 2867; x_wconf 91' lang='grc'><strong><em>4</em></strong></span> <span class='ocrx_word' id='word_1_119' title='bbox 942 2805 1112 2886; x_wconf 79' lang='lat' dir='ltr'><strong>(Abschrist</strong></span> <span class='ocrx_word' id='word_1_120' title='bbox 1134 2805 1184 2865; x_wconf 84' lang='lat' dir='ltr'><strong>des</strong></span> <span class='ocrx_word' id='word_1_121' title='bbox 1208 2808 1259 2866; x_wconf 84' lang='grc'><strong>18.</strong></span> <span class='ocrx_word' id='word_1_122' title='bbox 1284 2804 1337 2864; x_wconf 80' lang='lat' dir='ltr'><strong>Jh.</strong></span> <span class='ocrx_word' id='word_1_123' title='bbox 1361 2821 1417 2863; x_wconf 82' lang='lat' dir='ltr'><strong>aas</strong></span> <span class='ocrx_word' id='word_1_124' title='bbox 1440 2804 1767 2864; x_wconf 79' lang='lat' dir='ltr'><strong>Notariatatranssomt</strong></span> <span class='ocrx_word' id='word_1_125' title='bbox 1790 2806 1823 2863; x_wconf 82' lang='lat' dir='ltr'><strong>in</strong></span> <span class='ocrx_word' id='word_1_126' title='bbox 1847 2801 1918 2865; x_wconf 82' lang='lat' dir='ltr'><strong>Ooll.</strong></span> <span class='ocrx_word' id='word_1_127' title='bbox 1942 2804 2115 2865; x_wconf 80' lang='lat' dir='ltr'><strong>Fontaniea</strong></span> <span class='ocrx_word' id='word_1_128' title='bbox 2138 2805 2202 2865; x_wconf 81' lang='lat'><strong>523</strong></span> <span class='ocrx_word' id='word_1_129' title='bbox 2229 2806 2265 2863; x_wconf 78' lang='lat' dir='ltr'><strong>in</strong></span> <span class='ocrx_word' id='word_1_130' title='bbox 2287 2804 2343 2863; x_wconf 79' lang='lat' dir='ltr'><strong>der</strong></span> 
     </span>
     <span class='ocr_line' id='line_1_16' title="bbox 791 2906 2399 2987; baseline -0.002 -14"><span class='ocrx_word' id='word_1_131' title='bbox 791 2910 1095 2973; x_wconf 80' lang='lat' dir='ltr'><strong>Notionolhitltothak</strong></span> <span class='ocrx_word' id='word_1_132' title='bbox 1109 2927 1150 2969; x_wconf 75' lang='lat' dir='ltr'><strong>aa</strong></span> <span class='ocrx_word' id='word_1_133' title='bbox 1164 2908 1269 2987; x_wconf 77' lang='lat' dir='ltr'><strong>Pass&#39;s)</strong></span> <span class='ocrx_word' id='word_1_134' title='bbox 1292 2908 1369 2968; x_wconf 84' lang='lat' dir='ltr'><strong>soird</strong></span> <span class='ocrx_word' id='word_1_135' title='bbox 1384 2907 1505 2979; x_wconf 69' lang='lat' dir='ltr'><strong>arsam,</strong></span> <span class='ocrx_word' id='word_1_136' title='bbox 1530 2908 1601 2967; x_wconf 78' lang='lat' dir='ltr'><strong>dass</strong></span> <span class='ocrx_word' id='word_1_137' title='bbox 1616 2907 1669 2966; x_wconf 83' lang='lat' dir='ltr'><strong>der</strong></span> <span class='ocrx_word' id='word_1_138' title='bbox 1684 2908 1742 2967; x_wconf 83' lang='lat' dir='ltr'><strong>Aht</strong></span> <span class='ocrx_word' id='word_1_139' title='bbox 1757 2924 1813 2967; x_wconf 83' lang='lat' dir='ltr'><strong>oon</strong></span> <span class='ocrx_word' id='word_1_140' title='bbox 1830 2906 1923 2968; x_wconf 83' lang='lat' dir='ltr'><strong>Sorde</strong></span> <span class='ocrx_word' id='word_1_141' title='bbox 1945 2909 2085 2983; x_wconf 77' lang='lat' dir='ltr'><strong>quoddam</strong></span> <span class='ocrx_word' id='word_1_142' title='bbox 2101 2908 2341 2985; x_wconf 79' lang='lat' dir='ltr'><strong>martyrologium</strong></span> <span class='ocrx_word' id='word_1_143' title='bbox 2367 2920 2399 2970; x_wconf 78' lang='lat' dir='ltr'><strong>re</strong></span> 
     </span>
     <span class='ocr_line' id='line_1_17' title="bbox 793 3010 2342 3093; baseline -0.005 -16"><span class='ocrx_word' id='word_1_144' title='bbox 793 3017 953 3093; x_wconf 87' lang='lat' dir='ltr'><strong>antiquum,</strong></span> <span class='ocrx_word' id='word_1_145' title='bbox 970 3015 1001 3074; x_wconf 92' lang='lat' dir='ltr'><strong>in</strong></span> <span class='ocrx_word' id='word_1_146' title='bbox 1017 3032 1073 3091; x_wconf 87' lang='lat' dir='ltr'><strong>quo</strong></span> <span class='ocrx_word' id='word_1_147' title='bbox 1085 3014 1198 3090; x_wconf 83' lang='lat' dir='ltr'><strong>quidem</strong></span> <span class='ocrx_word' id='word_1_148' title='bbox 1215 3015 1298 3074; x_wconf 89' lang='lat' dir='ltr'><strong>erent</strong></span> <span class='ocrx_word' id='word_1_149' title='bbox 1313 3012 1472 3090; x_wconf 76' lang='lat' dir='ltr'><strong>descriptae</strong></span> <span class='ocrx_word' id='word_1_150' title='bbox 1487 3011 1657 3072; x_wconf 78' lang='lat' dir='ltr'><strong>donationes</strong></span> <span class='ocrx_word' id='word_1_151' title='bbox 1673 3014 1701 3073; x_wconf 91' lang='lat' dir='ltr'><strong>et</strong></span> <span class='ocrx_word' id='word_1_152' title='bbox 1716 3012 1878 3073; x_wconf 87' lang='lat' dir='ltr'><strong>dotationes</strong></span> <span class='ocrx_word' id='word_1_153' title='bbox 1895 3012 2001 3088; x_wconf 84' lang='lat' dir='ltr'><strong>regiae,</strong></span> <span class='ocrx_word' id='word_1_154' title='bbox 2017 3010 2257 3087; x_wconf 61' lang='lat' dir='ltr'><strong>corpolentiam,</strong></span> <span class='ocrx_word' id='word_1_155' title='bbox 2273 3011 2342 3070; x_wconf 79' lang='lat' dir='ltr'><strong>aad</strong></span> 
     </span>
     <span class='ocr_line' id='line_1_18' title="bbox 791 3114 2341 3191; baseline -0.005 -11"><span class='ocrx_word' id='word_1_156' title='bbox 791 3123 865 3182; x_wconf 72' lang='lat' dir='ltr'><strong>ater</strong></span> <span class='ocrx_word' id='word_1_157' title='bbox 879 3119 926 3178; x_wconf 81' lang='lat' dir='ltr'><strong>die</strong></span> <span class='ocrx_word' id='word_1_158' title='bbox 940 3118 1099 3179; x_wconf 71' lang='lat' dir='ltr'><strong>Richtehr</strong></span> <span class='ocrx_word' id='word_1_159' title='bbox 1112 3117 1206 3178; x_wconf 87' lang='lat' dir='ltr'><strong>Korls</strong></span> <span class='ocrx_word' id='word_1_160' title='bbox 1221 3134 1279 3178; x_wconf 78' lang='lat' dir='ltr'><strong>aas</strong></span> <span class='ocrx_word' id='word_1_161' title='bbox 1294 3116 1428 3190; x_wconf 64' lang='lat' dir='ltr'><strong>spanum</strong></span> <span class='ocrx_word' id='word_1_162' title='bbox 1442 3116 1507 3175; x_wconf 79' lang='lat' dir='ltr'><strong>aad</strong></span> <span class='ocrx_word' id='word_1_163' title='bbox 1523 3116 1571 3175; x_wconf 82' lang='lat' dir='ltr'><strong>die</strong></span> <span class='ocrx_word' id='word_1_164' title='bbox 1585 3116 1769 3191; x_wconf 72' lang='lat' dir='ltr'><strong>Besoeiauap</strong></span> <span class='ocrx_word' id='word_1_165' title='bbox 1785 3116 1834 3175; x_wconf 80' lang='lat' dir='ltr'><strong>des</strong></span> <span class='ocrx_word' id='word_1_166' title='bbox 1849 3114 2043 3188; x_wconf 77' lang='lat' dir='ltr'><strong>Eratischofe</strong></span> <span class='ocrx_word' id='word_1_167' title='bbox 2060 3115 2180 3189; x_wconf 73' lang='lat' dir='ltr'><strong>Turpia</strong></span> <span class='ocrx_word' id='word_1_168' title='bbox 2192 3114 2341 3189; x_wconf 76' lang='lat' dir='ltr'><strong>ycfahelt:</strong></span> 
     </span>
    </p>

    <p class='ocr_par' dir='ltr' id='par_1_9' title="bbox 792 3220 2401 3821">
     <span class='ocr_line' id='line_1_19' title="bbox 793 3220 2341 3299; baseline -0.003 -14"><span class='ocrx_word' id='word_1_169' title='bbox 793 3226 836 3285; x_wconf 88' lang='lat' dir='ltr'><strong>Ob</strong></span> <span class='ocrx_word' id='word_1_170' title='bbox 859 3241 983 3284; x_wconf 90' lang='lat' dir='ltr'><strong>amorem</strong></span> <span class='ocrx_word' id='word_1_171' title='bbox 1007 3222 1098 3299; x_wconf 79' lang='lat' dir='ltr'><strong>igitur</strong></span> <span class='ocrx_word' id='word_1_172' title='bbox 1120 3221 1201 3283; x_wconf 89' lang='lat' dir='ltr'><strong>cuius</strong></span> <span class='ocrx_word' id='word_1_173' title='bbox 1230 3238 1264 3281; x_wconf 89' lang='lat' dir='ltr'><strong>ac</strong></span> <span class='ocrx_word' id='word_1_174' title='bbox 1287 3220 1462 3294; x_wconf 85' lang='lat' dir='ltr'><strong>monasterii,</strong></span> <span class='ocrx_word' id='word_1_175' title='bbox 1493 3222 1568 3296; x_wconf 88' lang='lat' dir='ltr'><strong>quod</strong></span> <span class='ocrx_word' id='word_1_176' title='bbox 1592 3220 1783 3294; x_wconf 83' lang='lat' dir='ltr'><strong>edificaverat,</strong></span> <span class='ocrx_word' id='word_1_177' title='bbox 1817 3220 1897 3281; x_wconf 84' lang='lat' dir='ltr'><strong>dedit</strong></span> <span class='ocrx_word' id='word_1_178' title='bbox 1917 3222 1953 3281; x_wconf 90' lang='lat' dir='ltr'><strong>ad</strong></span> <span class='ocrx_word' id='word_1_179' title='bbox 1976 3238 2001 3283; x_wconf 93' lang='lat' dir='ltr'><strong>s.</strong></span> <span class='ocrx_word' id='word_1_180' title='bbox 2025 3220 2164 3281; x_wconf 81' lang='lat' dir='ltr'><strong>Iohannis</strong></span> <span class='ocrx_word' id='word_1_181' title='bbox 2186 3220 2341 3299; x_wconf 79' lang='lat' dir='ltr'><strong>Baptistae</strong></span> 
     </span>
     <span class='ocr_line' id='line_1_20' title="bbox 793 3324 2341 3401; baseline -0.003 -12"><span class='ocrx_word' id='word_1_182' title='bbox 793 3327 966 3389; x_wconf 86' lang='lat' dir='ltr'><strong>monasterio</strong></span> <span class='ocrx_word' id='word_1_183' title='bbox 989 3326 1094 3400; x_wconf 88' lang='lat' dir='ltr'><strong>omnia,</strong></span> <span class='ocrx_word' id='word_1_184' title='bbox 1118 3343 1190 3401; x_wconf 90' lang='lat' dir='ltr'><strong>quse</strong></span> <span class='ocrx_word' id='word_1_185' title='bbox 1213 3324 1291 3384; x_wconf 86' lang='lat' dir='ltr'><strong>infra</strong></span> <span class='ocrx_word' id='word_1_186' title='bbox 1305 3327 1378 3385; x_wconf 88' lang='lat' dir='ltr'><strong>duas</strong></span> <span class='ocrx_word' id='word_1_187' title='bbox 1400 3340 1492 3401; x_wconf 87' lang='lat' dir='ltr'><strong>squas</strong></span> <span class='ocrx_word' id='word_1_188' title='bbox 1508 3327 1599 3397; x_wconf 88' lang='lat' dir='ltr'><strong>erant,</strong></span> <span class='ocrx_word' id='word_1_189' title='bbox 1624 3324 1699 3385; x_wconf 90' lang='lat' dir='ltr'><strong>inter</strong></span> <span class='ocrx_word' id='word_1_190' title='bbox 1716 3324 1860 3385; x_wconf 80' lang='lat' dir='ltr'><strong>Generum</strong></span> <span class='ocrx_word' id='word_1_191' title='bbox 1883 3327 1912 3385; x_wconf 93' lang='lat' dir='ltr'><strong>et</strong></span> <span class='ocrx_word' id='word_1_192' title='bbox 1925 3325 2040 3399; x_wconf 88' lang='lat' dir='ltr'><strong>flumen,</strong></span> <span class='ocrx_word' id='word_1_193' title='bbox 2064 3327 2124 3385; x_wconf 88' lang='lat' dir='ltr'><strong>tem</strong></span> <span class='ocrx_word' id='word_1_194' title='bbox 2139 3326 2236 3401; x_wconf 83' lang='lat' dir='ltr'><strong>sylvas</strong></span> <span class='ocrx_word' id='word_1_195' title='bbox 2251 3342 2341 3401; x_wconf 87' lang='lat' dir='ltr'><strong>quam</strong></span> 
     </span>
     <span class='ocr_line' id='line_1_21' title="bbox 793 3427 2401 3507; baseline -0.001 -14"><span class='ocrx_word' id='word_1_196' title='bbox 793 3435 895 3500; x_wconf 71' lang='lat' dir='ltr'><strong>terras</strong></span> <span class='ocrx_word' id='word_1_197' title='bbox 919 3433 977 3490; x_wconf 84' lang='lat' dir='ltr'><strong>tam</strong></span> <span class='ocrx_word' id='word_1_198' title='bbox 1001 3446 1092 3507; x_wconf 86' lang='lat' dir='ltr'><strong>equas</strong></span> <span class='ocrx_word' id='word_1_199' title='bbox 1107 3446 1194 3506; x_wconf 88' lang='lat' dir='ltr'><strong>qnam</strong></span> <span class='ocrx_word' id='word_1_200' title='bbox 1217 3444 1354 3505; x_wconf 89' lang='lat' dir='ltr'><strong>aqnamm</strong></span> <span class='ocrx_word' id='word_1_201' title='bbox 1377 3427 1493 3489; x_wconf 87' lang='lat' dir='ltr'><strong>illerum</strong></span> <span class='ocrx_word' id='word_1_202' title='bbox 1516 3427 1710 3504; x_wconf 83' lang='lat' dir='ltr'><strong>appendentia</strong></span> <span class='ocrx_word' id='word_1_203' title='bbox 1731 3429 1785 3488; x_wconf 87' lang='lat' dir='ltr'><strong>etc.</strong></span> <span class='ocrx_word' id='word_1_204' title='bbox 1803 3428 1897 3488; x_wconf 87' lang='lat' dir='ltr'><strong>Huius</strong></span> <span class='ocrx_word' id='word_1_205' title='bbox 1920 3428 1962 3489; x_wconf 89' lang='lat' dir='ltr'><strong>rei</strong></span> <span class='ocrx_word' id='word_1_206' title='bbox 1984 3428 2149 3504; x_wconf 81' lang='lat' dir='ltr'><strong>cognitione</strong></span> <span class='ocrx_word' id='word_1_207' title='bbox 2171 3431 2200 3490; x_wconf 89' lang='lat' dir='ltr'><strong>et</strong></span> <span class='ocrx_word' id='word_1_208' title='bbox 2221 3428 2341 3490; x_wconf 87' lang='lat' dir='ltr'><strong>datione</strong></span> <span class='ocrx_word' id='word_1_209' title='bbox 2364 3442 2401 3492; x_wconf 76' lang='lat'><strong>20</strong></span> 
     </span>
     <span class='ocr_line' id='line_1_22' title="bbox 792 3531 2340 3609; baseline -0.003 -12"><span class='ocrx_word' id='word_1_210' title='bbox 792 3535 993 3597; x_wconf 88' lang='lat' dir='ltr'><strong>constituimus</strong></span> <span class='ocrx_word' id='word_1_211' title='bbox 1021 3536 1050 3594; x_wconf 93' lang='lat' dir='ltr'><strong>et</strong></span> <span class='ocrx_word' id='word_1_212' title='bbox 1072 3534 1245 3606; x_wconf 89' lang='lat' dir='ltr'><strong>ordinamus,</strong></span> <span class='ocrx_word' id='word_1_213' title='bbox 1277 3535 1308 3592; x_wconf 94' lang='lat' dir='ltr'><strong>ut</strong></span> <span class='ocrx_word' id='word_1_214' title='bbox 1330 3532 1462 3593; x_wconf 86' lang='lat' dir='ltr'><strong>monaehi</strong></span> <span class='ocrx_word' id='word_1_215' title='bbox 1490 3531 1575 3592; x_wconf 92' lang='lat' dir='ltr'><strong>huius</strong></span> <span class='ocrx_word' id='word_1_216' title='bbox 1597 3532 1652 3593; x_wconf 90' lang='lat' dir='ltr'><strong>loci</strong></span> <span class='ocrx_word' id='word_1_217' title='bbox 1675 3533 1761 3593; x_wconf 92' lang='lat' dir='ltr'><strong>semel</strong></span> <span class='ocrx_word' id='word_1_218' title='bbox 1784 3532 1814 3593; x_wconf 91' lang='lat' dir='ltr'><strong>iu</strong></span> <span class='ocrx_word' id='word_1_219' title='bbox 1843 3549 1919 3592; x_wconf 89' lang='lat' dir='ltr'><strong>enno</strong></span> <span class='ocrx_word' id='word_1_220' title='bbox 1944 3551 2032 3609; x_wconf 88' lang='lat' dir='ltr'><strong>usque</strong></span> <span class='ocrx_word' id='word_1_221' title='bbox 2060 3534 2204 3594; x_wconf 86' lang='lat' dir='ltr'><strong>adfinem</strong></span> <span class='ocrx_word' id='word_1_222' title='bbox 2230 3534 2340 3594; x_wconf 89' lang='lat' dir='ltr'><strong>saeculi</strong></span> 
     </span>
     <span class='ocr_line' id='line_1_23' title="bbox 793 3636 2343 3713; baseline -0.003 -11"><span class='ocrx_word' id='word_1_223' title='bbox 793 3643 910 3703; x_wconf 86' lang='lat' dir='ltr'><strong>nostrae</strong></span> <span class='ocrx_word' id='word_1_224' title='bbox 932 3640 1052 3699; x_wconf 90' lang='lat' dir='ltr'><strong>sanctas</strong></span> <span class='ocrx_word' id='word_1_225' title='bbox 1066 3639 1211 3698; x_wconf 85' lang='lat' dir='ltr'><strong>Romanae</strong></span> <span class='ocrx_word' id='word_1_226' title='bbox 1233 3637 1318 3697; x_wconf 88' lang='lat' dir='ltr'><strong>matri</strong></span> <span class='ocrx_word' id='word_1_227' title='bbox 1340 3636 1477 3697; x_wconf 87' lang='lat' dir='ltr'><strong>ecclesiae</strong></span> <span class='ocrx_word' id='word_1_228' title='bbox 1500 3636 1627 3713; x_wconf 88' lang='lat' dir='ltr'><strong>quinque</strong></span> <span class='ocrx_word' id='word_1_229' title='bbox 1651 3636 1756 3697; x_wconf 90' lang='lat' dir='ltr'><strong>solidos</strong></span> <span class='ocrx_word' id='word_1_230' title='bbox 1778 3638 1857 3699; x_wconf 88' lang='lat' dir='ltr'><strong>dent.</strong></span> <span class='ocrx_word' id='word_1_231' title='bbox 1885 3637 2062 3713; x_wconf 82' lang='lat' dir='ltr'><strong>Quicumque</strong></span> <span class='ocrx_word' id='word_1_232' title='bbox 2084 3656 2149 3699; x_wconf 88' lang='lat' dir='ltr'><strong>vero</strong></span> <span class='ocrx_word' id='word_1_233' title='bbox 2172 3639 2225 3699; x_wconf 90' lang='lat' dir='ltr'><strong>hoc</strong></span> <span class='ocrx_word' id='word_1_234' title='bbox 2247 3656 2343 3699; x_wconf 93' lang='lat' dir='ltr'><strong>meum</strong></span> 
     </span>
     <span class='ocr_line' id='line_1_24' title="bbox 793 3739 2341 3821; baseline -0.001 -16"><span class='ocrx_word' id='word_1_235' title='bbox 793 3743 975 3821; x_wconf 74' lang='lat' dir='ltr'><strong>privilegium</strong></span> <span class='ocrx_word' id='word_1_236' title='bbox 991 3743 1036 3803; x_wconf 87' lang='lat' dir='ltr'><strong>vel</strong></span> <span class='ocrx_word' id='word_1_237' title='bbox 1058 3741 1183 3819; x_wconf 87' lang='lat' dir='ltr'><strong>aliquem</strong></span> <span class='ocrx_word' id='word_1_238' title='bbox 1202 3742 1236 3801; x_wconf 89' lang='lat' dir='ltr'><strong>de</strong></span> <span class='ocrx_word' id='word_1_239' title='bbox 1258 3741 1324 3801; x_wconf 89' lang='lat' dir='ltr'><strong>istis</strong></span> <span class='ocrx_word' id='word_1_240' title='bbox 1347 3739 1524 3817; x_wconf 89' lang='lat' dir='ltr'><strong>supradictis</strong></span> <span class='ocrx_word' id='word_1_241' title='bbox 1552 3739 1703 3801; x_wconf 89' lang='lat' dir='ltr'><strong>debilitare</strong></span> <span class='ocrx_word' id='word_1_242' title='bbox 1726 3741 1769 3803; x_wconf 83' lang='lat' dir='ltr'><strong>vel</strong></span> <span class='ocrx_word' id='word_1_243' title='bbox 1792 3743 1828 3801; x_wconf 88' lang='lat' dir='ltr'><strong>ab</strong></span> <span class='ocrx_word' id='word_1_244' title='bbox 1851 3741 1971 3802; x_wconf 90' lang='lat' dir='ltr'><strong>ecclesia</strong></span> <span class='ocrx_word' id='word_1_245' title='bbox 1994 3742 2047 3802; x_wconf 91' lang='lat' dir='ltr'><strong>hac</strong></span> <span class='ocrx_word' id='word_1_246' title='bbox 2063 3742 2183 3803; x_wconf 83' lang='lat' dir='ltr'><strong>aufferre</strong></span> <span class='ocrx_word' id='word_1_247' title='bbox 2206 3743 2341 3817; x_wconf 86' lang='lat' dir='ltr'><strong>soluerit,</strong></span> 
     </span>
    </p>

    <p class='ocr_par' dir='ltr' id='par_1_10' title="bbox 794 3844 2404 4232">
     <span class='ocr_line' id='line_1_25' title="bbox 795 3844 2343 3922; baseline 0 -15"><span class='ocrx_word' id='word_1_248' title='bbox 795 3866 828 3908; x_wconf 86' lang='lat' dir='ltr'><strong>ex</strong></span> <span class='ocrx_word' id='word_1_249' title='bbox 859 3846 1035 3907; x_wconf 84' lang='lat' dir='ltr'><strong>authoritate</strong></span> <span class='ocrx_word' id='word_1_250' title='bbox 1063 3844 1108 3905; x_wconf 89' lang='lat' dir='ltr'><strong>dei</strong></span> <span class='ocrx_word' id='word_1_251' title='bbox 1137 3844 1230 3922; x_wconf 89' lang='lat' dir='ltr'><strong>patris</strong></span> <span class='ocrx_word' id='word_1_252' title='bbox 1253 3844 1459 3922; x_wconf 88' lang='lat' dir='ltr'><strong>omnipotentia</strong></span> <span class='ocrx_word' id='word_1_253' title='bbox 1488 3847 1517 3904; x_wconf 89' lang='lat' dir='ltr'><strong>at</strong></span> <span class='ocrx_word' id='word_1_254' title='bbox 1545 3848 1663 3905; x_wconf 85' lang='lat' dir='ltr'><strong>sanctae</strong></span> <span class='ocrx_word' id='word_1_255' title='bbox 1691 3844 1794 3905; x_wconf 83' lang='lat' dir='ltr'><strong>matris</strong></span> <span class='ocrx_word' id='word_1_256' title='bbox 1818 3846 1954 3906; x_wconf 87' lang='lat' dir='ltr'><strong>ecelesiae</strong></span> <span class='ocrx_word' id='word_1_257' title='bbox 1976 3847 2122 3907; x_wconf 82' lang='lat' dir='ltr'><strong>Romanas</strong></span> <span class='ocrx_word' id='word_1_258' title='bbox 2150 3848 2343 3908; x_wconf 86' lang='lat' dir='ltr'><strong>exeommuni-</strong></span> 
     </span>
     <span class='ocr_line' id='line_1_26' title="bbox 794 3948 2404 4027; baseline 0.002 -14"><span class='ocrx_word' id='word_1_259' title='bbox 794 3970 910 4022; x_wconf 89' lang='lat' dir='ltr'><strong>oamus;</strong></span> <span class='ocrx_word' id='word_1_260' title='bbox 944 3952 1019 4026; x_wconf 91' lang='lat' dir='ltr'><strong>quod</strong></span> <span class='ocrx_word' id='word_1_261' title='bbox 1043 3949 1067 4009; x_wconf 94' lang='lat' dir='ltr'><strong>si</strong></span> <span class='ocrx_word' id='word_1_262' title='bbox 1090 3948 1155 4025; x_wconf 85' lang='lat' dir='ltr'><strong>quis</strong></span> <span class='ocrx_word' id='word_1_263' title='bbox 1177 3948 1271 4010; x_wconf 83' lang='lat' dir='ltr'><strong>iacere</strong></span> <span class='ocrx_word' id='word_1_264' title='bbox 1293 3948 1527 4025; x_wconf 88' lang='lat' dir='ltr'><strong>praesumpserit,</strong></span> <span class='ocrx_word' id='word_1_265' title='bbox 1551 3948 1609 4009; x_wconf 90' lang='lat' dir='ltr'><strong>nisi</strong></span> <span class='ocrx_word' id='word_1_266' title='bbox 1632 3948 1784 4027; x_wconf 76' lang='lat' dir='ltr'><strong>resipuerit</strong></span> <span class='ocrx_word' id='word_1_267' title='bbox 1805 3952 1835 4009; x_wconf 93' lang='lat' dir='ltr'><strong>et</strong></span> <span class='ocrx_word' id='word_1_268' title='bbox 1857 3951 1893 4009; x_wconf 89' lang='lat' dir='ltr'><strong>ad</strong></span> <span class='ocrx_word' id='word_1_269' title='bbox 1917 3949 2143 4013; x_wconf 77' lang='lat' dir='ltr'><strong>satisfactionem</strong></span> <span class='ocrx_word' id='word_1_270' title='bbox 2165 3952 2342 4027; x_wconf 83' lang='lat' dir='ltr'><strong>pervenerit,</strong></span> <span class='ocrx_word' id='word_1_271' title='bbox 2366 3966 2404 4017; x_wconf 77' lang='lat' dir='ltr'><strong>so</strong></span> 
     </span>
     <span class='ocr_line' id='line_1_27' title="bbox 794 4052 2346 4129; baseline -0.001 -14"><span class='ocrx_word' id='word_1_272' title='bbox 794 4055 948 4115; x_wconf 89' lang='lat' dir='ltr'><strong>anathema</strong></span> <span class='ocrx_word' id='word_1_273' title='bbox 970 4053 1018 4114; x_wconf 90' lang='lat' dir='ltr'><strong>sit.</strong></span> <span class='ocrx_word' id='word_1_274' title='bbox 1052 4054 1141 4114; x_wconf 77' lang='lat' dir='ltr'><strong>wore</strong></span> <span class='ocrx_word' id='word_1_275' title='bbox 1163 4052 1260 4112; x_wconf 79' lang='lat' dir='ltr'><strong>dieser</strong></span> <span class='ocrx_word' id='word_1_276' title='bbox 1282 4053 1407 4127; x_wconf 78' lang='lat' dir='ltr'><strong>Ausaup</strong></span> <span class='ocrx_word' id='word_1_277' title='bbox 1429 4055 1484 4112; x_wconf 84' lang='lat' dir='ltr'><strong>mit</strong></span> <span class='ocrx_word' id='word_1_278' title='bbox 1507 4052 1573 4111; x_wconf 85' lang='lat' dir='ltr'><strong>dem</strong></span> <span class='ocrx_word' id='word_1_279' title='bbox 1597 4053 1765 4113; x_wconf 71' lang='lat' dir='ltr'><strong>coniicias</strong></span> <span class='ocrx_word' id='word_1_280' title='bbox 1790 4053 1870 4113; x_wconf 76' lang='lat' dir='ltr'><strong>cisat</strong></span> <span class='ocrx_word' id='word_1_281' title='bbox 1893 4055 1975 4114; x_wconf 82' lang='lat' dir='ltr'><strong>einer</strong></span> <span class='ocrx_word' id='word_1_282' title='bbox 1996 4056 2030 4114; x_wconf 80' lang='lat' dir='ltr'><strong>in</strong></span> <span class='ocrx_word' id='word_1_283' title='bbox 2051 4058 2163 4117; x_wconf 78' lang='lat' dir='ltr'><strong>n⁰230</strong></span> <span class='ocrx_word' id='word_1_284' title='bbox 2186 4054 2346 4129; x_wconf 72' lang='lat' dir='ltr'><strong>satiendas</strong></span> 
     </span>
     <span class='ocr_line' id='line_1_28' title="bbox 796 4155 2346 4232; baseline 0.001 -14"><span class='ocrx_word' id='word_1_285' title='bbox 796 4155 993 4230; x_wconf 76' lang='lat' dir='ltr'><strong>Straffomei</strong></span> <span class='ocrx_word' id='word_1_286' title='bbox 1011 4174 1121 4230; x_wconf 66' lang='lat' dir='ltr'><strong>pesas,</strong></span> <span class='ocrx_word' id='word_1_287' title='bbox 1145 4174 1177 4216; x_wconf 83' lang='lat' dir='ltr'><strong>ec</strong></span> <span class='ocrx_word' id='word_1_288' title='bbox 1199 4160 1312 4215; x_wconf 65' lang='lat' dir='ltr'><strong>memte</strong></span> <span class='ocrx_word' id='word_1_289' title='bbox 1334 4155 1426 4216; x_wconf 77' lang='lat' dir='ltr'><strong>Sorde</strong></span> <span class='ocrx_word' id='word_1_290' title='bbox 1447 4157 1521 4215; x_wconf 73' lang='lat' dir='ltr'><strong>noch</strong></span> <span class='ocrx_word' id='word_1_291' title='bbox 1544 4158 1610 4215; x_wconf 81' lang='lat' dir='ltr'><strong>aiae</strong></span> <span class='ocrx_word' id='word_1_292' title='bbox 1631 4158 1733 4216; x_wconf 64' lang='lat' dir='ltr'><strong>awedc</strong></span> <span class='ocrx_word' id='word_1_293' title='bbox 1754 4156 1927 4232; x_wconf 63' lang='lat' dir='ltr'><strong>sescenta</strong></span> <span class='ocrx_word' id='word_1_294' title='bbox 1949 4156 2012 4230; x_wconf 72' lang='lat' dir='ltr'><strong>aas</strong></span> <span class='ocrx_word' id='word_1_295' title='bbox 2030 4158 2087 4217; x_wconf 81' lang='lat' dir='ltr'><strong>den</strong></span> <span class='ocrx_word' id='word_1_296' title='bbox 2108 4156 2227 4219; x_wconf 78' lang='lat' dir='ltr'><strong>Nomen</strong></span> <span class='ocrx_word' id='word_1_297' title='bbox 2248 4160 2346 4221; x_wconf 83' lang='lat' dir='ltr'><strong>Karls</strong></span> 
     </span>
    </p>

    <p class='ocr_par' dir='ltr' id='par_1_11' title="bbox 794 4260 2410 4856">
     <span class='ocr_line' id='line_1_29' title="bbox 795 4260 2348 4336; baseline 0.003 -16"><span class='ocrx_word' id='word_1_298' title='bbox 795 4261 824 4320; x_wconf 87' lang='lat' dir='ltr'><strong>d.</strong></span> <span class='ocrx_word' id='word_1_299' title='bbox 844 4262 898 4323; x_wconf 78' lang='lat' dir='ltr'><strong>Gr.</strong></span> <span class='ocrx_word' id='word_1_300' title='bbox 922 4263 1053 4322; x_wconf 76' lang='lat' dir='ltr'><strong>deessem</strong></span> <span class='ocrx_word' id='word_1_301' title='bbox 1074 4262 1177 4332; x_wconf 60' lang='lat' dir='ltr'><strong>tatem</strong></span> <span class='ocrx_word' id='word_1_302' title='bbox 1201 4261 1274 4320; x_wconf 81' lang='lat' dir='ltr'><strong>doct</strong></span> <span class='ocrx_word' id='word_1_303' title='bbox 1296 4260 1343 4319; x_wconf 83' lang='lat' dir='ltr'><strong>die</strong></span> <span class='ocrx_word' id='word_1_304' title='bbox 1358 4260 1505 4320; x_wconf 69' lang='lat' dir='ltr'><strong>laesisses</strong></span> <span class='ocrx_word' id='word_1_305' title='bbox 1527 4260 1579 4320; x_wconf 83' lang='lat' dir='ltr'><strong>das</strong></span> <span class='ocrx_word' id='word_1_306' title='bbox 1601 4260 1915 4335; x_wconf 73' lang='lat' dir='ltr'><strong>Soiteakunpsohjeetcs</strong></span> <span class='ocrx_word' id='word_1_307' title='bbox 1937 4264 2049 4336; x_wconf 81' lang='lat' dir='ltr'><strong>epricht</strong></span> <span class='ocrx_word' id='word_1_308' title='bbox 2072 4260 2177 4335; x_wconf 71' lang='lat' dir='ltr'><strong>dufer,</strong></span> <span class='ocrx_word' id='word_1_309' title='bbox 2201 4263 2272 4324; x_wconf 83' lang='lat' dir='ltr'><strong>dass</strong></span> <span class='ocrx_word' id='word_1_310' title='bbox 2295 4265 2348 4324; x_wconf 81' lang='lat' dir='ltr'><strong>dic</strong></span> 
     </span>
     <span class='ocr_line' id='line_1_30' title="bbox 796 4363 2347 4441; baseline 0.001 -13"><span class='ocrx_word' id='word_1_311' title='bbox 796 4366 993 4439; x_wconf 76' lang='lat' dir='ltr'><strong>Strofsomst</strong></span> <span class='ocrx_word' id='word_1_312' title='bbox 1013 4383 1076 4425; x_wconf 77' lang='lat' dir='ltr'><strong>aar</strong></span> <span class='ocrx_word' id='word_1_313' title='bbox 1100 4366 1212 4425; x_wconf 75' lang='lat' dir='ltr'><strong>Zssttot</strong></span> <span class='ocrx_word' id='word_1_314' title='bbox 1234 4365 1285 4425; x_wconf 84' lang='lat' dir='ltr'><strong>des</strong></span> <span class='ocrx_word' id='word_1_315' title='bbox 1308 4363 1579 4439; x_wconf 74' lang='lat' dir='ltr'><strong>Martyrolopiams</strong></span> <span class='ocrx_word' id='word_1_316' title='bbox 1601 4366 1650 4425; x_wconf 80' lang='lat' dir='ltr'><strong>iat.</strong></span> <span class='ocrx_word' id='word_1_317' title='bbox 1673 4365 1732 4424; x_wconf 82' lang='lat' dir='ltr'><strong>Dic</strong></span> <span class='ocrx_word' id='word_1_318' title='bbox 1754 4366 1950 4441; x_wconf 62' lang='lat' dir='ltr'><strong>thtauap</strong></span> <span class='ocrx_word' id='word_1_319' title='bbox 1968 4366 2101 4440; x_wconf 72' lang='lat' dir='ltr'><strong>turpise</strong></span> <span class='ocrx_word' id='word_1_320' title='bbox 2124 4369 2248 4439; x_wconf 65' lang='grc' dir='ltr'><strong>ενιεείεί,</strong></span> <span class='ocrx_word' id='word_1_321' title='bbox 2272 4368 2347 4430; x_wconf 80' lang='lat' dir='ltr'><strong>does</strong></span> 
     </span>
     <span class='ocr_line' id='line_1_31' title="bbox 794 4466 2410 4548; baseline 0.004 -19"><span class='ocrx_word' id='word_1_322' title='bbox 794 4470 843 4530; x_wconf 83' lang='lat' dir='ltr'><strong>die</strong></span> <span class='ocrx_word' id='word_1_323' title='bbox 864 4470 1037 4544; x_wconf 72' lang='lat' dir='ltr'><strong>Falectanp</strong></span> <span class='ocrx_word' id='word_1_324' title='bbox 1064 4469 1145 4528; x_wconf 78' lang='lat' dir='ltr'><strong>nicht</strong></span> <span class='ocrx_word' id='word_1_325' title='bbox 1173 4486 1226 4529; x_wconf 82' lang='grc' dir='ltr'><strong>νον</strong></span> <span class='ocrx_word' id='word_1_326' title='bbox 1254 4468 1307 4527; x_wconf 70' lang='grc' dir='ltr'><strong>ἄεν</strong></span> <span class='ocrx_word' id='word_1_327' title='bbox 1338 4469 1462 4527; x_wconf 73' lang='lat' dir='ltr'><strong>awriten</strong></span> <span class='ocrx_word' id='word_1_328' title='bbox 1491 4466 1599 4541; x_wconf 73' lang='lat' dir='ltr'><strong>Hdtftc</strong></span> <span class='ocrx_word' id='word_1_329' title='bbox 1629 4468 1679 4529; x_wconf 82' lang='lat' dir='ltr'><strong>des</strong></span> <span class='ocrx_word' id='word_1_330' title='bbox 1710 4473 1761 4531; x_wconf 74' lang='lat'><strong>12.</strong></span> <span class='ocrx_word' id='word_1_331' title='bbox 1786 4470 1840 4530; x_wconf 82' lang='lat' dir='ltr'><strong>Jt.</strong></span> <span class='ocrx_word' id='word_1_332' title='bbox 1868 4470 2044 4530; x_wconf 79' lang='lat' dir='ltr'><strong>eatstanden</strong></span> <span class='ocrx_word' id='word_1_333' title='bbox 2077 4473 2142 4533; x_wconf 79' lang='lat' dir='ltr'><strong>seta</strong></span> <span class='ocrx_word' id='word_1_334' title='bbox 2170 4472 2252 4532; x_wconf 79' lang='lat' dir='ltr'><strong>kann</strong></span> <span class='ocrx_word' id='word_1_335' title='bbox 2284 4474 2345 4548; x_wconf 72' lang='lat' dir='ltr'><strong>opt.</strong></span> <span class='ocrx_word' id='word_1_336' title='bbox 2371 4488 2410 4539; x_wconf 84' lang='lat' dir='ltr'><strong>eo</strong></span> 
     </span>
     <span class='ocr_line' id='line_1_32' title="bbox 794 4570 2346 4653; baseline 0.002 -19"><span class='ocrx_word' id='word_1_337' title='bbox 794 4574 1173 4649; x_wconf 62' lang='lat' dir='ltr'><strong>memmatensis</strong></span> <span class='ocrx_word' id='word_1_338' title='bbox 1197 4570 1307 4653; x_wconf 79' lang='lat'><strong>(209)·&#39;,</strong></span> <span class='ocrx_word' id='word_1_339' title='bbox 1342 4574 1386 4632; x_wconf 79' lang='lat' dir='ltr'><strong>ste</strong></span> <span class='ocrx_word' id='word_1_340' title='bbox 1410 4573 1514 4645; x_wconf 66' lang='lat' dir='ltr'><strong>echert</strong></span> <span class='ocrx_word' id='word_1_341' title='bbox 1536 4573 1591 4633; x_wconf 86' lang='lat' dir='ltr'><strong>wot</strong></span> <span class='ocrx_word' id='word_1_342' title='bbox 1619 4574 1696 4633; x_wconf 79' lang='lat' dir='ltr'><strong>auct</strong></span> <span class='ocrx_word' id='word_1_343' title='bbox 1717 4574 1810 4634; x_wconf 77' lang='lat' dir='ltr'><strong>haam</strong></span> <span class='ocrx_word' id='word_1_344' title='bbox 1839 4577 1921 4635; x_wconf 75' lang='lat' dir='ltr'><strong>einer</strong></span> <span class='ocrx_word' id='word_1_345' title='bbox 1947 4576 2005 4634; x_wconf 81' lang='lat' dir='ltr'><strong>vict</strong></span> <span class='ocrx_word' id='word_1_346' title='bbox 2034 4581 2173 4650; x_wconf 68' lang='lat' dir='ltr'><strong>epotare·</strong></span> <span class='ocrx_word' id='word_1_347' title='bbox 2198 4577 2264 4637; x_wconf 81' lang='lat' dir='ltr'><strong>Zeit</strong></span> <span class='ocrx_word' id='word_1_348' title='bbox 2286 4596 2346 4651; x_wconf 81' lang='lat' dir='ltr'><strong>aa,·</strong></span> 
     </span>
     <span class='ocr_line' id='line_1_33' title="bbox 796 4675 2349 4758; baseline 0.003 -18"><span class='ocrx_word' id='word_1_349' title='bbox 796 4680 891 4740; x_wconf 82' lang='lat' dir='ltr'><strong>demit</strong></span> <span class='ocrx_word' id='word_1_350' title='bbox 921 4681 960 4739; x_wconf 72' lang='lat' dir='ltr'><strong>ist</strong></span> <span class='ocrx_word' id='word_1_351' title='bbox 983 4678 1060 4737; x_wconf 79' lang='lat' dir='ltr'><strong>asech</strong></span> <span class='ocrx_word' id='word_1_352' title='bbox 1087 4678 1141 4737; x_wconf 83' lang='lat' dir='ltr'><strong>der</strong></span> <span class='ocrx_word' id='word_1_353' title='bbox 1161 4675 1342 4736; x_wconf 77' lang='lat' dir='ltr'><strong>Aosstellort</strong></span> <span class='ocrx_word' id='word_1_354' title='bbox 1366 4675 1452 4754; x_wconf 75' lang='lat' dir='ltr'><strong>(Dae</strong></span> <span class='ocrx_word' id='word_1_355' title='bbox 1479 4678 1513 4735; x_wconf 79' lang='lat' dir='ltr'><strong>in</strong></span> <span class='ocrx_word' id='word_1_356' title='bbox 1536 4678 1588 4735; x_wconf 81' lang='lat' dir='ltr'><strong>der</strong></span> <span class='ocrx_word' id='word_1_357' title='bbox 1614 4676 1766 4751; x_wconf 70' lang='lat' dir='ltr'><strong>caecoque</strong></span> <span class='ocrx_word' id='word_1_358' title='bbox 1787 4677 1863 4753; x_wconf 74' lang='lat' dir='ltr'><strong>nep.</strong></span> <span class='ocrx_word' id='word_1_359' title='bbox 1888 4678 2022 4758; x_wconf 66' lang='lat' dir='ltr'><strong>Laude)</strong></span> <span class='ocrx_word' id='word_1_360' title='bbox 2053 4678 2109 4753; x_wconf 73' lang='lat' dir='ltr'><strong>far</strong></span> <span class='ocrx_word' id='word_1_361' title='bbox 2131 4680 2185 4742; x_wconf 77' lang='lat' dir='ltr'><strong>dos</strong></span> <span class='ocrx_word' id='word_1_362' title='bbox 2207 4682 2349 4744; x_wconf 78' lang='lat' dir='ltr'><strong>Itinerar</strong></span> 
     </span>
     <span class='ocr_line' id='line_1_34' title="bbox 796 4781 1372 4856; baseline -0.005 -11"><span class='ocrx_word' id='word_1_363' title='bbox 796 4784 890 4846; x_wconf 81' lang='lat' dir='ltr'><strong>Korls</strong></span> <span class='ocrx_word' id='word_1_364' title='bbox 913 4784 941 4845; x_wconf 77' lang='lat' dir='ltr'><strong>d.</strong></span> <span class='ocrx_word' id='word_1_365' title='bbox 969 4783 1023 4845; x_wconf 75' lang='lat' dir='ltr'><strong>Gr.</strong></span> <span class='ocrx_word' id='word_1_366' title='bbox 1046 4781 1225 4856; x_wconf 72' lang='lat' dir='ltr'><strong>vollstaadip</strong></span> <span class='ocrx_word' id='word_1_367' title='bbox 1248 4782 1372 4842; x_wconf 63' lang='lat' dir='ltr'><strong>weilos.</strong></span> 
     </span>
    </p>
   </div>
   <div class='ocr_carea' id='block_1_9' title="bbox 692 4968 2412 5372">
    <p class='ocr_par' dir='ltr' id='par_1_12' title="bbox 692 4968 2412 5372">
     <span class='ocr_line' id='line_1_35' title="bbox 796 4968 2347 5056; baseline -0.003 -18"><span class='ocrx_word' id='word_1_368' title='bbox 796 4971 944 5039; x_wconf 89' lang='lat' dir='ltr'><strong>Karolus</strong></span> <span class='ocrx_word' id='word_1_369' title='bbox 968 4970 1020 5037; x_wconf 91' lang='lat' dir='ltr'><strong>dei</strong></span> <span class='ocrx_word' id='word_1_370' title='bbox 1043 4970 1152 5054; x_wconf 85' lang='lat' dir='ltr'><strong>gratia</strong></span> <span class='ocrx_word' id='word_1_371' title='bbox 1173 4970 1381 5035; x_wconf 85' lang='lat' dir='ltr'><strong>Francorum</strong></span> <span class='ocrx_word' id='word_1_372' title='bbox 1404 4978 1438 5035; x_wconf 91' lang='lat' dir='ltr'><strong>et</strong></span> <span class='ocrx_word' id='word_1_373' title='bbox 1453 4968 1750 5056; x_wconf 84' lang='lat' dir='ltr'><strong>Longobardorum</strong></span> <span class='ocrx_word' id='word_1_374' title='bbox 1767 4993 1835 5036; x_wconf 86' lang='lat' dir='ltr'><strong>rex.</strong></span> <span class='ocrx_word' id='word_1_375' title='bbox 1942 4974 2137 5045; x_wconf 83' lang='lat' dir='ltr'><strong>Cenandum</strong></span> <span class='ocrx_word' id='word_1_376' title='bbox 2154 4998 2220 5043; x_wconf 85' lang='lat' dir='ltr'><strong>non</strong></span> <span class='ocrx_word' id='word_1_377' title='bbox 2237 4975 2347 5043; x_wconf 74' lang='lat' dir='ltr'><strong>nolum</strong></span> 
     </span>
     <span class='ocr_line' id='line_1_36' title="bbox 693 5072 2412 5166; baseline 0.004 -24"><span class='ocrx_word' id='word_1_378' title='bbox 693 5077 810 5159; x_wconf 89' lang='lat' dir='ltr'><strong>armis,</strong></span> <span class='ocrx_word' id='word_1_379' title='bbox 845 5096 930 5162; x_wconf 85' lang='lat' dir='ltr'><strong>quae</strong></span> <span class='ocrx_word' id='word_1_380' title='bbox 957 5074 1001 5140; x_wconf 94' lang='lat' dir='ltr'><strong>ad</strong></span> <span class='ocrx_word' id='word_1_381' title='bbox 1029 5072 1244 5139; x_wconf 88' lang='lat' dir='ltr'><strong>christianam</strong></span> <span class='ocrx_word' id='word_1_382' title='bbox 1272 5073 1372 5139; x_wconf 82' lang='lat' dir='ltr'><strong>tidem</strong></span> <span class='ocrx_word' id='word_1_383' title='bbox 1401 5073 1653 5159; x_wconf 84' lang='lat' dir='ltr'><strong>propagandam</strong></span> <span class='ocrx_word' id='word_1_384' title='bbox 1683 5077 1899 5161; x_wconf 88' lang='lat' dir='ltr'><strong>suscepimus,</strong></span> <span class='ocrx_word' id='word_1_385' title='bbox 1935 5078 1994 5144; x_wconf 89' lang='lat' dir='ltr'><strong>sed</strong></span> <span class='ocrx_word' id='word_1_386' title='bbox 2022 5082 2121 5146; x_wconf 89' lang='lat' dir='ltr'><strong>etiam</strong></span> <span class='ocrx_word' id='word_1_387' title='bbox 2149 5079 2273 5166; x_wconf 90' lang='lat' dir='ltr'><strong>aliquid</strong></span> <span class='ocrx_word' id='word_1_388' title='bbox 2305 5081 2348 5147; x_wconf 89' lang='lat' dir='ltr'><strong>de</strong></span> <span class='ocrx_word' id='word_1_389' title='bbox 2375 5100 2412 5149; x_wconf 80' lang='lat'><strong>³5</strong></span> 
     </span>
     <span class='ocr_line' id='line_1_37' title="bbox 692 5176 2346 5271; baseline 0.003 -24"><span class='ocrx_word' id='word_1_390' title='bbox 692 5181 821 5248; x_wconf 87' lang='lat' dir='ltr'><strong>caduca</strong></span> <span class='ocrx_word' id='word_1_391' title='bbox 837 5178 1032 5261; x_wconf 84' lang='lat' dir='ltr'><strong>substantia,</strong></span> <span class='ocrx_word' id='word_1_392' title='bbox 1050 5199 1150 5264; x_wconf 91' lang='lat' dir='ltr'><strong>quam</strong></span> <span class='ocrx_word' id='word_1_393' title='bbox 1165 5176 1261 5244; x_wconf 88' lang='lat' dir='ltr'><strong>nobis</strong></span> <span class='ocrx_word' id='word_1_394' title='bbox 1278 5176 1486 5243; x_wconf 89' lang='lat' dir='ltr'><strong>abundanter</strong></span> <span class='ocrx_word' id='word_1_395' title='bbox 1501 5179 1687 5264; x_wconf 88' lang='lat' dir='ltr'><strong>impertitus</strong></span> <span class='ocrx_word' id='word_1_396' title='bbox 1703 5189 1755 5243; x_wconf 90' lang='lat' dir='ltr'><strong>est</strong></span> <span class='ocrx_word' id='word_1_397' title='bbox 1769 5182 1975 5249; x_wconf 84' lang='lat' dir='ltr'><strong>exercituum</strong></span> <span class='ocrx_word' id='word_1_398' title='bbox 1992 5183 2156 5268; x_wconf 87' lang='lat' dir='ltr'><strong>dominus,</strong></span> <span class='ocrx_word' id='word_1_399' title='bbox 2175 5186 2346 5271; x_wconf 86' lang='lat' dir='ltr'><strong>erogando</strong></span> 
     </span>
     <span class='ocr_line' id='line_1_38' title="bbox 694 5281 2347 5372; baseline 0.003 -21"><span class='ocrx_word' id='word_1_400' title='bbox 694 5285 816 5351; x_wconf 91' lang='lat' dir='ltr'><strong>sanctis</strong></span> <span class='ocrx_word' id='word_1_401' title='bbox 841 5283 894 5349; x_wconf 93' lang='lat' dir='ltr'><strong>dei</strong></span> <span class='ocrx_word' id='word_1_402' title='bbox 917 5292 950 5349; x_wconf 90' lang='lat' dir='ltr'><strong>et</strong></span> <span class='ocrx_word' id='word_1_403' title='bbox 978 5281 1180 5370; x_wconf 88' lang='lat' dir='ltr'><strong>pauperibus</strong></span> <span class='ocrx_word' id='word_1_404' title='bbox 1203 5281 1326 5347; x_wconf 84' lang='lat' dir='ltr'><strong>Christi</strong></span> <span class='ocrx_word' id='word_1_405' title='bbox 1350 5281 1471 5348; x_wconf 89' lang='lat' dir='ltr'><strong>lucrari</strong></span> <span class='ocrx_word' id='word_1_406' title='bbox 1494 5282 1618 5367; x_wconf 86' lang='lat' dir='ltr'><strong>gaudia</strong></span> <span class='ocrx_word' id='word_1_407' title='bbox 1641 5283 1871 5368; x_wconf 61' lang='lat' dir='ltr'><strong>sempiternas</strong></span> <span class='ocrx_word' id='word_1_408' title='bbox 1919 5286 1963 5352; x_wconf 93' lang='lat' dir='ltr'><strong>Ut</strong></span> <span class='ocrx_word' id='word_1_409' title='bbox 1991 5288 2091 5372; x_wconf 87' lang='lat' dir='ltr'><strong>igitur</strong></span> <span class='ocrx_word' id='word_1_410' title='bbox 2113 5290 2225 5355; x_wconf 86' lang='lat' dir='ltr'><strong>favere</strong></span> <span class='ocrx_word' id='word_1_411' title='bbox 2247 5289 2347 5357; x_wconf 91' lang='lat' dir='ltr'><strong>nobis</strong></span> 
     </span>
    </p>
   </div>
   <div class='ocr_carea' id='block_1_10' title="bbox 770 5469 2412 5957">
    <p class='ocr_par' dir='ltr' id='par_1_13' title="bbox 770 5469 2412 5957">
     <span class='ocr_line' id='line_1_39' title="bbox 770 5469 2348 5541; baseline 0.001 -12"><span class='ocrx_word' id='word_1_412' title='bbox 770 5471 832 5529; x_wconf 63' lang='lat' dir='ltr'><strong>m.</strong></span> <span class='ocrx_word' id='word_1_413' title='bbox 850 5474 877 5538; x_wconf 84' lang='lat' dir='ltr'><strong>a)</strong></span> <span class='ocrx_word' id='word_1_414' title='bbox 895 5470 941 5525; x_wconf 78' lang='lat' dir='ltr'><strong>die</strong></span> <span class='ocrx_word' id='word_1_415' title='bbox 958 5470 1206 5526; x_wconf 61' lang='lat' dir='ltr'><strong>accusantium</strong></span> <span class='ocrx_word' id='word_1_416' title='bbox 1222 5474 1370 5541; x_wconf 59' lang='lat' dir='ltr'><strong>mosomo</strong></span> <span class='ocrx_word' id='word_1_417' title='bbox 1389 5469 1468 5524; x_wconf 78' lang='lat' dir='ltr'><strong>Theti</strong></span> <span class='ocrx_word' id='word_1_418' title='bbox 1486 5469 1577 5525; x_wconf 84' lang='lat' dir='ltr'><strong>durch</strong></span> <span class='ocrx_word' id='word_1_419' title='bbox 1595 5470 1694 5524; x_wconf 73' lang='lat' dir='ltr'><strong>Rosos</strong></span> <span class='ocrx_word' id='word_1_420' title='bbox 1711 5470 1816 5541; x_wconf 72' lang='lat' dir='ltr'><strong>petilpt</strong></span> <span class='ocrx_word' id='word_1_421' title='bbox 1845 5472 1972 5527; x_wconf 79' lang='lat' dir='ltr'><strong>ertottea</strong></span> <span class='ocrx_word' id='word_1_422' title='bbox 1989 5488 2046 5527; x_wconf 80' lang='lat' dir='ltr'><strong>sur</strong></span> <span class='ocrx_word' id='word_1_423' title='bbox 2069 5474 2145 5529; x_wconf 80' lang='lat' dir='ltr'><strong>nretr</strong></span> <span class='ocrx_word' id='word_1_424' title='bbox 2163 5475 2196 5527; x_wconf 88' lang='lat' dir='ltr'><strong>dc</strong></span> <span class='ocrx_word' id='word_1_425' title='bbox 2213 5474 2275 5529; x_wconf 78' lang='lat' dir='ltr'><strong>aad</strong></span> <span class='ocrx_word' id='word_1_426' title='bbox 2296 5477 2348 5531; x_wconf 77' lang='lat' dir='ltr'><strong>der</strong></span> 
     </span>
     <span class='ocr_line' id='line_1_40' title="bbox 849 5538 2348 5620; baseline 0.004 -25"><span class='ocrx_word' id='word_1_427' title='bbox 849 5539 1016 5620; x_wconf 59' lang='lat' dir='ltr'><strong>Otereohnjt</strong></span> <span class='ocrx_word' id='word_1_428' title='bbox 1039 5555 1092 5594; x_wconf 80' lang='lat' dir='ltr'><strong>oon</strong></span> <span class='ocrx_word' id='word_1_429' title='bbox 1110 5540 1132 5606; x_wconf 73' lang='lat'><strong>13</strong></span> <span class='ocrx_word' id='word_1_430' title='bbox 1162 5540 1213 5593; x_wconf 79' lang='lat' dir='ltr'><strong>mit</strong></span> <span class='ocrx_word' id='word_1_431' title='bbox 1235 5539 1390 5593; x_wconf 71' lang='grc' dir='ltr'><em>είεννῖὶεὴεν</em></span> <span class='ocrx_word' id='word_1_432' title='bbox 1415 5538 1709 5594; x_wconf 74' lang='lat' dir='ltr'><strong>Watrscteinlictteit</strong></span> <span class='ocrx_word' id='word_1_433' title='bbox 1733 5540 1828 5595; x_wconf 73' lang='lat' dir='ltr'><strong>laesero</strong></span> <span class='ocrx_word' id='word_1_434' title='bbox 1853 5542 1912 5596; x_wconf 81' lang='lat' dir='ltr'><strong>sict</strong></span> <span class='ocrx_word' id='word_1_435' title='bbox 1936 5542 1982 5597; x_wconf 78' lang='lat' dir='ltr'><strong>die</strong></span> <span class='ocrx_word' id='word_1_436' title='bbox 1999 5544 2010 5596; x_wconf 96' lang='lat' dir='ltr'><strong>l</strong></span> <span class='ocrx_word' id='word_1_437' title='bbox 2027 5543 2166 5597; x_wconf 78' lang='lat' dir='ltr'><strong>suadctst</strong></span> <span class='ocrx_word' id='word_1_438' title='bbox 2194 5542 2348 5614; x_wconf 73' lang='lat' dir='ltr'><strong>fclsmden</strong></span> 
     </span>
     <span class='ocr_line' id='line_1_41' title="bbox 848 5607 2412 5679; baseline 0.005 -16"><span class='ocrx_word' id='word_1_439' title='bbox 848 5609 1031 5664; x_wconf 77' lang='lat' dir='ltr'><strong>Zohlsasctea</strong></span> <span class='ocrx_word' id='word_1_440' title='bbox 1048 5638 1082 5649; x_wconf 97' lang='lat'>-</span> <span class='ocrx_word' id='word_1_441' title='bbox 1100 5614 1317 5679; x_wconf 76' lang='lat' dir='ltr'><strong>soreospeaetat,</strong></span> <span class='ocrx_word' id='word_1_442' title='bbox 1344 5607 1413 5663; x_wconf 85' lang='lat' dir='ltr'><strong>dosa</strong></span> <span class='ocrx_word' id='word_1_443' title='bbox 1438 5608 1492 5663; x_wconf 82' lang='lat' dir='ltr'><strong>dos</strong></span> <span class='ocrx_word' id='word_1_444' title='bbox 1509 5608 1663 5664; x_wconf 80' lang='lat' dir='ltr'><strong>Facsimila</strong></span> <span class='ocrx_word' id='word_1_445' title='bbox 1684 5625 1758 5679; x_wconf 79' lang='lat' dir='ltr'><strong>pana</strong></span> <span class='ocrx_word' id='word_1_446' title='bbox 1776 5611 1938 5666; x_wconf 72' lang='lat' dir='ltr'><strong>verteretict</strong></span> <span class='ocrx_word' id='word_1_447' title='bbox 1956 5612 1996 5665; x_wconf 78' lang='lat' dir='ltr'><strong>ist</strong></span> <span class='ocrx_word' id='word_1_448' title='bbox 2015 5641 2048 5654; x_wconf 89' lang='grc'>-</span> <span class='ocrx_word' id='word_1_449' title='bbox 2066 5612 2110 5666; x_wconf 84' lang='lat' dir='ltr'><strong>ets</strong></span> <span class='ocrx_word' id='word_1_450' title='bbox 2128 5614 2177 5665; x_wconf 84' lang='lat' dir='ltr'><strong>XX</strong></span> <span class='ocrx_word' id='word_1_451' title='bbox 2195 5612 2346 5679; x_wconf 66' lang='lat' dir='ltr'><strong>neam,</strong></span> <span class='ocrx_word' id='word_1_452' title='bbox 2374 5622 2412 5672; x_wconf 77' lang='grc' dir='ltr'><strong>4ο</strong></span> 
     </span>
     <span class='ocr_line' id='line_1_42' title="bbox 849 5677 2348 5751; baseline 0.004 -18"><span class='ocrx_word' id='word_1_453' title='bbox 849 5694 927 5733; x_wconf 75' lang='lat' dir='ltr'><strong>wora</strong></span> <span class='ocrx_word' id='word_1_454' title='bbox 950 5679 1023 5733; x_wconf 76' lang='lat' dir='ltr'><strong>auct</strong></span> <span class='ocrx_word' id='word_1_455' title='bbox 1046 5678 1100 5733; x_wconf 81' lang='lat' dir='ltr'><strong>das</strong></span> <span class='ocrx_word' id='word_1_456' title='bbox 1126 5678 1385 5749; x_wconf 66' lang='lat' dir='ltr'><strong>thespesctrs&#39;ebene</strong></span> <span class='ocrx_word' id='word_1_457' title='bbox 1407 5695 1423 5731; x_wconf 94' lang='lat' dir='ltr'><strong>o</strong></span> <span class='ocrx_word' id='word_1_458' title='bbox 1446 5677 1575 5732; x_wconf 82' lang='lat' dir='ltr'><strong>stimmess</strong></span> <span class='ocrx_word' id='word_1_459' title='bbox 1597 5678 1703 5741; x_wconf 74' lang='lat' dir='ltr'><strong>warde,</strong></span> <span class='ocrx_word' id='word_1_460' title='bbox 1731 5678 1811 5733; x_wconf 73' lang='lat' dir='ltr'><strong>dorso</strong></span> <span class='ocrx_word' id='word_1_461' title='bbox 1837 5680 1944 5750; x_wconf 75' lang='lat' dir='ltr'><strong>fotpteo</strong></span> <span class='ocrx_word' id='word_1_462' title='bbox 1970 5684 1988 5735; x_wconf 87' lang='lat'><strong><em>3</em></strong></span> <span class='ocrx_word' id='word_1_463' title='bbox 2006 5681 2073 5735; x_wconf 80' lang='lat' dir='ltr'><strong>oder</strong></span> <span class='ocrx_word' id='word_1_464' title='bbox 2091 5685 2108 5735; x_wconf 90' lang='grc'><strong><em>4</em></strong></span> <span class='ocrx_word' id='word_1_465' title='bbox 2125 5680 2348 5751; x_wconf 68' lang='lat' dir='ltr'><strong>Eiasclschdsta</strong></span> 
     </span>
     <span class='ocr_line' id='line_1_43' title="bbox 849 5747 2348 5817; baseline 0.004 -14"><span class='ocrx_word' id='word_1_466' title='bbox 849 5764 903 5803; x_wconf 75' lang='lat' dir='ltr'><strong>ooo</strong></span> <span class='ocrx_word' id='word_1_467' title='bbox 925 5748 1014 5802; x_wconf 77' lang='lat' dir='ltr'><strong>dem</strong></span> <span class='ocrx_word' id='word_1_468' title='bbox 1037 5748 1087 5802; x_wconf 82' lang='lat' dir='ltr'><strong>der</strong></span> <span class='ocrx_word' id='word_1_469' title='bbox 1104 5747 1235 5802; x_wconf 80' lang='lat' dir='ltr'><strong>verietate</strong></span> <span class='ocrx_word' id='word_1_470' title='bbox 1257 5747 1417 5817; x_wconf 70' lang='grc' dir='ltr'><em>υενῑᾶπρενι</em></span> <span class='ocrx_word' id='word_1_471' title='bbox 1435 5763 1496 5801; x_wconf 84' lang='lat' dir='ltr'><strong>war</strong></span> <span class='ocrx_word' id='word_1_472' title='bbox 1519 5747 1581 5802; x_wconf 81' lang='lat' dir='ltr'><strong>aad</strong></span> <span class='ocrx_word' id='word_1_473' title='bbox 1602 5748 1676 5802; x_wconf 78' lang='lat' dir='ltr'><strong>noct</strong></span> <span class='ocrx_word' id='word_1_474' title='bbox 1694 5749 1833 5817; x_wconf 79' lang='lat' dir='ltr'><strong>Acolops&#39;e</strong></span> <span class='ocrx_word' id='word_1_475' title='bbox 1860 5749 2000 5806; x_wconf 77' lang='lat' dir='ltr'><strong>desselben</strong></span> <span class='ocrx_word' id='word_1_476' title='bbox 2018 5750 2213 5806; x_wconf 78' lang='lat' dir='ltr'><strong>Zohiaeictme</strong></span> <span class='ocrx_word' id='word_1_477' title='bbox 2232 5752 2271 5805; x_wconf 82' lang='lat' dir='ltr'><strong>im</strong></span> <span class='ocrx_word' id='word_1_478' title='bbox 2290 5752 2348 5809; x_wconf 78' lang='lat' dir='ltr'><strong>Re·</strong></span> 
     </span>
     <span class='ocr_line' id='line_1_44' title="bbox 849 5816 2349 5957; baseline 0.005 -88"><span class='ocrx_word' id='word_1_479' title='bbox 849 5817 1258 5957; x_wconf 51' lang='lat' dir='ltr'><strong>ppgppppjptogluepapppapooa</strong></span> <span class='ocrx_word' id='word_1_480' title='bbox 1276 5817 1354 5941; x_wconf 54' lang='lat' dir='ltr'><strong>sheperp</strong></span> <span class='ocrx_word' id='word_1_481' title='bbox 1372 5816 1654 5941; x_wconf 46' lang='lat' dir='ltr'><strong>fflfffflgffivii</strong></span> <span class='ocrx_word' id='word_1_482' title='bbox 1677 5816 1746 5871; x_wconf 82' lang='lat' dir='ltr'><strong>does</strong></span> <span class='ocrx_word' id='word_1_483' title='bbox 1769 5819 1829 5873; x_wconf 80' lang='lat' dir='ltr'><strong>sich</strong></span> <span class='ocrx_word' id='word_1_484' title='bbox 1851 5818 1894 5873; x_wconf 73' lang='lat' dir='ltr'><strong>oie</strong></span> <span class='ocrx_word' id='word_1_485' title='bbox 1917 5820 2133 5890; x_wconf 64' lang='lat' dir='ltr'><strong>erepsistpls&#39;che</strong></span> <span class='ocrx_word' id='word_1_486' title='bbox 2151 5820 2224 5875; x_wconf 81' lang='lat' dir='ltr'><strong>Zahl</strong></span> <span class='ocrx_word' id='word_1_487' title='bbox 2246 5823 2349 5890; x_wconf 79' lang='lat' dir='ltr'><strong>decim,</strong></span> 
     </span>
    </p>

    <p class='ocr_par' dir='ltr' id='par_1_14' title="bbox 1219 5927 1660 5954">
     <span class='ocr_line' id='line_1_45' title="bbox 1219 5927 1660 5954; baseline 0.002 -16"><span class='ocrx_word' id='word_1_488' title='bbox 1219 5928 1227 5954; x_wconf 93' lang='lat'><em>,</em></span> <span class='ocrx_word' id='word_1_489' title='bbox 1655 5927 1660 5939; x_wconf 94' lang='lat'><em>.</em></span> 
     </span>
    </p>
   </div>
   <div class='ocr_carea' id='block_1_11' title="bbox 772 5988 2415 6131">
    <p class='ocr_par' dir='ltr' id='par_1_15' title="bbox 772 5988 2415 6131">
     <span class='ocr_line' id='line_1_46' title="bbox 772 5988 2415 6063; baseline 0.005 -18"><span class='ocrx_word' id='word_1_490' title='bbox 772 5988 833 6045; x_wconf 70' lang='grc'><strong>21).</strong></span> <span class='ocrx_word' id='word_1_491' title='bbox 850 5990 878 6055; x_wconf 84' lang='lat' dir='ltr'><strong>a)</strong></span> <span class='ocrx_word' id='word_1_492' title='bbox 896 5989 942 6044; x_wconf 82' lang='lat' dir='ltr'><strong>die</strong></span> <span class='ocrx_word' id='word_1_493' title='bbox 959 5992 1075 6061; x_wconf 73' lang='lat' dir='ltr'><strong>Areopa</strong></span> <span class='ocrx_word' id='word_1_494' title='bbox 1093 5989 1229 6053; x_wconf 63' lang='lat' dir='ltr'><strong>cerdati,</strong></span> <span class='ocrx_word' id='word_1_495' title='bbox 1257 5990 1396 6045; x_wconf 77' lang='lat' dir='ltr'><strong>eatwader</strong></span> <span class='ocrx_word' id='word_1_496' title='bbox 1414 5990 1454 6043; x_wconf 79' lang='lat' dir='ltr'><strong>ist</strong></span> <span class='ocrx_word' id='word_1_497' title='bbox 1471 5996 1513 6042; x_wconf 88' lang='lat' dir='ltr'><strong>est</strong></span> <span class='ocrx_word' id='word_1_498' title='bbox 1530 5990 1603 6044; x_wconf 78' lang='lat' dir='ltr'><strong>sroct</strong></span> <span class='ocrx_word' id='word_1_499' title='bbox 1620 5993 1771 6044; x_wconf 85' lang='lat' dir='ltr'><strong>conandum</strong></span> <span class='ocrx_word' id='word_1_500' title='bbox 1789 5992 1967 6063; x_wconf 74' lang='lat' dir='ltr'><strong>saepefallea</strong></span> <span class='ocrx_word' id='word_1_501' title='bbox 1993 5994 2061 6048; x_wconf 81' lang='lat' dir='ltr'><strong>oder</strong></span> <span class='ocrx_word' id='word_1_502' title='bbox 2084 6008 2112 6048; x_wconf 80' lang='lat' dir='ltr'><strong>es</strong></span> <span class='ocrx_word' id='word_1_503' title='bbox 2131 5992 2210 6048; x_wconf 76' lang='lat' dir='ltr'><strong>sollte</strong></span> <span class='ocrx_word' id='word_1_504' title='bbox 2232 5994 2350 6053; x_wconf 63' lang='lat' dir='ltr'><strong>Micam</strong></span> <span class='ocrx_word' id='word_1_505' title='bbox 2375 6003 2415 6053; x_wconf 76' lang='lat'><strong>45</strong></span> 
     </span>
     <span class='ocr_line' id='line_1_47' title="bbox 851 6060 2236 6131; baseline 0.005 -22"><span class='ocrx_word' id='word_1_506' title='bbox 851 6060 979 6111; x_wconf 68' lang='lat' dir='ltr'><strong>(tonando</strong></span> <span class='ocrx_word' id='word_1_507' title='bbox 998 6077 1053 6112; x_wconf 91' lang='lat' dir='ltr'><strong>non</strong></span> <span class='ocrx_word' id='word_1_508' title='bbox 1071 6061 1158 6113; x_wconf 83' lang='lat' dir='ltr'><strong>solnm</strong></span> <span class='ocrx_word' id='word_1_509' title='bbox 1177 6063 1258 6111; x_wconf 86' lang='lat' dir='ltr'><strong>armis</strong></span> <span class='ocrx_word' id='word_1_510' title='bbox 1345 6060 1492 6112; x_wconf 86' lang='lat' dir='ltr'><strong>sedetiam</strong></span> <span class='ocrx_word' id='word_1_511' title='bbox 1580 6062 1714 6129; x_wconf 77' lang='lat' dir='ltr'><strong>erogando</strong></span> <span class='ocrx_word' id='word_1_512' title='bbox 1801 6063 1937 6115; x_wconf 85' lang='lat' dir='ltr'><strong>lucramur</strong></span> <span class='ocrx_word' id='word_1_513' title='bbox 1955 6064 2054 6131; x_wconf 74' lang='lat' dir='ltr'><strong>gaudia</strong></span> <span class='ocrx_word' id='word_1_514' title='bbox 2072 6066 2236 6130; x_wconf 82' lang='lat' dir='ltr'><strong>sempiterna</strong></span> 
     </span>
    </p>
   </div>
   <div class='ocr_carea' id='block_1_12' title="bbox 0 0 2839 7156">
    <p class='ocr_par' dir='ltr' id='par_1_16' title="bbox 0 0 2839 7156">
     <span class='ocr_line' id='line_1_48' title="bbox 0 0 2839 7156; baseline 0 0"><span class='ocrx_word' id='word_1_515' title='bbox 0 0 2839 7156; x_wconf 95' lang='lat' dir='ltr'><strong> </strong></span> 
     </span>
    </p>
   </div>
  </div>
 </body>
</html>
