5642 7159
656 754 722 817 414
1260 758 1691 818 KAISEBURKUNDEN.

657 943 749 1028 illud,
779 944 867 1029 quod
889 943 1003 1010 datum
1026 952 1076 1008 est
1098 941 1250 1026 ecclesie,
1280 943 1354 1027 deo,
1378 944 1433 1028 qui
1456 945 1527 1010 eius
1550 953 1601 1009 est
1623 965 1775 1031 sponsus,
1805 944 1921 1031 procul
1945 944 2047 1011 dubio
2071 945 2227 1010 offertur.
2280 943 2331 1008 Et

657 1048 733 1113 ideo
758 1046 859 1113 semel
889 1069 963 1112 msa
983 1047 1143 1113 memoria
1171 1048 1352 1113 novissima
1379 1047 1544 1133 religiosis
1576 1047 1683 1114 sancti
1706 1046 1888 1131 Gualarici,
1924 1047 2043 1134 quibus
2077 1056 2330 1113 antecessores

658 1153 764 1220 nostri
786 1152 992 1218 donaverunt
1013 1163 1119 1218 terras
1136 1161 1168 1218 et
1191 1152 1337 1218 dominia
1352 1152 1458 1238 plura,
1483 1162 1516 1218 et
1530 1174 1591 1218 nos
1613 1174 1672 1239 pro
1688 1153 1871 1217 animarum
1893 1162 2080 1218 nostrarum
2103 1161 2139 1217 et
2164 1152 2328 1216 omnium

657 1277 773 1341 regum
794 1256 1016 1343 redemptione
1046 1255 1196 1322 dedimus
1219 1265 1286 1323 tres
1314 1255 1411 1322 villas
1434 1259 1468 1323 in
1496 1279 1592 1343 pago
1607 1255 1763 1340 Vidmau,
1799 1279 1863 1343 que
1890 1255 2072 1343 vulgariter
2094 1257 2331 1322 nominantur

658 1360 823 1446 Tilloyan,
856 1360 1098 1427 Boussevillam
1128 1371 1161 1426 st
1182 1361 1294 1444 Nibat,
1329 1382 1404 1426 oum
1434 1361 1587 1427 omnibus
1615 1360 1771 1428 membris
1804 1361 2055 1449 pertinentibus.
2099 1361 2197 1427 Bene
2228 1363 2326 1426 enim
2353 1376 2372 1425 5

659 1464 754 1532 decet
780 1465 924 1551 regalem
951 1467 1170 1549 maiestatem,
1204 1476 1241 1532 ut
1269 1466 1356 1532 bono
1380 1465 1437 1532 fini
1466 1466 1661 1532 adiiciamus
1690 1465 1764 1550 biis,
1799 1466 1918 1553 quibus
1946 1476 2176 1533 antecessores
2208 1468 2329 1532 nostri

660 1569 865 1635 donaverunt
886 1569 983 1636 dictis
998 1569 1174 1656 religiosis,
1198 1569 1316 1657 quibus
1332 1579 1366 1636 et
1387 1572 1504 1636 iterum
1528 1571 1754 1636 concessimus
1771 1592 1830 1656 pro
1853 1570 1977 1636 eisdem
2000 1572 2068 1636 suis
2091 1569 2328 1636 servitoribus

659 1683 692 1737 et
713 1672 943 1758 familiaribus,
965 1684 1003 1740 ut
1025 1684 1149 1761 queant
1170 1676 1218 1740 ire
1240 1684 1274 1740 et
1296 1676 1407 1741 venire
1429 1674 1463 1740 in
1486 1675 1576 1739 omni
1598 1672 1777 1739 franchisia
1800 1683 1833 1738 et
1848 1673 2000 1740 libertate
2023 1675 2058 1738 in
2081 1673 2173 1738 omni
2198 1682 2328 1738 nostro

658 1798 760 1863 regno
782 1777 946 1844 Franciae
962 1788 995 1844 et
1017 1781 1158 1845 caeteris
1175 1781 1270 1844 terris
1293 1789 1327 1844 et
1342 1779 1508 1860 dominiis,
1532 1801 1617 1865 quae
1640 1787 1718 1844 sunt
1740 1787 1774 1843 et
1796 1787 1892 1843 erunt
1913 1780 1947 1844 in
1969 1778 2113 1844 futurum
2137 1779 2174 1840 in
2198 1785 2330 1842 nostra

660 1880 850 1947 obedientia
872 1890 905 1946 et
929 1881 1143 1964 subiectione,
1172 1891 1205 1948 et
1228 1882 1269 1949 de
1291 1884 1434 1950 Francia
1456 1884 1490 1948 in
1513 1883 1678 1968 Angliarn,
1707 1884 1740 1947 in
1764 1881 1922 1958 Scotiam,
1950 1882 2199 1970 Aequitaniam,
2227 1881 2327 1948 Alle
2357 1901 2392 1949 lo

659 1985 814 2070 maniam,
844 1984 1039 2052 leandiam
1063 1996 1096 2053 et
1118 1987 1335 2072 Noroergism
1363 2011 1403 2054 ac
1427 1988 1461 2053 iu
1485 1986 1637 2053 omnibus
1666 1986 1740 2053 aliis
1763 1986 1845 2052 locis
1873 1986 2137 2074 quibuscumque
2163 1989 2237 2052 sint
2263 2009 2331 2073 per

659 2111 750 2156 mare
774 2091 846 2156 sive
864 2113 924 2177 per
945 2100 1067 2156 terram
1084 2102 1117 2156 et
1139 2092 1180 2158 de
1196 2092 1376 2179 praedictis
1399 2092 1481 2158 locis
1497 2093 1617 2159 reverti
1641 2094 1675 2157 in
1690 2092 1876 2175 Franciam,
1900 2101 2032 2177 portare
2052 2101 2085 2156 et
2107 2087 2330 2177 reportaret,

661 2217 799 2260 onerare
821 2204 855 2260 et
870 2217 1062 2280 exonerare,
1085 2197 1230 2263 vendere
1246 2206 1279 2262 et
1301 2218 1409 2262 emere
1425 2218 1539 2263 omnes
1562 2197 1767 2263 meroaucias
1783 2197 2017 2261 couvenientes
2041 2216 2100 2281 pro
2118 2216 2183 2260 usu
2201 2217 2332 2260 eorum

660 2308 695 2364 et
715 2300 863 2385 ipsorum
879 2302 1074 2366 servitorum
1097 2311 1130 2365 et
1145 2300 1365 2384 familiarium,
1388 2300 1515 2386 absque
1536 2312 1648 2366 tamen
1670 2300 1760 2387 quod
1779 2301 1842 2385 ipsi
1864 2308 2039 2365 teneantur
2061 2299 2193 2365 solvere
2219 2298 2331 2365 nobis

660 2403 714 2469 vel
735 2406 857 2470 nostris
880 2405 1130 2471 successoribus
1153 2428 1259 2492 neque
1282 2405 1378 2472 alteri
1400 2427 1562 2492 personae
1585 2405 1720 2493 aliquod
1743 2405 1914 2485 tributum,
1938 2403 2122 2471 subsidium
2148 2405 2224 2470 sive
2243 2426 2330 2490 pas·
2359 2423 2393 2469 ro

662 2509 791 2594 sagium
814 2508 1042 2596 autaliquem
1066 2509 1164 2575 aliam
1188 2512 1396 2576 exactionem
1419 2511 1484 2576 nisi
1507 2511 1755 2577 retributionem
1780 2511 1936 2576 divinam.
1965 2510 2010 2573 Et
2032 2531 2072 2574 ue
2095 2508 2225 2594 aliquis
2255 2510 2331 2573 suis

661 2614 808 2699 peccatis
831 2613 1052 2700 exigentibus,
1086 2615 1175 2701 quod
1205 2615 1302 2700 absit,
1335 2616 1418 2682 illud
1446 2616 1569 2682 donum
1591 2615 1718 2681 violare
1747 2625 1949 2701 praesumat,
1984 2613 2071 2678 idem
2097 2612 2238 2677 firmum
2266 2635 2333 2698 per

661 2727 794 2783 nostras
817 2718 930 2784 literas
954 2718 1139 2785 stabilimus
1163 2742 1237 2785 cum
1260 2722 1460 2808 presentium
1484 2722 1619 2786 inferius
1643 2720 1886 2786 nominatorum
1910 2717 2098 2804 signaturis.
2137 2715 2333 2782 Rolandus

662 2835 696 2890 et
718 2823 895 2892 Oliverius.

764 2963 890 3031 Datum
912 2963 1113 3052 Aquisgrani
1146 2964 1271 3053 palatio
1299 2986 1386 3030 anno
1422 2963 1465 3030 ab
1495 2965 1722 3031 incarnatione
1756 2963 1879 3029 domini
1909 2960 2185 3046 octingentesimo
2215 2981 2334 3045 nono,
2360 2979 2397 3027 ao

661 3068 841 3135 indictione
857 3090 954 3153 noua,
977 3069 1184 3155 praesidente
1199 3070 1369 3136 Romanae
1393 3069 1464 3135 sedi
1485 3091 1575 3155 papa
1591 3069 1719 3152 Leone,
1742 3068 1776 3132 in
1799 3066 1929 3132 nominc
1953 3064 2077 3130 domini
2099 3065 2208 3130 nostri
2233 3064 2334 3130 Iesu.

764 3191 837 3276 Ego
859 3191 983 3258 Paulus
1007 3191 1166 3258 diaconus
1189 3200 1222 3258 et
1245 3192 1441 3259 secretarius
1464 3192 1644 3277 recognovi
1667 3199 1700 3255 et
1723 3188 1912 3274 subscripsi.

1450 3486 1537 3560 279.

1401 3628 1580 3708 (Uaeelrt.)

663 3769 759 3842 Karl
785 3773 849 3843 ἄεν
881 3769 1009 3843 Grosse
1042 3770 1185 3842 verlelbt
1218 3772 1296 3842 dem
1322 3769 1466 3841 Kloster
1492 3768 1577 3842 Ful
1585 3769 1609 3840 d
1617 3793 1639 3839 a
1672 3769 1728 3840 die
1755 3765 1910 3838 Zeleateo
1944 3787 2010 3836 ooo
2043 3763 2166 3834 dassen
2204 3763 2340 3838 Villo-n
2365 3789 2402 3837 ss

664 3895 739 3965 ενᾶ
764 3895 832 3965 ἄεν
859 3892 1000 3980 doroof
1019 3893 1220 3983 easdssipen
1248 3889 1407 3983 Hdripea
1434 3891 1510 3961 aad
1539 3888 1699 3962 Cotoneo.

1875 3990 1996 4050 Aoclren
2019 3991 2082 4049 810
2105 3987 2201 4061 April
2224 3994 2289 4052 22.

766 4185 958 4260 Aapeblieltes
989 4183 1126 4258 Oricinol
1156 4185 1205 4244 des
1234 4182 1340 4246 9.]1.
1365 4181 1430 4260 (A).
1465 4214 1508 4225 -
1543 4180 1611 4242 coa.
1635 4180 1807 4241 Eberhardi
1834 4197 1890 4239 aas
1919 4178 1970 4237 ἄεν
1992 4177 2081 4236 Mitte
2109 4176 2160 4236 des
2186 4183 2243 4241 12.
2275 4182 2340 4244 Jb.

768 4296 785 4351 1
812 4289 836 4363 s.
860 4288 911 4351 79¹
935 4288 985 4368 (0)
1008 4289 1072 4349 aad
1094 4292 1159 4350 102
1180 4283 1240 4367 (U)
1263 4289 1306 4346 im
1329 4287 1534 4349 Stootsorebio
1555 4304 1596 4345 sa
1618 4285 1776 4358 Morbum.

768 4432 919 4494 solennat
936 4431 1014 4489 Hist.
1032 4429 1122 4488 Falci.
1138 4432 1169 4501 2,
1194 4430 1236 4489 83
1258 4431 1325 4489 n⁰9
1351 4444 1386 4486 ec
1407 4427 1500 4486 ceteri
1521 4442 1623 4498 apocr.
1642 4421 1708 4503 (D).
1733 4455 1772 4466 -
1796 4423 1918 4482 Droalce
1935 4420 1997 4482 OD.
2014 4419 2105 4480 Fuld.
2123 4421 2193 4480 127
2208 4427 2246 4479 πθ
2262 4427 2342 4485 247
2366 4441 2404 4490 so

767 4553 824 4595 aas
853 4533 892 4593 A.
926 4567 968 4575 -
1002 4534 1135 4606 Ηενενεε
1163 4531 1246 4605 spec.
1270 4531 1342 4605 aasz.
1365 4531 1459 4591 Fald.
1484 4532 1524 4590 15
1555 4546 1612 4588 aas
1635 4528 1674 4588 A.
1713 4560 1752 4570 -
1788 4528 1877 4586 Foes.
1903 4525 2034 4600 Herquet
2058 4525 2077 4584 l.
2101 4541 2124 4582 c.
2151 4525 2188 4584 Τ.
2217 4529 2250 4586 6.
2293 4564 2343 4573 -

767 4638 964 4698 Mallboeber
985 4639 1058 4711 Rep.
1082 4639 1146 4696 418
1170 4633 1268 4713 (438).

768 4780 807 4850 A,
828 4796 909 4852 pona
922 4795 979 4836 eon
1000 4779 1081 4837 einer
1096 4777 1190 4835 Hand
1201 4776 1395 4851 aeschrieben,
1419 4775 1563 4845 versarat,
1586 4773 1749 4846 ollerdiaps
1764 4772 1844 4831 nieht
1866 4772 1921 4830 mit
1937 4769 2148 4830 sonderliclrem
2165 4769 2343 4849 Gesclsiclr,

769 4886 817 4944 die
839 4883 1063 4956 diplomaticae
1084 4881 1200 4952 Sebrift
1222 4881 1275 4940 der
1297 4883 1394 4940 ersten
1416 4877 1523 4950 Hdlste
1551 4877 1600 4936 des
1624 4881 1654 4938 9.
1678 4875 1731 4936 Jt.
1754 4876 1985 4934 noebeaolsmea.
2032 4873 2060 4932 A
2082 4889 2146 4931 soor
2170 4877 2258 4934 assela
2285 4879 2343 4939 die

774 4988 896 5063 Vorlope
925 4985 981 5059 ἴαν
1001 4986 1175 5059 ΕὸενΙιανᾶῑ
1212 4986 1371 5060 accessam
1399 5000 1455 5043 eon
1483 4980 1730 5040 anweseatlichen
1755 4980 1823 5038 aad
1849 4981 1914 5038 bier
1943 4979 2024 5038 nieht
2050 4977 2242 5039 oemaktea
2269 4984 2340 5044 Ab·
2367 4998 2404 5046 ss

770 5094 959 5167 weiclraapea
980 5091 1050 5151 sind
1072 5092 1120 5150 die
1141 5089 1358 5162 Acaderaaoea
1380 5087 1445 5147 aad
1469 5086 1599 5145 Zasdtee
1622 5081 1677 5156 far
1698 5083 1780 5142 seiae
1801 5083 1906 5143 Macte
1929 5083 2199 5143 ehorokteristisclr.
2244 5084 2341 5150 Dass

770 5197 923 5258 &Menas
937 5199 1002 5256 eine
1023 5197 1134 5256 andere
1154 5193 1397 5265 Ueterlieferursp
1420 5191 1466 5250 als
1482 5189 1512 5248 A
1534 5190 1653 5248 basset
1675 5187 1757 5256 boba,
1781 5188 1822 5246 ist
1840 5187 1991 5247 darcboas
2014 5184 2343 5266 neocaesariense,-

769 5306 835 5365 seia
859 5303 933 5362 Text
954 5304 1078 5373 stimmt,
1106 5300 1287 5360 aosncatlicls
1308 5297 1386 5356 acca
1408 5297 1442 5354 ia
1464 5295 1521 5353 den
1542 5292 1670 5362 Nausea,
1702 5308 1803 5366 persea
1825 5293 1880 5350 mit
1904 5289 1943 5362 A,
1975 5307 2038 5349 aar
2058 5290 2092 5347 irs
2114 5289 2215 5348 eiacm
2240 5293 2346 5358 Faus

773 5408 862 5487 (Note
884 5407 910 5488 c)
942 5408 1029 5467 bietet
1051 5424 1085 5466 er
1113 5407 1179 5464 aiae
1207 5405 1298 5463 altere
1320 5403 1414 5461 Form
1442 5399 1494 5458 ἄεν
1516 5397 1744 5467 Constructas,-
1781 5395 1820 5452 do
1843 5412 1876 5454 er
1905 5395 1982 5453 aucis
2008 5394 2042 5452 ia
2065 5393 2160 5450 cirtem
2191 5396 2346 5460 anderen

770 5514 857 5573 Folle
880 5513 926 5593 (ia
947 5509 1072 5591 n⁰287)
1097 5510 1154 5569 dea
1176 5510 1237 5567 ilem
1259 5503 1464 5578 eorlieyendcrs
1482 5503 1555 5562 Text
1578 5500 1789 5576 eipeamltelrtip
1812 5498 1981 5569 emendirte,
2007 5498 2044 5556 iet
2066 5496 2250 5571 scribier,
2278 5507 2345 5565 wie
2370 5521 2409 5572 40

768 5620 858 5679 schoa
881 5617 985 5688 diciret,
1009 5617 1080 5689 Rep.
1097 5617 1162 5674 294
1185 5614 1226 5674 K.
1241 5612 1315 5682 224,
1338 5610 1457 5678 meiate,
1481 5607 1528 5667 die
1551 5605 1707 5666 Annobme
1729 5603 1894 5676 berechtiot,
1918 5603 1988 5662 class
2011 5601 2059 5660 die
2081 5599 2346 5682 Abweielsanyen

769 5727 812 5783 im
834 5721 995 5791 Protolsoll‚
1019 5720 1068 5779 die
1090 5718 1221 5790 Beipobe
1243 5717 1295 5774 ἄεν
1310 5715 1492 5783 Iaooeotioa,
1517 5711 1570 5769 ἄεν
1591 5710 1672 5770 nieht
1694 5707 1806 5768 eiamol
1828 5709 1950 5781 riehtipe
1966 5705 2151 5776 Kaisertitel,
2177 5707 2233 5768 die
2249 5710 2345 5774 Ans.

770 5829 932 5901 losssmpea
959 5827 993 5883 ia
1022 5824 1075 5882 ἄεν
1097 5822 1261 5895 Dotiraap,
1296 5821 1344 5879 die
1370 5817 1618 5893 Richtipstellsmq
1645 5816 1698 5875 ἄεν
1726 5814 1879 5874 ludicrica
1907 5813 1979 5888 (ind.
2003 5812 2110 5870 111:
2134 5810 2217 5889 810)
2250 5820 2348 5880 seim

771 5935 890 6007 apeaen
918 5930 1170 5999 Veroesseroncea
1192 5927 1280 5985 scien
1306 5960 1347 5968 —
1369 5925 1552 5997 Falernum),
1576 5923 1610 5981 ia
1633 5921 1730 5980 dieser
1744 5920 1838 5978 Form
1860 5919 1915 5977 mit
1939 5915 2005 5975 dem
2021 5914 2139 5975 Nemea
2162 5913 2219 5976 des
2238 5922 2347 5985 Actes

745 6084 804 6142 2³8.
824 6085 852 6152 b)
869 6089 1023 6150 respcrtare
1040 6079 1075 6134 B.
2373 6081 2411 6130 45
