5642 7159
1117 655 1373 716 annulinus
1397 651 1469 714 769.
2074 642 2115 706 69

469 846 555 934 quod
577 852 795 914 antecessoris
810 851 912 914 nostri
930 846 1095 935 quondam
1112 846 1200 928 regis
1218 868 1275 931 per
1290 867 1402 911 eorum
1426 847 1655 910 auctoritatem
1673 869 1783 910 eorum
1808 867 1925 910 manus
1940 846 2112 911 roboratas

468 956 554 1018 omni
577 954 778 1018 aemunitate
800 955 832 1018 in
856 953 975 1038 integri
1007 953 1047 1017 de
1070 951 1165 1015 villas
1190 949 1331 1015 eclesiae
1367 972 1447 1014 suae
1469 951 1596 1036 absque
1630 951 1782 1015 introitus
1812 949 1956 1014 iudicum
1980 970 2113 1014 conces·

470 1058 589 1122 sissent
610 1056 663 1122 vel
687 1057 884 1139 firmassent,
918 1059 966 1121 ita
990 1064 1043 1121 ut⁰
1066 1079 1172 1141 neque
1207 1054 1309 1120 iudex
1332 1053 1483 1140 publicus
1517 1076 1578 1120 nec
1601 1055 1644 1120 ad
1679 1055 1843 1141 agendum
1871 1077 1931 1119 nec
1957 1054 2001 1118 ad
2028 1054 2114 1118 srida

468 1160 666 1245 exigendum
689 1182 751 1225 nec
774 1160 818 1226 ad
839 1161 1028 1226 mansiones
1050 1159 1238 1224 iaciendum
1261 1180 1322 1223 nec
1345 1157 1437 1223 nulla
1460 1158 1677 1225 retribucione
1700 1159 1930 1246 requirendum
1954 1159 1995 1223 de
2018 1157 2114 1222 villas

430 1267 534 1330 siam
559 1265 645 1330 dicto
668 1268 897 1348 monasteriae,
932 1263 1091 1351 quicquid
1114 1264 1213 1328 fiscus
1237 1273 1349 1329 noster
1371 1263 1491 1330 exinde
1515 1273 1666 1350 potuerat
1688 1266 1843 1349 recipere,
1879 1265 2026 1348 ingerere
2049 1283 2112 1327 nou

466 1370 596 1436 debeat.
642 1368 737 1435 Unde
761 1371 890 1455 etipsa
923 1369 1133 1454 preceptione
1156 1378 1401 1434 antecessorum
1436 1378 1623 1433 nostrorum
1646 1390 1704 1453 per
1732 1368 1884 1432 manibus
1913 1367 2035 1431 habere
2058 1367 2113 1430 ad-

466 1475 585 1557 firmat,
620 1475 697 1539 dum
720 1484 754 1540 et
776 1475 850 1559 ipsa
871 1474 904 1537 in
928 1481 1079 1558 presente
1103 1471 1222 1536 obtulit
1244 1472 1421 1557 relegenda
1445 1481 1478 1536 et
1500 1474 1561 1558 ipsi
1584 1472 1763 1536 beneficius
1787 1471 1829 1535 ab
1854 1473 1942 1556 ipsos
1966 1494 2061 1554 reges
2084 1472 2114 1534 ci

466 1580 527 1644 fuit
548 1577 712 1642 indultum
734 1588 881 1663 tempore
905 1585 1057 1661 presente
1080 1576 1122 1639 ab
1146 1574 1279 1640 cosdem
1303 1598 1434 1641 aserere
1456 1577 1509 1640 vel
1533 1598 1737 1641 conservare.
1784 1575 1850 1641 Sed
1872 1597 1931 1660 pro
1966 1571 2114 1659 integra‘¹

466 1681 619 1747 firmitate
642 1682 755 1768 petiit⁰
777 1680 1007 1746 celsitudinem
1023 1680 1138 1761 nostri,
1163 1690 1199 1743 ut
1214 1681 1304 1744 circa
1328 1683 1402 1765 ipsa
1419 1691 1531 1745 nostra
1553 1680 1616 1744 hoc
1632 1680 1761 1766 plenius
1785 1679 1911 1744 deberit
1934 1680 2115 1743 auctoritas

418 1805 446 1852 ιο
467 1786 661 1851 confirmari.
706 1783 773 1852 Sed
796 1794 977 1870 cognoscat
1002 1783 1128 1849 utilitas
1153 1806 1209 1849 seo
1243 1784 1436 1868 magnitudo
1461 1795 1582 1867 vestra,
1618 1783 1706 1869 quod
1729 1806 1789 1848 nos
1811 1781 1898 1848 hunc
1921 1782 2113 1847 beneficium

467 1913 525 1975 pro
549 1890 601 1955 dei
625 1911 737 1955 amore
761 1888 952 1976 plenissima
975 1889 1137 1952 voluntati
1162 1887 1260 1953 dinuo
1285 1888 1508 1952 confirmassit
1530 1888 1580 1952 vel
1606 1885 1835 1954 concessisset
1872 1887 2013 1952 Proinde
2036 1907 2114 1970 ergo

467 1994 626 2076 iubemus,
660 2004 696 2058 ut
718 1993 805 2068 dum,
842 1996 926 2060 sicut
948 1994 989 2059 ab
1026 1994 1116 2077 ipsos
1138 1994 1225 2077 regis
1250 2002 1476 2058 antecessores
1504 2002 1635 2057 nostros
1667 2015 1725 2077 per
1748 2014 1858 2057 eorum
1888 1993 2114 2077 preceptiones

466 2121 583 2164 manus
607 2121 684 2163 suas
715 2099 888 2163 roboratas
912 2109 1092 2162 memorate
1125 2097 1345 2161 monasteriae
1367 2095 1421 2160 vel
1456 2097 1523 2159 iam
1558 2095 1644 2160 dicte
1668 2096 1820 2160 Ailinaue
1852 2096 2044 2160 abbatissae
2075 2095 2115 2158 dc

467 2225 578 2268 omnes
600 2201 697 2266 villas
720 2224 798 2266 suae
821 2201 947 2287 absque
974 2201 1142 2265 introitum
1166 2199 1310 2265 iudicum
1333 2201 1461 2285 integra
1484 2201 1700 2281 aemunitasss,
1724 2210 1760 2263 ut
1783 2200 1844 2264 boc
1867 2201 2010 2285 presenti
2033 2209 2113 2264 tem-

422 2322 448 2368 rs
469 2327 545 2392 pore
561 2315 595 2370 et
610 2305 753 2370 futurum
771 2305 833 2369 hcc
847 2304 1044 2370 beneficium
1066 2304 1109 2368 ab
1126 2303 1240 2369 eadem
1257 2325 1455 2369 conservare
1474 2303 1636 2385 videntur,
1654 2325 1760 2388 neque
1776 2326 1834 2368 vos
1850 2326 1956 2390 neque
1972 2306 2115 2369 iunioras

467 2431 521 2475 seo
546 2430 753 2476 successores
776 2411 878 2474 vestri
900 2408 954 2474 vel
978 2408 1133 2495 quislibet
1155 2408 1329 2474 iudiciaria
1352 2417 1503 2493 potestas
1517 2410 1550 2472 in
1574 2411 1680 2473 curtis
1697 2410 1804 2494 ipsius
1828 2411 2047 2474 monasteriae
2063 2408 2115 2472 vel

468 2515 531 2578 iam
555 2513 642 2578 dicte
665 2512 820 2577 Ailinane
843 2511 1035 2577 abbatissae
1051 2535 1111 2577 nec
1135 2512 1178 2577 ad
1195 2512 1359 2598 agendum
1383 2536 1444 2578 nec
1461 2514 1504 2577 ad
1527 2514 1612 2578 frida
1629 2513 1827 2598 exigendum
1851 2535 1912 2578 nec
1927 2516 2115 2579 mansiones

468 2616 650 2682 iaciendum
673 2638 734 2681 uec
757 2614 846 2680 nulla
868 2615 1090 2681 retribucione
1112 2617 1353 2702 requirendum,
1383 2616 1539 2702 quicquid
1561 2616 1661 2682 fiscus
1685 2627 1797 2682 nostor
1819 2617 1939 2682 exinde
1964 2628 2116 2703 potuerat

469 2742 609 2807 sperare,
633 2720 782 2804 ingerere
803 2739 865 2783 nec
881 2720 1013 2804 exigere
1036 2741 1101 2785 non
1119 2730 1336 2805 presumatur,
1360 2721 1423 2784 nisi
1447 2743 1489 2784 ex
1512 2730 1626 2785 nostra
1649 2720 1859 2806 indulgencia
1881 2723 2117 2807 perpetualiter

426 2841 453 2890 to
469 2836 597 2891 maneat
613 2823 852 2890 inconvulsum.
879 2824 924 2888 Et
940 2833 976 2888 ut
998 2824 1081 2888 haec
1098 2824 1280 2887 auctoritas
1303 2823 1400 2887 firma
1424 2834 1626 2908 permaneat,
1650 2847 1750 2889 manu
1774 2834 1887 2888 nostra
1911 2827 2116 2910 signaculum

471 2930 578 2995 subter
600 2928 805 2994 decrevimus
828 2929 995 2993 roborare.

567 3083 704 3168 Signum
728 3085 819 3167 (MP.)
843 3083 962 3148 domno
988 3081 1233 3147 Carolomanno
1258 3083 1493 3167 gloriosissimo
1516 3085 1595 3166 rogi.

569 3225 626 3304 (0.)
649 3219 663 3300 l}
686 3223 890 3308 Maginarius
916 3225 1093 3308 recognovi
1118 3221 1186 3306 et}{
1212 3228 1281 3302 (SR.
1304 3226 1384 3286 NT.:
1415 3227 1608 3299 ilupiaorius·
1632 3229 1807 3301 rccopuooae').
1842 3230 1898 3302 (Sl.
1923 3230 1972 3303 1).)
2003 3227 2118 3310 [Belua

470 3326 609 3410 [valelat.

420 3475 444 3524 19
567 3465 657 3530 Data
672 3466 705 3530 in
727 3487 840 3530 mense
855 3464 1025 3531 novembri
1050 3487 1138 3530 anno
1156 3463 1348 3550 se[oun]d0¹¹
1371 3466 1462 3550 regni
1486 3467 1606 3548 nostri,
1630 3477 1740 3530 actum
1765 3466 1968 3551 Pont[ione]¹¹
1992 3469 2115 3555 palatio

464 3567 614 3652 publico,
636 3570 670 3633 in
693 3568 745 3634 dei
768 3590 886 3634 nomen
911 3568 1059 3634 feliciter.

1263 3861 1324 3934 50.

451 4015 667 4091 Korlmooo
695 4019 852 4112 besldtipl
881 4021 958 4092 clem
985 4021 1131 4093 Klosler·
1158 4021 1317 4094 Honore
1343 4023 1399 4093 clia
1426 4022 1649 4094 Immuaitc'tt.

1652 4164 1858 4236 Diedenlrofen
1881 4167 1944 4225 770
1968 4165 2069 4226 Mera.

399 4364 426 4413 3⁰
567 4367 658 4427 [tiber
680 4369 797 4426 tarium
820 4369 883 4428 eccl.
901 4385 924 4427 s.
942 4367 1106 4438 Michaelis,
1131 4368 1283 4442 abpcfasst
1300 4371 1450 4428 swischea
1472 4373 1697 4441 1178-1596,
1722 4369 1746 4443 s.
1764 4377 1807 4430 17
1828 4374 1871 4429 im
1886 4371 2115 4431 Besirlrsorchio

564 4488 603 4529 eu
619 4471 797 4543 Strassburq
813 4467 880 4552 (B).
898 4503 937 4514 -
956 4472 1108 4545 Abscbrift
1124 4473 1172 4531 des
1189 4477 1240 4532 17.
1258 4472 1311 4533 Jb.
1329 4474 1377 4534 des
1392 4474 1486 4532 Isiber
1499 4475 1589 4533 outae
1604 4475 1669 4535 cccl.
1685 4493 1709 4535 s.
1727 4474 1810 4534 Petri
1832 4480 1859 4533 et
1874 4477 1967 4535 Micia.
1985 4475 2110 4548 Arsesa.

565 4592 592 4634 a.
616 4577 711 4646 1442,
738 4571 798 4635 cn.
823 4580 931 4636 rvrov
951 4565 1026 4637 nis
1048 4579 1102 4636 mu
1127 4575 1318 4637 eorreooren
1342 4595 1397 4636 von
1420 4579 1548 4637 ansero
1569 4580 1661 4638 nans
1684 4582 1717 4637 ro
1739 4581 1792 4637 cer
1813 4580 2114 4640 ostensionales

565 4697 604 4737 cu
625 4680 715 4738 Poris
739 4677 807 4758 (E).

567 4817 716 4878 Mobillon
738 4819 819 4880 Ana.
835 4824 866 4891 2,
892 4823 956 4881 698
977 4827 1012 4878 n⁰
1026 4825 1068 4881 13
1091 4839 1105 4879 e
1127 4825 1180 4880 oet.
1205 4821 1266 4881 cod.
1289 4839 1314 4880 s.
1338 4821 1421 4879 Petri
1448 4822 1560 4880 Veteris
1584 4821 1620 4898 (s.
1646 4821 1713 4899 XI)
1739 4821 1809 4903 (G,)
1835 4845 1876 4876 =
1898 4824 2015 4882 Eccurd
2032 4822 2112 4896 Orip.

566 4921 676 4981 Hubsb.
694 4926 757 4983 193
771 4929 807 4981 n⁰
820 4926 850 4994 8,
866 4944 909 4979 =
924 4925 1062 4998 Boaquct
1078 4928 1107 4996 5,
1125 4928 1187 4985 720
1203 4930 1237 4982 n⁰
1250 4928 1302 4994 12,
1320 4946 1361 4978 =
1377 4926 1480 4998 Mipnc
1495 4924 1608 4984 Patrol.
1625 4928 1677 4995 97,
1694 4930 1756 4985 919
1772 4931 1807 4983 n⁰
1821 4931 1842 4986 7
1856 4929 1910 4985 orit
1926 4944 1985 4999 req.
2002 4933 2053 4988 11.
2069 4962 2112 4971 —

566 5025 705 5099 Loquille
727 5025 807 5086 Hist.
824 5023 961 5086 d’Alsace
980 5022 1030 5098 2⁶,
1056 5031 1074 5086 6
1091 5046 1127 5087 eu
1149 5030 1228 5089 arcia
1247 5047 1271 5089 s.
1288 5030 1372 5087 Petri
1395 5028 1463 5088 sm.
1482 5029 1518 5104 (s.
1537 5029 1601 5107 XI)
1628 5029 1683 5111 (G,
1704 5031 1759 5088 mit
1778 5031 1931 5090 desselben
1953 5032 2115 5090 Variantsu

567 5130 620 5186 wie
646 5127 709 5208 (ἦ).
733 5161 775 5171 -
799 5129 948 5202 Seboprtiu
976 5130 1040 5190 Ars,
1072 5133 1144 5204 dipl.
1169 5137 1198 5202 1,
1230 5135 1271 5193 13
1298 5137 1386 5192 1911
1418 5150 1454 5191 aa
1482 5133 1543 5192 cod.
1573 5149 1597 5193 s.
1624 5133 1689 5192 XV
1713 5151 1736 5193 s.
1761 5133 1845 5193 Petri
1873 5134 1940 5194 Seu.
1973 5135 2039 5212 (H).
2072 5170 2113 5178 -

570 5230 754 5291 Grandidier
776 5233 855 5294 Hist.
880 5233 915 5293 de
937 5234 1117 5309 Struebourp
1139 5230 1187 5306 2⁶,
1212 5241 1272 5296 191
1297 5243 1331 5294 rt⁰
1345 5238 1386 5296 59
1409 5255 1445 5295 ea
1467 5237 1542 5295 libro
1565 5238 1681 5295 iuriam
1703 5255 1726 5296 s.
1751 5239 1834 5297 Petri
1857 5239 1923 5299 Seu.
1949 5242 2112 5313 conscripto

566 5353 591 5395 a.
609 5339 694 5396 1655
719 5336 887 5414 (Abscbrist
909 5356 965 5397 von
988 5340 1049 5413 ΒΡ)
1074 5340 1293 5414 unuollsto'ndr'p
1318 5363 1358 5395 =
1383 5342 1487 5415 Mipne
1508 5342 1620 5402 Potrol.
1638 5346 1689 5413 96,
1715 5346 1801 5402 1577
1822 5349 1921 5403 9144.
1947 5379 1986 5389 -
2012 5345 2113 5403 91919-

567 5439 669 5498 bucber
691 5441 762 5513 lieo.
787 5445 849 5502 124
877 5442 978 5520 (121).

571 5577 691 5652 Vorlupe
714 5579 762 5637 dic
789 5581 931 5640 Urlrunrle
953 5582 1082 5655 Pippins
1104 5588 1139 5640 n⁰
1154 5587 1205 5643 10.

559 5759 596 5813 19.
614 5761 640 5884 Ξ)
657 5769 688 5814 ut
699 5762 824 5816 awdmal
841 5765 1016 5843 perclaricben
1103 5767 1131 5833 d)
1147 5782 1196 5818 vor
1208 5770 1321 5848 integra¹
1333 5769 1364 5820 tir
1380 5769 1438 5835 (die
1450 5770 1756 5850 drsfarrpsbaclvstabea
1774 5774 1822 5828 des
1841 5774 2113 5850 stdclrsteollsortes)

635 5831 956 5957 urelshssu'pupcpppplbpep,
1050 5836 1082 5972 es),
1098 5837 1171 5958 chapp
1189 5841 1341 5960 petpitnpm
1365 5838 1502 5962 ‘limi'
1530 5840 1763 5963 uzipplpcbcvulicb
1785 5845 1876 5898 woltte
1900 5844 1950 5965 αἰέν
1970 5841 2112 5964 {illimis

445 5955 469 6006 ⁴5
614 5917 747 6040 alibius
851 5973 879 6039 g)
897 5971 950 6024 das
973 5974 1107 6026 Zeitwort
1125 5923 1276 6041 (etuirsoinil
1295 5923 1632 6048 sinledalrorriietassm
1656 5927 1709 5963 w„
1739 5915 1918 6046 iiiiiidilinim
1937 5926 2111 6050 iJirpaiiieio‘.
