5642 7159
1258 777 1690 836 KAlSERURKUNDFlN.

751 966 794 1020 im
817 963 1042 1022 Beeirlrsarclris
1067 983 1108 1022 aa
1133 963 1309 1039 Strossburq
1332 963 1390 1042 (O).
1415 999 1459 1009 -
1480 964 1634 1037 Aeschrift
1658 966 1707 1025 des
1730 971 1780 1026 17.
1805 967 1858 1029 Jt.
1882 967 1933 1026 des
1956 967 2048 1026 Liber
2069 967 2159 1025 calae
2181 968 2244 1026 eccl.
2268 985 2292 1027 s.

751 1067 834 1125 Petri
857 1071 883 1125 ct
906 1066 998 1125 Micio.
1025 1068 1143 1140 arpent.
1173 1086 1202 1129 a.
1227 1072 1321 1138 1443,
1347 1068 1406 1128 CL.
1433 1073 1541 1129 17197
1563 1068 1586 1141 s.
1612 1064 1663 1129 98'
1685 1075 1720 1127 n⁰
1744 1075 1764 1129 7
1785 1073 1839 1129 mit
1863 1069 2057 1130 eorreuuren
2085 1088 2141 1129 oon
2166 1071 2294 1130 ἄννᾶεννν

752 1169 845 1229 Hand
866 1172 900 1228 ia
921 1170 975 1228 der
996 1170 1298 1231 Notionolbibliotlrelr
1319 1191 1359 1230 ea
1380 1173 1470 1233 Poris
1493 1171 1558 1252 (Ε).

751 1343 899 1402 Mobillon
911 1343 992 1404 Ano.
1015 1347 1046 1416 2,
1072 1347 1135 1405 697
1155 1351 1190 1404 a⁰
1213 1351 1256 1405 12
1278 1363 1293 1404 e
1314 1350 1368 1405 vet.
1392 1346 1453 1408 cod.
1475 1364 1499 1405 s.
1523 1347 1607 1406 Petro⁴
1627 1348 1738 1407 Veteris
1762 1346 1797 1426 (s.
1824 1348 1890 1423 XI)
1913 1348 1958 1423 (θ
1963 1349 1994 1426 1)
2012 1371 2053 1402 -.
2069 1348 2186 1408 Eccord
2211 1348 2292 1421 Orio.

750 1447 861 1510 Habsb.
886 1451 950 1508 102
971 1454 1004 1507 a⁰
1028 1453 1056 1520 7,
1080 1472 1122 1504 =
1146 1451 1283 1526 Bouqaet
1306 1453 1335 1519 5,
1371 1452 1433 1510 735
1455 1455 1490 1508 νιο
1513 1452 1563 1521 13,
1588 1473 1629 1505 =
1653 1451 1756 1524 Misce
1784 1451 1896 1513 Patrol.
1926 1454 1977 1524 96,
2013 1455 2095 1511 1545
2118 1454 2226 1511 4126.
2254 1460 2327 1507 -o

750 1551 890 1625 Lupuille
919 1553 999 1613 Hist.
1024 1551 1159 1614 d'Alsuce
1181 1549 1215 1614 2ὁ
1239 1561 1259 1614 7
1282 1573 1317 1613 ec·
1345 1556 1425 1615 orcle.
1449 1570 1473 1613 s.
1498 1555 1580 1612 Petri
1604 1554 1671 1614 Seu.
1704 1557 1737 1625 (s.
1765 1553 1831 1631 XI)
1857 1553 1949 1631 (62).
1980 1587 2023 1598 -
2053 1554 2201 1627 Schopslin
2230 1554 2294 1615 Ale.

752 1655 823 1728 dipl.
847 1661 875 1726 1,
900 1660 941 1716 35
964 1663 998 1715 o⁰
1021 1661 1061 1717 31
1087 1661 1268 1733 etantiqua
1292 1660 1351 1718 cod.
1376 1677 1399 1718 s.
1425 1660 1508 1718 Petri
1531 1659 1598 1719 Sere.
1625 1658 1659 1735 (s.
1686 1658 1754 1734 XI)
1779 1658 1851 1734 (H).
1876 1692 1919 1700 —
1950 1658 2133 1718 Gronrlidier
2157 1659 2234 1717 Hist.
2260 1657 2295 1715 ἄν

751 1759 928 1833 Strasbourp
951 1757 999 1832 2⁶,
1025 1765 1064 1822 89
1087 1769 1122 1820 n⁰
1145 1765 1185 1821 54
1209 1781 1244 1821 ec
1267 1764 1359 1824 chart.
1383 1781 1406 1822 s.
1433 1763 1518 1822 XVI
1541 1764 1620 1824 urolt.
1653 1765 1777 1823 Τᾶὺνννν.
1801 1767 1827 1821 et
1850 1763 1920 1838 cod„
1935 1781 1959 1823 s.
1986 1763 2050 1822 XV
2073 1781 2097 1823 s.
2122 1764 2204 1822 Petri
2226 1763 2292 1822 Sea.

751 1863 818 1942 (mit
840 1866 1085 1925 acwcsmtliclreo
1114 1867 1285 1944 Varionten)
1309 1889 1350 1921 =
1374 1867 1478 1940 Miqne
1500 1867 1611 1925 Patrol.
1629 1871 1680 1936 96,
1704 1869 1788 1926 1533
1809 1873 1844 1926 ννο
1865 1871 1918 1929 21.
1945 1901 1979 1911 -
2008 1867 2200 1926 Matlbuclrer
2222 1867 2293 1938 neq.

749 1969 791 2026 88
814 1965 892 2046 (86).
2314 1978 2346 2025 ιο

755 2139 888 2212 Verfasst
920 2144 996 2201 noch
1030 2143 1131 2202 Form.
1165 2143 1308 2215 Marcelli
1336 2145 1360 2214 I,
1384 2148 1436 2215 35,
1472 2145 1515 2203 Μ.
1542 2144 1579 2203 θ.
1604 2145 1705 2203 Form.
1739 2147 1789 2215 65,
1813 2146 1868 2203 mit
1896 2144 2087 2219 Accessum
2122 2145 2174 2204 der
2207 2145 2294 2204 Stellc

749 2246 822 2303 dher
845 2244 921 2316 ἄνᾶν
942 2247 1114 2320 Abtswolrl;
1145 2246 1221 2319 ἄνᾶν
1241 2249 1327 2307 Wulrl
1349 2248 1399 2306 des
1422 2249 1528 2307 Priore
1552 2249 1628 2306 wird
1650 2266 1705 2306 oon
1729 2247 1805 2305 Korl
1829 2248 1886 2306 III
1905 2250 1968 2307 884
1990 2249 2060 2306 ΜνινΙ
2081 2250 2125 2308 23
2153 2248 2292 2321 qewltlrrt,

751 2349 942 2408 lrolrloacoer
963 2351 1035 2422 Req.
1062 2352 1155 2410 1841.
1190 2351 1255 2408 Dos
1284 2352 1431 2409 erwlilmte
1452 2351 1584 2423 Prittlep
1613 2354 1651 2409 ist
1675 2351 1729 2409 wol
1750 2368 1811 2408 our
1833 2351 1886 2408 der
1908 2369 1964 2410 von
1986 2351 2100 2424 Pippin
2123 2351 2168 2409 ola
2191 2351 2293 2409 Hous-

750 2454 846 2511 moicr
866 2453 1026 2512 verlielrenc
1042 2452 1230 2525 Muadbries,
1257 2454 1298 2511 M.
1322 2454 1357 2513 G.
1381 2440 1459 2512 Μ).
1483 2455 1605 2515 Merow.
1623 2456 1684 2514 105
1707 2461 1742 2513 n⁰
1765 2458 1821 2526 20‚·
1844 2455 1970 2514 ἄννᾶνννν
1986 2455 2109 2514 Ansicht
2132 2456 2172 2513 ist
2187 2453 2292 2521 siukei,

750 2557 845 2619 Beitr.
861 2577 887 2616 a.
904 2557 987 2630 Dipl.
1006 2559 1057 2616 IV
1075 2558 1193 2618 Wiener
1210 2557 1269 2617 SB.
1288 2562 1338 2628 47,
1356 2560 1429 2617 514.
1460 2558 1707 2617 Wolrrsclreialiclr
1722 2561 1762 2617 ist
1777 2559 1856 2618 dicae
1876 2559 2018 2619 Urtande
2038 2558 2173 2617 aiemliclr
2186 2557 2291 2630 pleiotr-
2312 2565 2344 2611 lo

748 2662 836 2734 coitio
858 2663 912 2718 mit
934 2666 969 2718 ννο
993 2665 1034 2721 10
1061 2661 1214 2719 uerliehen.
1252 2661 1316 2719 Der
1338 2661 1435 2720 Numa
1462 2662 1512 2720 des
1535 2663 1784 2734 Becoqaosoonten
1807 2663 1845 2720 ist
1868 2680 1924 2721 aas
1955 2662 2127 2721 Widmorus
2150 2661 2290 2720 verderbt.

753 2865 910 2951 Pippinus
937 2889 997 2930 rex
1020 2853 1224 2929 Francorum
1252 2867 1302 2930 vir
1335 2865 1461 2931 illuster
1489 2867 1617 2932 domnis
1652 2869 1776 2931 sanctis
1811 2881 1843 2931 et
1876 2866 2068 2952 apostolicis
2097 2888 2137 2931 ac
2159 2887 2291 2930 venera·

646 2969 766 3034 bilibus
790 2971 822 3032 in
847 2967 978 3033 Christo
1002 2969 1162 3054 patribus,
1187 2968 1338 3033 omnibus
1363 2971 1527 3056 episcopis
1552 2970 1740 3053 abbatibus,
1767 2994 1825 3035 seu
1847 2968 2028 3035 illustribus
2051 2993 2091 3035 ac
2108 2971 2292 3055 magnificis

647 3074 734 3155 viris,
769 3071 908 3137 ducibus
931 3071 1108 3138 comitibus
1142 3072 1333 3139 domesticis
1369 3075 1501 3138 vicariis
1535 3077 1751 3139 centenariis·
1783 3085 1882 3160 atque
1918 3074 2069 3140 omnibus
2107 3073 2290 3159 agentibus.

749 3178 885 3242 Rectum
909 3199 981 3242 esse
1005 3200 1186 3252 censemus,
1211 3190 1246 3243 ut
1269 3180 1487 3264 peticionibus
1512 3179 1731 3260 sacerdotum,
1758 3203 1820 3264 que
1836 3178 1880 3243 ad
1901 3179 2083 3264 profectum
2108 3175 2290 3265 pertinentl
2309 3183 2343 3232 20

646 3282 738 3345 loca‘
754 3291 953 3362 sanctorum,
978 3281 1022 3345 ad
1045 3281 1194 3347 effectum
1219 3281 1349 3348 Christo
1374 3285 1504 3369 presule
1528 3284 1755 3370 perducamus.
1781 3284 1886 3368 Igitur
1908 3286 1941 3348 in
1959 3282 2090 3348 Christo
2113 3293 2208 3369 pater
2224 3283 2292 3346 Du·

645 3384 752 3450 banus
769 3387 943 3471 episcopus
966 3386 1018 3450 vel
1035 3385 1141 3450 abbas
1158 3386 1198 3450 de
1222 3389 1421 3452 monasterio
1439 3388 1658 3472 Hohenaugia
1674 3391 1708 3453 in
1725 3410 1810 3473 pago
1828 3387 2011 3452 Alsacense
2036 3409 2134 3472 super
2156 3386 2292 3451 fluvium

646 3489 803 3570 Rhenum,
838 3488 924 3574 quod
949 3498 1000 3553 est
1023 3499 1247 3554 constructum
1272 3491 1321 3554 in‘
1348 3489 1470 3556 bonore
1499 3495 1603 3556 sancti
1628 3483 1800 3557 Michaelis
1824 3501 1857 3556 et
1884 3495 1988 3556 sancti
2012 3493 2098 3556 Petri
2123 3501 2155 3556 et
2185 3491 2291 3555 sancti

648 3592 738 3656 Pauli
755 3592 805 3656 vel
822 3589 1026 3657 ceterorum‘¹
1049 3602 1246 3673 sanctorum,
1270 3593 1426 3679 gloriosi⁰
1449 3597 1538 3680 regni
1556 3597 1658 3659 nostri
1675 3596 1881 3660 maiestatem
1897 3597 2006 3680 peciit,
2023 3607 2067 3668 ut,
2089 3595 2167 3661 dum
2183 3596 2290 3680 ipsum

646 3696 879 3760 monasterium
904 3696 945 3761 de
968 3695 1150 3761 collacione
1174 3708 1418 3763 antecessorum
1442 3710 1629 3763 nostrorum
1644 3698 1697 3762 vel
1713 3700 1753 3764 de
1776 3698 1962 3763 hominibus
1980 3699 2076 3764 deum
2100 3698 2290 3764 timentibus
2309 3704 2343 3751 ²⁵

645 3798 825 3865 adiutorio‘
843 3800 972 3865 videtur
996 3823 1069 3866 esse
1092 3811 1327 3880 constructum,
1352 3823 1411 3867 nos
1431 3824 1525 3866 omne
1548 3825 1668 3888 corpus
1692 3802 1886 3868 facultatum
1901 3805 1981 3878 eius,
2005 3812 2072 3868 tam
2094 3802 2182 3887 quod
2202 3812 2291 3866 ante·

645 3924 793 3968 cessores
811 3902 949 3968 abbates
967 3903 1089 3969 ibidem
1113 3902 1346 3969 laboraverunt
1356 3915 1379 3986 ⁸,
1404 3928 1503 3991 quam
1519 3906 1606 3990 quod
1623 3908 1693 3991 ipse
1713 3905 1873 3970 Dubanus
1890 3903 1951 3970 de¹¹
1974 3905 2072 3971 rebus
2090 3907 2290 3981 monasterii,

646 4031 708 4093 que
731 4006 853 4073 ibidem
876 4009 977 4073 fuisse
1002 4008 1226 4091 dinoscuntur,
1243 4011 1335 4074 visus
1360 4019 1410 4075 est
1433 4020 1666 4094 augmentasse
1690 4020 1748 4074 aut
1770 4031 1984 4094 comparasse
2007 4019 2040 4074 et
2055 4008 2142 4095 quod
2159 4008 2201 4073 ab
2219 4009 2291 4094 ipso

645 4121 760 4176 sancto
785 4112 856 4176 loco
875 4112 1030 4177 moderno
1049 4123 1195 4198 tempore
1218 4112 1417 4199 possidetur,
1441 4137 1499 4199 per
1514 4124 1660 4178 nostrum
1678 4114 1870 4178 deberemus
1886 4112 2082 4197 generaliter
2097 4112 2291 4176 confirmare

646 4227 848 4302 preceptum,
883 4216 971 4302 quod
1000 4225 1080 4281 nos⁸
1107 4239 1166 4303 pro
1195 4218 1306 4283 divino
1334 4229 1486 4304 respectu
1510 4218 1561 4283 vel
1584 4217 1745 4283 mercedis
1773 4226 1883 4282 nostre
1906 4226 2082 4301 augmento
2106 4216 2289 4300 prestitisse
2309 4221 2342 4269 30

645 4330 754 4385 vestre
778 4343 843 4384 non
867 4319 994 4385 dubitet
1024 4321 1227 4406 magnitudo.
1267 4322 1383 4387 Eciam
1415 4332 1447 4386 et
1481 4321 1685 4407 privilegium
1722 4322 1826 4406 ipsius
1849 4321 2049 4401 monasterii,
2075 4318 2163 4404 quod
2196 4318 2290 4382 iuxta

644 4423 887 4488 institucionem
922 4421 1130 4509 priscorum¹²
1158 4434 1287 4509 patrum
1323 4434 1355 4489 et
1387 4425 1587 4510 reliquorum
1615 4426 1843 4509 episcoporum
1872 4425 1931 4487 visi
1968 4433 2044 4486 sunt
2076 4423 2235 4487 meruisse
2258 4431 2291 4486 et

644 4528 733 4613 quod
761 4549 819 4612 per
857 4529 1085 4593 auctoritatem
1126 4538 1270 4594 nostram
1307 4527 1380 4593 seu¹
1414 4529 1612 4614 reliquorum
1651 4528 1691 4592 de
1730 4527 1976 4592 successoribus
2013 4523 2170 4611 regibusl‘
2200 4535 2290 4590 ante·

643 4653 809 4695 cessorum
842 4639 1027 4695 nostrorum
1057 4630 1288 4696 adumbratum
1319 4633 1420 4697 fuisse
1445 4631 1635 4713 dinoscitur,
1670 4633 1765 4696 iuxta
1789 4631 1877 4717 quod
1910 4628 2023 4696 ctiam¹
2057 4652 2115 4715 per
2148 4630 2289 4715 priorem

643 4737 893 4820 precepcionem
928 4745 1075 4800 nostram
1107 4758 1185 4821 erga
1217 4758 1251 4799 se
1282 4734 1454 4820 perbibent
1487 4743 1588 4800 essem
1622 4737 1792 4817 munitum,
1826 4757 1885 4820 pro
1921 4735 2076 4820 perenni¹¹
2111 4731 2289 4797 stabilitate
2307 4737 2340 4785 36

643 4840 849 4905 decrevimus
894 4837 1059 4905 roborare.
1111 4840 1332 4924 Precipientes
1374 4860 1452 4924 ergo
1497 4840 1703 4924 precipimus,
1744 4849 1780 4901 ut
1821 4860 1934 4902 omnes
1971 4836 2148 4901 facultates
2186 4837 2290 4920 ipsius

644 4945 843 5024 monasterii,
872 4943 1029 5028 quidquid
1054 4954 1111 5007 aut
1135 4945 1224 5028 regia
1250 4942 1452 5008 collacione⁰
1481 4952 1539 5007 aut
1562 4944 1765 5028 privatorum
1789 4963 1922 5005 munere
1946 4940 1999 5005 vel
2023 4937 2289 5003 antecessoribus

642 5045 819 5111 abbatibus
849 5047 900 5110 vel
936 5044 1103 5110 Duban01’
1139 5047 1293 5132 episcopo
1328 5046 1379 5112 vel
1418 5046 1539 5111 abbate
1580 5046 1701 5112 ibidem
1739 5056 1789 5109 est
1812 5044 1961 5129 legaliter
1996 5045 2195 5128 acquisitum
2233 5053 2290 5106 aut

643 5157 879 5234 comparatum,
919 5151 1016 5213 immo
1058 5149 1147 5235 quod
1181 5149 1221 5213 de
1260 5150 1520 5236 quibuscumque
1563 5149 1662 5215 rebus
1705 5159 1794 5213 recte
1838 5157 2014 5213 attractum
2060 5146 2289 5232 quodcumque

643 5252 850 5317 dominacioq
893 5253 995 5337 ipsius
1034 5254 1138 5316 sancti
1177 5255 1365 5318 monasterii
1405 5254 1643 5338 Hohenaugia‘
1682 5252 1833 5338 undeque
1868 5251 2025 5316 moderno
2063 5261 2210 5334 tempore
2247 5248 2288 5312 de
2307 5256 2341 5304 ⁴0

732 5457 770 5512 ll.
799 5459 824 5522 a)
848 5457 972 5510 summat
996 5457 1177 5526 ἄνεεᾶνᾶἄνννι,
1206 5457 1259 5510 dos
1282 5462 1354 5510 crete
1377 5457 1474 5526 petilpt
1500 5457 1522 5509 0
1623 5459 1652 5525 b)
1676 5456 1878 5526 urspritaplicls
1901 5457 1967 5520 dies,
1994 5455 2074 5509 ἄανννν
2097 5455 2202 5525 petilpt,
2229 5469 2289 5507 vom

798 5526 942 5578 Oorrector
962 5527 1083 5579 dorothei·
1107 5527 1281 5595 pascheiebea
1300 5531 1416 5593 pertinet
1434 5527 1476 5593 Ε,·
1503 5530 1619 5593 pertinet
1636 5527 1709 5579 ἄνᾶν
1728 5527 1758 5578 Η
1776 5525 1836 5580 aad
1856 5524 1991 5590 Marcalf
2007 5527 2031 5590 1,
2050 5528 2086 5578 35
2206 5523 2232 5592 c)
2251 5525 2288 5574 lo·

797 5612 887 5646 corum
910 5595 954 5664 G„
983 5595 1029 5664 G„
1052 5595 1281 5649 wuhrsclteialiclr
1305 5595 1488 5648 willktlrlielte
1506 5595 1698 5649 Emercdotiort
1802 5597 1829 5660 d)
1848 5601 1979 5646 cetrorum
1999 5594 2034 5662 C,-
2060 5601 2198 5646 centorum
2216 5608 2287 5646 corr.

794 5664 826 5717 ν’νι
844 5671 990 5716 ceterorum
1010 5665 1039 5716 E
1140 5666 1165 5732 e)
1183 5665 1258 5732 glose
1277 5663 1309 5728 03
1327 5666 1443 5732 gloriose
1463 5666 1496 5726 Ε,
1517 5663 1550 5717 H
1649 5666 1670 5730 f)
1688 5667 1835 5716 adiutorem
1854 5663 1889 5727 Ε,
1911 5663 1956 5732 (1¹1,
1977 5663 2024 5732 62,
2044 5664 2086 5732 H;
2104 5665 2153 5714 deo
2167 5663 2288 5713 sdiutorc

799 5732 934 5798 Marccls
948 5734 972 5797 Ι,
985 5737 1020 5786 35
1124 5735 1152 5802 g)
1170 5734 1394 5788 laceraverintC
1493 5735 1521 5799 h)
1539 5749 1609 5786 corr.
1628 5749 1682 5786 aaa
1701 5750 1733 5786 ex
1752 5734 1782 5787 E
1884 5734 1913 5800 g)
1930 5735 2008 5784 nobis
2029 5733 2075 5801 G„
2096 5732 2146 5800 G23
2165 5731 2291 5784 uobisE
2306 5729 2340 5776 ⁴5

796 5805 825 5866 h)
842 5817 913 5855 cor-r.
933 5818 985 5855 aas
1005 5806 1226 5870 praescriptorum
1247 5803 1276 5856 Ε
1366 5805 1386 5871 ἰ)
1404 5803 1475 5856 seo
1565 5804 1594 5866 k)
1611 5804 1717 5870 legibus
1735 5804 1788 5856 wol
1805 5817 1862 5854 aar
1881 5801 2069 5866 Draclrfelrler
2088 5801 2121 5854 Η
2219 5801 2239 5866 l)
2257 5816 2288 5852 so

798 5871 933 5936 Murculs
948 5871 972 5933 I,
985 5875 1035 5938 35,·
1054 5880 1197 5940 antequam
1212 5873 1239 5933 C,
1253 5873 1283 5925 Ε
1300 5873 1359 5924 uad
1377 5873 1408 5925 ν’·νν
1428 5871 1482 5924 den
1501 5872 1636 5925 Druclcea
1722 5873 1759 5939 m)
1776 5872 1934 5938 prohibendi
1954 5871 1982 5936 0,
2003 5871 2159 5938 prohibendi
2177 5877 2248 5921 esset
2261 5869 2290 5921 E

800 5939 860 5994 arrd
879 5939 909 5992 ν’νι
929 5940 982 5993 deu
1001 5940 1144 6007 Druclterr,
1163 5941 1205 5994 bei
1224 5941 1352 6008 Boupuet
1369 5957 1405 5994 ec
1424 5943 1577 6008 perhibetur
1594 5957 1653 5992 esse
1672 5940 1808 5993 comesdin
1906 5940 1934 6005 n)
1952 5956 2023 5993 corr.
2042 5955 2096 5992 aaa
2114 5947 2243 6006 perpetus
2261 5938 2290 5990 Ε

798 6013 825 6078 ο)
842 6011 953 6062 collatio
973 6009 1019 6078 G„
1038 6010 1072 6062 H
1207 6013 1235 6076 p)
1253 6013 1387 6062 Dubanno
1406 6011 1429 6062 G
1445 6010 1497 6062 wie
1515 6011 1547 6062 Z.
1565 6013 1614 6063 21:
1633 6012 1783 6062 Dubannus
1923 6011 1950 6076 q)
1968 6025 2038 6063 corr.
2059 6024 2112 6062 urm
2131 6009 2240 6058 donatio
2260 6007 2290 6059 Ε

796 6081 819 6148 r)
837 6082 1004 6148 Hohenange
1022 6095 1091 6132 corr.
1113 6095 1166 6132 uua
1186 6081 1340 6132 Hoheoawe
1352 6079 1394 6147 E,-
1413 6081 1566 6146 Hohenaug
1579 6078 1626 6147 (ἦ,
1641 6077 1695 6148 G,‚·
1713 6080 1948 6145 Hobenaugiensis
1968 6079 2001 6131 H
