5642 7159
1067 794 1184 854 Ksan
1206 793 1294 854 ΗΕΒ
1316 793 1482 853 GROSSE
1506 790 1578 854 781.
2086 795 2145 858 187

499 981 589 1067 quod
603 981 740 1046 rectoris
756 979 915 1046 eeclesiae
931 1002 989 1065 pro
1008 981 1232 1066 oportunitate
1247 978 1486 1045 venerabilium
1509 980 1655 1045 locorum
1670 984 1684 1065 l
1706 982 1791 1046 inter
1807 1005 1842 1048 se
1861 984 2145 1064 commutaverint,

499 1085 620 1151 nostris
645 1085 788 1150 oraculis
816 1085 1059 1168 confirmamus,
1093 1086 1218 1169 regiam
1243 1084 1515 1150 consuetudinem
1544 1085 1727 1150 exeruimus
1758 1093 1790 1150 et
1811 1084 1846 1151 id
1873 1087 1908 1151 in
1936 1087 2145 1173 postmodum

498 1190 568 1254 iure
590 1190 814 1254 firmissimum
836 1210 1028 1254 mansurum
1056 1211 1131 1254 esse
1154 1187 1330 1253 credimus.
1375 1189 1482 1274 lgitur
1505 1199 1696 1274 conpertum
1727 1191 1769 1254 sit
1793 1191 1936 1256 omnium
1960 1201 2145 1258 vestrorum

498 1292 728 1378 magnitudini,
754 1292 895 1378 qualiter
916 1289 1113 1358 venerabilis
1137 1293 1186 1356 vir
1208 1290 1370 1357 Folradus
1394 1290 1482 1356 abba
1505 1291 1545 1356 de
1568 1293 1766 1358 monasterio
1791 1295 1897 1358 sancti
1919 1294 2063 1359 Dionisii
2088 1318 2146 1362 seu

460 1413 476 1462 o
499 1397 766 1484 archipresbyter
793 1405 892 1483 atque
915 1397 1058 1462 Eutimia
1082 1394 1253 1461 abbatissa
1277 1396 1318 1461 de
1340 1397 1541 1461 monasterio
1566 1397 1744 1481 superiore,
1780 1419 1843 1483 que
1866 1407 1917 1462 est
1938 1406 2145 1464 constructus

498 1503 531 1567 in
554 1502 676 1567 honore
700 1503 804 1566 sancti
828 1501 917 1566 Petri
940 1500 1025 1565 infra
1047 1522 1141 1565 muro
1164 1501 1279 1566 Mettis
1302 1500 1448 1582 civitate,
1476 1521 1536 1584 pro
1561 1501 1785 1585 oportunitate
1808 1499 1979 1568 amborum
2003 1506 2144 1588 partium

497 1628 550 1671 res
574 1606 705 1692 aliquas
735 1607 821 1670 inter
847 1627 883 1671 se
905 1614 1135 1670 commutasse.
1181 1604 1279 1671 Unde
1307 1612 1341 1668 et
1362 1605 1453 1689 ipsas
1485 1603 1756 1668 commutacionis
1785 1604 1946 1670 bonorum
1977 1605 2144 1672 bominum

497 1710 651 1776 manibus
665 1710 841 1775 roboratas
857 1711 890 1776 in
914 1711 1058 1795 presenti
1075 1709 1326 1776 ostendiderunt
1340 1706 1546 1793 relegendas,
1570 1707 1626 1773 ubi
1647 1710 1872 1793 cognovimns,
1898 1709 2038 1796 qualiter
2054 1712 2146 1779 dedit

498 1814 641 1879 Eutimia
663 1814 835 1880 abbatissa
857 1814 902 1879 ad
924 1823 1018 1901 parte
1040 1813 1185 1880 Folrado
1209 1813 1331 1879 abbate
1353 1836 1420 1880 uua
1442 1835 1517 1879 oum
1540 1833 1705 1877 consensu
1727 1812 1921 1879 ancillarum
1948 1814 1999 1879 dei
2022 1815 2144 1882 ibidem

444 1936 476 1986 ιο
498 1920 756 1985 consistencium
779 1919 899 1985 locella
922 1919 988 1984 dua
1010 1919 1097 1984 infra
1119 1940 1205 2004 pago
1230 1917 1381 1989 Saluiuse
1405 1941 1504 2005 super
1525 1917 1661 1982 fluvium
1686 1917 1810 1985 Salona
1832 1918 1865 1982 in
1889 1918 2085 2005 conpendio,
2110 1919 2146 1987 id

498 2033 575 2089 sunt
604 2026 637 2089 in
664 2023 918 2089 Filicionecurte
953 2046 1011 2088 seu
1038 2023 1072 2089 in
1099 2021 1399 2106 Uicterneiacurte,
1429 2032 1729 2109 quantumcumque
1763 2024 1796 2087 in
1826 2024 1917 2109 ipsas
1946 2025 2049 2089 curtis
2082 2025 2145 2088 fuit

496 2128 586 2193 racio
611 2129 716 2192 sancti
733 2129 831 2210 Petri,
856 2125 916 2193 sub
940 2128 1129 2212 integritate
1152 2135 1185 2192 et
1200 2126 1356 2213 quiequid
1379 2125 1423 2192 ad
1446 2127 1520 2213 ipsa
1543 2126 1617 2191 looa
1640 2127 1769 2212 aspicit.
1795 2124 1909 2192 Simile
1932 2127 2030 2193 modo
2054 2127 2145 2193 dedit

496 2231 663 2298 Folradus
692 2231 781 2297 abba
810 2231 854 2297 ad
883 2239 976 2317 parte
1000 2232 1184 2298 Eufimiane
1207 2229 1380 2296 abbatissa
1410 2240 1444 2296 et
1466 2231 1523 2296 illa
1551 2232 1814 2316 congregacione
1845 2233 1950 2296 sancti
1973 2232 2061 2297 Petri
2091 2255 2145 2298 res

497 2337 711 2423 proprietatis
740 2359 798 2402 sue
821 2337 854 2401 in
884 2358 971 2421 pago
996 2335 1217 2422 scarponinse
1240 2335 1273 2400 in
1301 2334 1373 2400 loco
1404 2357 1468 2422 que
1496 2334 1617 2400 dieitur
1640 2333 1936 2419 Basigundecurte,
1971 2345 2143 2421 quantum-

445 2457 476 2506 ιο
498 2463 638 2528 cumque
661 2462 736 2505 cum
759 2440 900 2505 Patrone
923 2440 1080 2525 episcopo
1096 2437 1298 2504 Uirduninse
1320 2461 1379 2503 seu
1402 2449 1435 2503 et
1456 2439 1594 2504 Annona
1618 2437 1740 2504 abbate
1762 2440 1979 2505 commutavit
2001 2449 2034 2506 et
2056 2440 2144 2526 quic·

498 2544 578 2631 quid
601 2545 644 2610 sd
672 2546 745 2630 ipso
780 2543 853 2609 loco
876 2544 1025 2629 aspicere
1053 2541 1194 2616 videtur,
1229 2551 1334 2608 totum
1359 2553 1391 2607 et
1419 2543 1462 2608 ad
1491 2544 1653 2629 integrum
1683 2542 1817 2608 dedita
1845 2554 1939 2630 parte
1961 2544 2145 2610 Enfimiane

497 2648 678 2714 abbatissa.
709 2647 774 2715 Sed
789 2669 849 2733 pro
865 2647 995 2733 integra
1010 2648 1165 2713 firmitate
1187 2646 1354 2732 petierunt
1368 2649 1439 2733 ipse
1461 2645 1567 2712 abbas
1583 2657 1616 2713 et
1630 2646 1805 2713 abbatissa
1821 2648 2008 2714 celsitudini
2024 2657 2144 2732 nostre,

498 2763 534 2818 ut
556 2753 619 2818 boc
642 2774 701 2838 per
721 2760 870 2816 nostram
892 2751 1124 2817 auctoritatem
1146 2751 1340 2815 confirmare
1364 2749 1569 2816 deberemus.
1594 2751 1741 2833 Quorum
1757 2752 1977 2839 peticionibus
2000 2753 2145 2838 gratanti

497 2858 607 2921 animo
631 2858 678 2921 ita
694 2857 882 2942 prestetisse
898 2854 951 2919 vel
966 2855 1000 2919 in
1023 2853 1175 2920 omnibus
1191 2854 1406 2920 confirmasse
1422 2856 1622 2940 cognoscite.
1651 2856 1874 2943 Precipientes
1891 2877 1968 2942 ergo
1984 2854 2144 2938 iubemus,

440 2981 475 3031 20
498 2970 543 3044 ut,
568 2961 725 3048 quicquid
740 2982 816 3045 pars
840 2959 992 3025 contullit
1014 2961 1101 3045 parti
1120 2968 1178 3024 aut
1200 2967 1336 3024 econtra
1358 2959 1392 3024 in
1415 2980 1584 3046 conpensu
1598 2963 1733 3046 recepit,
1756 2961 1924 3047 inspectas
1947 2961 2039 3047 ipsas
2056 2981 2143 3024 com·

496 3067 699 3139 mutationis,
726 3066 811 3131 sicut
826 3056 884 3152 per
900 3085 957 3130 eas
980 3064 1177 3147 declaratur,
1200 3063 1300 3128 abac
1324 3062 1377 3127 die
1394 3063 1554 3150 perhanc
1577 3073 1724 3130 nostram
1748 3065 1978 3130 auctoritatem
2002 3053 2144 3129 habendi

496 3169 629 3236 tenendi
653 3169 753 3235 dandi
776 3168 1002 3235 commutandi
1025 3168 1076 3234 vel
1101 3167 1258 3253 quicquid
1273 3166 1392 3232 exinde
1416 3167 1653 3253 unusquisque,
1678 3167 1766 3254 quod
1789 3191 1903 3254 apare
1926 3190 1985 3234 suo
2006 3169 2143 3255 accepit,

496 3274 541 3341 ad
572 3275 755 3363 profectum
787 3271 964 3339 earundem
998 3272 1212 3338 ecclesiarum
1241 3293 1395 3336 exercere
1429 3271 1579 3355 voluerit,
1613 3272 1754 3339 liberam
1784 3295 1824 3339 ac
1843 3275 2079 3362 ‘firmissimam
2108 3275 2142 3340 in

498 3378 649 3446 omuibus
671 3377 818 3444 habeant
832 3386 1040 3464 potestatem,
1063 3387 1100 3442 ut
1115 3399 1221 3464 neque
1244 3375 1428 3462 apredioto
1452 3375 1575 3472 abbate
1598 3385 1631 3442 et
1653 3376 1825 3443 abbatissa
1842 3401 1949 3465 neque
1971 3377 2014 3444 ab
2031 3401 2144 3444 eorum

441 3501 475 3552 ao
497 3483 746 3552 successoribus
769 3481 872 3549 ullum
894 3505 1051 3570 umquam
1075 3491 1220 3569 tempore
1243 3483 1333 3568 ipsas
1357 3483 1630 3549 commutacionis
1646 3482 1820 3548 violentur.
1848 3482 1945 3550 Unde
1962 3482 2044 3550 duas
2068 3504 2143 3549 cou-

496 3588 690 3655 firmationis
713 3608 778 3651 uno
802 3596 915 3652 tenore
938 3588 1145 3671 conscriptas
1168 3585 1238 3650 fieri
1261 3584 1428 3668 iussimus,
1454 3607 1535 3670 quas
1560 3593 1592 3650 et
1614 3608 1713 3651 manu
1736 3587 1870 3673 propria
1892 3586 2094 3653 firmavimus
2111 3596 2144 3652 et

496 3692 538 3759 de
560 3691 659 3758 anulo
684 3701 798 3757 nostro
823 3691 998 3776 siggellare
1020 3692 1188 3756 iussimus.

597 3829 612 3911 Ξ
634 3830 770 3916 Signum
795 3830 887 3916 (119.)
910 3829 1021 3897 Caroli
1044 3829 1273 3917 gloriosissimi
1296 3832 1395 3916 regis.
1418 3830 1433 3916 ξξ
1456 3832 1512 3910 (SI.
1535 3831 1576 3906 1.)

600 3951 663 4031 (C.)
686 3957 701 4037 (ζ
721 3951 940 4019 Uuidolaicus
963 3951 1113 4017 advicem
1135 3946 1302 4028 ΒοᾶοοὶΞ
1336 3953 1404 4034 (SR.
1428 3953 1507 4014 NT.:
1541 3953 1736 4014 Uuidolaicus
1759 3953 1889 4012 oduicem
1910 3953 2033 4012 Radani
2055 3954 2144 4028 relcqi

440 4072 474 4121 30
496 4064 523 4119 et
544 4060 717 4131 subscrpsi.
740 4057 894 4118 Folradua
916 4058 1031 4137 obbas).

597 4179 689 4243 Data
710 4179 742 4242 in
766 4199 879 4243 mense
902 4177 1047 4244 octobris
1070 4200 1157 4243 anno
1173 4196 1252 4244 xnn
1276 4186 1309 4244 et
1332 4195 1395 4241 vr11
1418 4177 1509 4262 regni
1532 4179 1654 4261 nostri3
1677 4187 1789 4243 actum
1813 4178 1994 4244 Haristalio
2018 4177 2142 4264 palatio

495 4281 647 4368 publico;
670 4283 704 4347 in
727 4281 780 4347 dei
802 4282 934 4347 nomine
956 4281 1104 4348 feliciter.

1276 4523 1362 4598 137.

361 4754 365 4758 ,
495 4683 591 4755 Korl
618 4685 682 4755 der
713 4681 841 4755 Grosse
868 4684 1012 4755 verleilst
1038 4685 1116 4755 dem
1142 4684 1186 4755 K
1188 4684 1293 4755 loeter
1319 4680 1364 4752 H
1366 4707 1385 4754 ο
1395 4706 1479 4754 icoo
1506 4681 1736 4770 Zollfros'lseit.

440 4814 473 4864 so
1650 4805 1791 4880 Cispliaco
1816 4808 1876 4865 781
1905 4805 2025 4867 October
2046 4811 2098 4868 17.

597 4976 691 5036 Liber
711 4978 829 5036 tarium
852 4975 916 5036 eccl.
940 4993 965 5037 s.
989 4961 1154 5047 Michaelis,
1178 4975 1327 5050 ochfasst
1350 4977 1497 5036 awiscters
1519 4979 1742 5048 1478-1606,
1767 4977 1792 5050 f.
1813 4971 1843 5037 8'
1867 4976 2016 5058 (deutsche
2037 4980 2142 5040 Ueter-

599 5079 733 5159 edrone)
759 5078 823 5159 (Β).
856 5115 892 5126 -
927 5078 1089 5140 Ohartolor
1121 5098 1176 5140 aus
1199 5081 1253 5139 der
1280 5083 1403 5139 rweiten
1426 5080 1532 5153 Ha'lfte
1566 5081 1615 5140 des
1646 5083 1695 5141 15.
1721 5080 1773 5141 Jls.
1799 5079 1824 5152 f.
1849 5084 1869 5140 3
1893 5079 1957 5159 (0),
1993 5083 2073 5142 beide
2102 5086 2143 5142 tm

598 5186 827 5245 Besirksorclsio
848 5203 888 5244 au
911 5185 1099 5259 Strossburq.
1125 5218 1164 5228 -
1187 5182 1345 5257 Absctrift
1367 5185 1417 5244 des
1440 5187 1492 5244 17.
1510 5184 1563 5244 Jb.
1589 5185 1638 5243 des
1661 5185 1754 5245 Iriber
1776 5183 1865 5244 aulae
1887 5186 1950 5244 eccl.
1967 5204 1991 5246 s.
2008 5187 2093 5247 Petri
2115 5193 2141 5248 et

597 5290 691 5352 Micia.
708 5290 831 5365 Arqcnt.
848 5307 876 5350 a.
894 5291 989 5360 1413,
1016 5290 1076 5352 CL.
1093 5293 1201 5350 17197
1224 5287 1248 5360 f.
1265 5293 1329 5350 103
1350 5295 1386 5347 n⁰
1399 5294 1439 5349 11
1465 5291 1497 5348 in
1514 5289 1567 5347 der
1582 5289 1883 5350 Nationolbibliotlset
1905 5308 1946 5349 au
1967 5291 2058 5351 Poris
2074 5291 2141 5372 (E).

598 5429 748 5489 Mobillon
770 5425 851 5489 Ana.
868 5431 898 5500 2,
924 5431 986 5490 699
1007 5431 1097 5488 9016
1121 5446 1136 5485 ο
1157 5433 1211 5489 cet.
1236 5430 1297 5489 cod.
1321 5446 1345 5489 s,
1369 5429 1454 5488 Petri
1482 5429 1590 5489 Veteris
1615 5429 1651 5506 (s.
1677 5429 1739 5508 ΧΙ)
1764 5429 1835 5512 (G)
1858 5453 1900 5486 =
1923 5430 2040 5490 Eccord
2060 5429 2139 5504 Orip.

597 5533 709 5592 Habet.
732 5533 796 5591 104
818 5539 853 5590 rs⁰
871 5538 924 5605 11,
950 5558 988 5585 .-
1012 5533 1151 5607 Booquct
1174 5535 1203 5605 5,
1229 5536 1290 5594 745
1313 5540 1348 5591 n⁰
1368 5536 1420 5594 53.
1445 5567 1485 5577 -
1515 5535 1665 5607 Selepflio
1687 5535 1750 5594 Ate.
1774 5535 1847 5608 dipl.
1870 5537 1900 5606 1,
1926 5539 1968 5596 52
1988 5542 2023 5593 rs⁰
2041 5539 2082 5597 59
2107 5553 2143 5596 ea

598 5635 659 5695 cod.
675 5653 699 5696 s.
719 5635 784 5695 XV
801 5654 825 5697 s.
842 5637 927 5696 Petri
949 5636 1015 5696 Sea.
1035 5635 1103 5716 (Η).
1120 5670 1163 5681 -
1182 5637 1367 5697 Grandidicr
1382 5638 1463 5697 Hist.
1487 5637 1522 5697 rte
1538 5636 1718 5711 Strosboury
1732 5633 1780 5709 2⁶,
1804 5642 1868 5698 110
1884 5645 1918 5697 n⁰
1933 5643 1975 5699 77
1998 5657 2034 5698 ca
2049 5641 2140 5698 elrnrt.

596 5759 621 5801 s.
640 5740 725 5800 XVI
741 5744 821 5804 orob.
842 5743 965 5802 Tabem.
990 5763 1032 5796 -.-.
1054 5742 1158 5815 usqne
1179 5741 1291 5802 Potrol.
1309 5745 1360 5812 97,
1385 5744 1450 5801 967
1472 5746 1506 5800 a⁰
1521 5745 1572 5801 45.
1596 5775 1635 5785 -
1659 5740 1854 5801 Mttlboclrcr
1871 5744 1944 5817 Req.
1960 5746 2024 5803 246
2042 5743 2142 5822 (937).

604 5879 740 5952 Verfasst
768 5883 824 5939 scic
850 5885 886 5939 7³⁰
904 5884 970 5941 122
996 5882 1072 5939 nacla
1102 5880 1154 5938 der
1181 5879 1302 5939 Formel
1330 5880 1482 5953 Supplem.
1507 5880 1610 5939 Form.
1634 5880 1816 5953 Marculfil
1848 5883 1902 5956 syl.
1932 5883 2086 5941 Additum.
2110 5883 2140 5954 3,

597 5985 643 6043 M.
671 5983 708 6046 G.
731 5984 834 6046 Form.
859 5989 932 6057 107,
956 5990 1029 6046 111.
1067 5984 1132 6044 Der
1152 5985 1249 6045 Nome
1272 5985 1322 6044 des
1345 5984 1555 6044 Ausstcllortcs
1579 5985 1818 6048 wolrsclseinliob
1846 5985 1977 6045 verderbt
2000 6003 2056 6045 ous
2080 5986 2141 6046 Gis-

596 6086 687 6163 piaoo,
712 6090 794 6147 einer
814 6089 1027 6148 versclrolleaen
1049 6088 1142 6162 Psote
1164 6092 1197 6148 in
1221 6090 1278 6149 den
1301 6088 1470 6161 Ardenneu,
1494 6088 1689 6149 Mottbaotcr
1711 6089 1732 6150 l.
1756 6108 1778 6148 c.

1923 6207 1975 6256 24*
