5642 7159
1069 722 1188 781 Klth
1210 720 1298 780 DER
1319 720 1487 779 CROSSE
1510 752 1561 778 -.
2071 714 2134 780 447

498 934 627 998 semper
648 921 829 993 accrescat,
864 910 1057 976 devotorum
1081 908 1228 995 operatio
1252 908 1386 974 assidue
1408 907 1493 972 bene
1516 906 1627 972 valeat
1655 914 1907 992 sanctorumque
1933 903 2136 990 religionen

497 1017 740 1101 detrimentum,
773 1015 842 1090 sed,
870 1023 908 1080 ut
930 1014 1093 1094 convenit,
1127 1035 1185 1099 per
1207 1020 1319 1077 nostre
1341 1012 1517 1097 potestatis
1544 1011 1773 1076 auctoritatem
1797 1008 2069 1095 supplementum,
2103 1009 2137 1074 in

498 1120 618 1209 quibus
640 1141 775 1186 necesse
798 1118 905 1200 fuerit,
928 1116 1159 1183 habundanter
1176 1116 1344 1201 suscipiat.
1366 1114 1580 1180 Manifestum
1597 1114 1697 1200 igitur
1719 1114 1788 1178 fieri
1810 1111 1962 1178 volumus
1987 1113 2137 1180 omnibus

499 1225 638 1291 ecclesie
662 1223 714 1290 dei
736 1221 890 1288 fidelibus
913 1229 962 1286 et⁸
984 1222 1119 1294 nostris,
1149 1219 1238 1306 quod
1259 1219 1345 1284 inter
1367 1228 1496 1283 ceteros
1519 1226 1708 1283 sanctorum
1730 1215 1897 1284 mirabiles
1920 1226 2025 1292 actus,
2056 1240 2138 1306 quos

460 1349 477 1396 o
499 1328 595 1396 nobis
611 1327 846 1394 beneficiorum
860 1325 1048 1410 benignitas
1065 1323 1355 1411 quasi.familiares
1371 1323 1488 1406 effecit,
1515 1322 1614 1408 opimi
1629 1322 1827 1388 confessoris
1843 1320 1964 1388 Christi
1980 1322 2139 1390 Florentii

499 1431 698 1499 venerabilis
734 1429 893 1496 memoria
930 1428 1163 1496 venerabiliter
1192 1426 1398 1515 preferenda,
1436 1427 1530 1491 cuius
1562 1426 1721 1492 virtutum
1758 1427 1908 1513 potentia
1937 1427 2139 1494 Francorum

498 1556 636 1622 regnum
658 1533 789 1620 aliaque
813 1531 971 1598 nonnulla
994 1540 1104 1597 cetera
1127 1554 1229 1618 regua
1253 1533 1335 1596 satis
1359 1530 1514 1596 decenter
1536 1531 1682 1615 insignit,
1706 1529 1749 1595 ad
1771 1552 1831 1595 nos
1854 1552 1957 1617 usque
1980 1535 2140 1617 pervenit.

500 1640 711 1724 Quapropter
734 1635 856 1702 auditis
879 1635 1083 1702 admirandis
1106 1636 1139 1700 in
1163 1633 1315 1701 omnibus
1339 1634 1422 1698 tanti
1447 1633 1508 1699 viri
1531 1633 1709 1716 miraculis,
1745 1655 1841 1720 quam
1865 1634 2013 1719 plurimis
2040 1638 2139 1702 etiam

500 1744 590 1824 visis,
614 1751 682 1806 tam
706 1739 841 1826 gloriosi
865 1741 997 1826 patroni
1021 1740 1171 1806 frustrari
1193 1739 1342 1805 nolentes
1365 1737 1501 1821 auxilio,
1530 1760 1589 1824 per
1611 1739 1728 1803 merita
1750 1738 1850 1802 etiam
1873 1759 1933 1803 sua
1955 1747 2141 1806 nostrorum

446 1865 479 1914 ιο
502 1847 672 1912 criminum
696 1845 832 1934 aliquod
854 1845 1005 1910 volentes
1028 1844 1151 1912 habere
1174 1845 1334 1926 levamen,
1369 1843 1548 1910 Albaldum
1573 1842 1616 1907 ad
1639 1864 1699 1907 nos
1723 1844 1877 1910 accersiri
1905 1844 2141 1930 precepimusl,

499 1950 663 2015 hominem
687 1949 799 2035 utique
821 1947 1012 2034 religiosum
1036 1958 1069 2014 et
1091 1948 1178 2014 bone
1201 1950 1363 2036 opinionis
1386 1950 1502 2027 virum,
1540 1947 1594 2033 qui
1618 1955 1695 2012 tunc
1718 1946 1752 2011 in
1778 1949 1979 2013 monasterio
2003 1950 2141 2034 predicti

500 2053 700 2118 confessoris
724 2051 858 2117 abbatis
880 2051 990 2117 locum
1014 2055 1145 2120 nomine
1167 2053 1302 2120 tenebat
1325 2063 1358 2120 et
1381 2063 1467 2119 actu.
1498 2052 1550 2117 De
1572 2050 1662 2116 beati
1685 2051 1849 2138 siquidem
1871 2053 2045 2119 virtutibus
2068 2078 2140 2121 cum

501 2157 557 2222 illo
582 2158 664 2224 eatis
687 2155 854 2241 condigna
875 2156 1130 2242 investigatione
1152 2157 1267 2224 habita
1288 2157 1434 2240 tandem,
1467 2155 1555 2221 unde
1578 2154 1686 2236 fuerit,
1722 2155 1853 2241 quando
1876 2155 1939 2222 huc
1963 2157 2143 2243 advenerit,

503 2259 632 2348 qualem
657 2259 765 2326 adhue
789 2261 824 2324 in
847 2282 986 2346 corpore
1009 2260 1133 2347 degens
1154 2263 1259 2329 vitam
1283 2262 1479 2332 exercuerit,
1502 2258 1679 2344 plurimum
1702 2259 1957 2344 inquisivimus0.
2003 2259 2143 2348 Cognito

450 2383 481 2430 ro
503 2366 615 2452 itaque
630 2374 745 2430 nostre
768 2364 949 2429 voluntatis
964 2365 1085 2430 affectu
1108 2368 1160 2431 vir
1174 2366 1322 2452 adprime
1337 2364 1485 2431 eruditus
1509 2371 1542 2428 et
1556 2363 1662 2428 nitore
1686 2362 1871 2448 eloquentie
1886 2363 2034 2449 preditus
2056 2369 2145 2454 cepit

504 2469 704 2555 adplenum
727 2469 898 2548 disserere,
934 2469 1099 2556 quomodo
1123 2469 1335 2536 beatissimus
1358 2467 1546 2534 Florentius
1570 2465 1786 2532 nobilissimis
1810 2477 1900 2534 ortus
1923 2469 2089 2536 natalibus
2111 2473 2145 2537 in

505 2574 733 2638 Baioariorum
760 2574 894 2658 regione
922 2574 1094 2641 tiranniois
1122 2573 1287 2640 reluctans
1316 2571 1445 2657 legibus
1475 2571 1616 2657 plurima
1645 2569 1705 2636 sub
1734 2571 1913 2657 prophanis
1942 2574 2146 2661 principibus

505 2684 669 2742 tormenta
691 2697 752 2761 pro
775 2679 905 2742 nomine
921 2675 1044 2744 Christi
1060 2677 1204 2744 iocundo
1228 2677 1420 2743 sustinuerit
1436 2675 1569 2761 spiritu3
1592 2673 1733 2760 qualiter
1748 2684 1859 2741 autem
1881 2687 1960 2762 post
1973 2680 2147 2746 innumera

506 2782 695 2868 passionum
712 2803 833 2867 genera
849 2784 998 2849 martirio
1014 2782 1179 2862 adflictus,
1203 2783 1317 2849 ferreis
1332 2780 1473 2846 vinculis
1489 2778 1645 2865 alligatus
1667 2779 1808 2865 presidis
1826 2784 2021 2849 sententiam
2038 2784 2146 2852 subire

451 2904 485 2952 ao
507 2886 659 2968 voluerit,
682 2884 825 2952 evidenti
850 2909 998 2953 sermone
1021 2889 1203 2974 peroravit3
1234 2885 1398 2974 quomodo
1422 2883 1556 2950 tandem
1579 2882 1753 2948 lictoribus
1778 2883 1839 2949 sub
1863 2886 2006 2970 quadam
2029 2890 2147 2958 arbore

506 2987 659 3056 resolutis
675 2989 708 3054 in
732 3011 905 3074 sompnum
921 2989 1078 3056 divinitus
1101 2991 1144 3057 ad
1161 3012 1233 3057 eum
1258 2989 1409 3076 angelica
1425 2988 1582 3055 revelatio
1606 2987 1697 3052 facta
1712 2988 1812 3053 fuerit
1833 2998 1867 3054 et
1881 2991 1986 3075 primo
2004 2993 2147 3061 solutum

507 3092 684 3159 avinculis
707 3093 751 3158 ad
773 3095 1071 3160 nominatissimum
1094 3094 1216 3180 ubique
1239 3104 1400 3160 terrarum
1416 3093 1605 3174 Martinam,
1630 3091 1685 3178 qui
1709 3100 1788 3156 tunc
1802 3091 2011 3161 Turonorum
2028 3108 2148 3164 metro·

508 3199 575 3284 poli
592 3198 728 3285 propria
744 3197 915 3264 divinitate
931 3198 1131 3284 presidebat,
1148 3199 1372 3282 destinaverit,
1395 3197 1545 3264 mirabile
1559 3194 1662 3262 edidit
1676 3197 1821 3279 ratione;
1843 3197 1976 3284 insuper
1991 3199 2148 3269 honorem

507 3301 693 3390 presbiterii
716 3324 774 3388 per
795 3324 928 3367 manum
953 3324 1030 3390 sepe
1053 3303 1244 3369 nominandi
1266 3303 1401 3368 Martini
1425 3301 1574 3387 adeptus,
1608 3301 1770 3388 quomodo
1794 3301 1912 3388 angelo
1943 3306 2148 3388 precedente,

453 3425 488 3472 ao
511 3409 628 3495 spiritu
651 3416 765 3473 sancto
789 3407 927 3473 interius
950 3417 1162 3494 premonente
1185 3407 1229 3473 ed
1251 3407 1360 3472 locum
1377 3405 1522 3472 Glomna
1545 3405 1677 3490 dictum,
1701 3426 1765 3491 quo
1782 3427 1869 3471 nunc
1892 3407 2054 3492 gloriosus
2073 3434 2148 3480 con-

509 3512 615 3577 fessor
637 3533 775 3600 corpore
799 3513 940 3599 quiescit
961 3512 1126 3594 humatus,
1149 3513 1345 3599 pervenerit,
1380 3511 1510 3598 qualem
1531 3509 1578 3575 ibi
1601 3511 1703 3576 vitam
1726 3509 1860 3576 duxerit
1882 3523 2070 3602 quantaque
2093 3540 2152 3604 per

510 3638 584 3681 eum
609 3615 722 3681 divina
744 3615 876 3682 bonitas
900 3616 996 3701 signa
1018 3625 1118 3702 atque
1141 3616 1313 3699 miracula,
1335 3616 1413 3682 dum
1436 3617 1469 3681 in
1492 3635 1632 3700 corpore
1655 3615 1785 3696 vixerit,
1810 3615 1984 3682 ostendere
1998 3619 2150 3706 voluerit,

511 3722 757 3805 prenominatus
774 3722 825 3785 vir
847 3720 974 3807 absque
992 3720 1185 3787 difficultate
1201 3720 1364 3786 disseruit.
1393 3720 1577 3806 Postquam
1592 3719 1692 3803 igitur
1705 3718 1839 3785 bonitas
1863 3728 1896 3785 et
1910 3723 2017 3805 gratia
2033 3728 2150 3791 summi

510 3826 597 3910 regis
613 3825 769 3891 occiduas
792 3825 905 3891 mundi
921 3825 1077 3892 tenebras
1100 3835 1167 3891 tam
1190 3826 1340 3912 preclaro
1355 3825 1478 3890 lumine
1502 3823 1607 3888 voluit
1619 3822 1784 3888 illustrare
1807 3824 1956 3911 tantique
1971 3827 2031 3892 viri
2047 3837 2151 3896 totam

457 3946 490 3995 eo
512 3930 769 4016 circumquaque
797 3930 951 3995 viciniam
975 3929 1127 4014 exemplo
1157 3930 1277 3996 docere
1299 3950 1340 3994 ac
1368 3929 1445 4009 vita,
1481 3950 1540 3994 nos
1562 3929 1689 4014 regiam
1717 3935 1914 4013 potestatem
1938 3951 1958 3994 a
1981 3930 2042 3996 deo
2066 3955 2152 4000 com·

512 4037 644 4100 missam
674 4034 771 4100 bonis
800 4032 978 4100 celestibus
1001 4036 1133 4101 minime
1163 4035 1375 4121 preferentes,
1411 4032 1479 4106 sed,
1514 4034 1600 4097 sicut
1630 4031 1720 4116 leges
1750 4030 1870 4096 docent
1899 4041 1932 4098 et
1962 4044 2152 4104 sanctorum

512 4138 637 4205 habent
651 4136 814 4224 exempla,
832 4137 965 4203 domino
981 4160 1040 4224 per
1056 4160 1096 4204 ea
1112 4137 1377 4226 obtemperantes
1392 4139 1459 4202 iam
1476 4136 1600 4202 dictum
1615 4135 1724 4200 locum
1739 4145 1874 4221 propter
1889 4134 1978 4204 beati
1992 4139 2152 4208 Florentii

513 4243 641 4324 merita,
665 4265 724 4328 per
747 4264 810 4328 que
832 4251 959 4328 partem
983 4241 1129 4327 aliquam
1152 4244 1187 4308 in
1208 4264 1310 4328 reguo
1335 4241 1456 4309 Christi
1481 4251 1514 4306 et
1537 4239 1588 4305 dei
1611 4237 1733 4305 habere
1755 4261 1821 4304 non
1845 4239 2034 4326 diffidimus,
2058 4245 2153 4312 affec-

514 4346 642 4411 tuosius
664 4344 859 4410 adamamus
883 4345 1051 4432 multaque
1073 4345 1135 4411 deo
1159 4354 1192 4412 et
1214 4347 1397 4413 confessori
1420 4344 1499 4411 inibi
1524 4343 1742 4410 servientibus
1759 4342 1800 4407 de
1823 4366 1924 4431 reguo
1947 4357 2060 4414 nostro
2077 4370 2154 4415 oon·

460 4464 494 4514 ao
515 4448 649 4514 tulimus
672 4456 705 4513 et
719 4446 815 4534 plura
838 4448 985 4514 conferre
1001 4449 1137 4535 dignum
1159 4473 1234 4516 esse
1249 4452 1446 4516 censuimus.
1471 4447 1690 4515 Considerata
1705 4449 1823 4514 etenim
1847 4448 1991 4536 undique
2007 4452 2155 4520 eiusdem

516 4552 580 4617 loci
603 4562 698 4638 grata
721 4554 943 4637 oportunitate
966 4561 999 4618 et
1021 4553 1132 4618 divino
1156 4554 1413 4640 mancipandum
1437 4553 1575 4618 servicio
1600 4561 1712 4638 aptum
1743 4553 1814 4618 fore
1837 4552 2022 4620 iudicantes
2045 4578 2155 4622 mona·

517 4655 652 4721 sterium
675 4677 695 4718 a
717 4654 939 4722 fundamentis
963 4678 1180 4724 marmoreum
1203 4658 1346 4743 eleganti
1376 4679 1474 4744 opere
1498 4656 1651 4722 decenter
1680 4658 1927 4721 construximus
1951 4679 1991 4722 ac
2013 4658 2156 4745 plurima

518 4768 704 4825 sanctorum
728 4760 867 4845 pignora
890 4759 931 4825 ob
954 4763 1171 4827 reverentiam
1199 4772 1232 4828 et
1254 4762 1411 4829 honorem
1434 4760 1532 4827 beato
1562 4761 1632 4825 viro
1656 4758 1754 4846 digne
1777 4757 1890 4825 habito
1917 4759 2041 4827 ibidem
2062 4785 2155 4848 repo·

518 4866 653 4930 suimus.
699 4862 931 4930 Concessimus
960 4875 1071 4931 autem
1093 4868 1160 4932 iam
1189 4869 1415 4952 prenominate
1439 4865 1579 4930 ecclesie
1607 4864 1650 4929 ad
1674 4885 1756 4949 opus
1779 4861 2015 4930 monachorum
2039 4865 2101 4934 deo
2124 4877 2157 4933 et

462 4986 496 5035 40
519 4970 651 5055 egregio
684 4969 868 5034 confessori
897 4969 1107 5034 servientium
1140 4991 1180 5034 ac
1209 4970 1389 5036 secundum
1424 4970 1570 5035 ordinem
1599 4969 1816 5034 monasticum
1849 4969 2044 5053 regulariter
2077 4970 2156 5037 inibi

519 5072 708 5156 degentium
724 5080 830 5138 terras
846 5095 912 5138 non
927 5072 1085 5154 modicas,
1110 5072 1217 5139 cultas
1232 5073 1385 5140 videlicet
1400 5083 1433 5139 et
1448 5072 1602 5155 incultas,
1627 5093 1731 5157 aquas
1747 5093 1972 5160 aquarumque
1988 5073 2158 5157 decursus,

519 5172 632 5263 prato¹
653 5183 686 5240 et
708 5175 809 5242 silvas
831 5199 897 5242 non
920 5177 1081 5251 minimas,
1116 5176 1284 5260 ecclesiae,
1313 5177 1408 5243 villas
1432 5187 1465 5242 et
1492 5176 1640 5243 redditus
1663 5176 1835 5241 universos
1865 5186 1965 5261 atque
1987 5185 2093 5243 totum
2115 5202 2159 5244 ex

519 5282 647 5366 integro
671 5302 793 5367 pagum
809 5280 1041 5366 Medalgicum,
1065 5281 1099 5345 in
1115 5301 1179 5366 quo
1202 5283 1355 5346 nimirum
1370 5281 1458 5346 idem
1481 5280 1717 5345 monesterium
1734 5280 1832 5344 situm
1848 5300 1920 5345 esse
1944 5279 2158 5364 dignoscitur.

520 5384 595 5450 Non
618 5383 729 5449 multis
752 5384 873 5449 exinde
896 5405 1058 5450 annorum
1082 5385 1200 5471 spatiis
1223 5384 1363 5450 evolutis
1386 5393 1420 5450 et
1442 5385 1580 5471 predicti
1603 5383 1740 5449 claustri
1764 5381 1885 5448 abbate
1902 5383 2045 5450 Albaldo
2060 5384 2159 5451 rebus

464 5503 499 5552 so
520 5487 674 5554 humanis
697 5496 851 5573 exempto
869 5486 1070 5574 Arnulphus,
1094 5488 1144 5553 vir
1166 5510 1226 5573 per
1248 5490 1357 5554 omnia
1373 5499 1538 5572 strenuus,
1561 5509 1688 5553 morum
1710 5484 1883 5552 honestate
1905 5486 2084 5572 preclarus,
2103 5492 2159 5576 qui

523 5593 619 5656 etiam
648 5593 682 5656 in
706 5591 904 5677 quibusdam
933 5591 1111 5657 virtutibus
1135 5593 1382 5679 opinatissimus
1410 5591 1594 5667 habebitur,
1630 5590 1677 5656 illi
1708 5593 1740 5655 in
1763 5591 1943 5677 regimine¹
1969 5597 2159 5661 monasterii

522 5697 671 5782 propicio
695 5696 757 5762 deo
782 5697 960 5775 suecessit;
985 5697 1050 5782 qui,
1074 5706 1251 5783 postquam
1274 5695 1475 5782 pastoralem
1499 5695 1644 5780 suscepit
1665 5716 1788 5776 curam,
1811 5693 1906 5759 bonis
1929 5696 2064 5762 meliora
2087 5720 2160 5764 con·

523 5800 661 5885 iungens
684 5799 773 5864 circa
789 5798 972 5885 spiritualia
995 5799 1198 5885 diligentiam
1222 5799 1420 5882 adhibendo,
1445 5796 1554 5864 circal
1577 5795 1773 5883 temporalia
1795 5818 1869 5861 curn
1893 5799 1981 5862 omni
2003 5799 2161 5866 instantia

601 5951 661 6009 Μ.
680 5953 707 6021 e)
722 5959 754 6005 ut
771 5950 805 6006 0³
872 5952 901 6019 d)
917 5955 1079 6021 precipimus
1092 5953 1128 6009 θ’
1196 5955 1222 6021 e)
1238 5956 1399 6022 inquisimus
1414 5952 1450 6008 (1Β
1517 5953 1646 6021 Optatus
1660 5951 1695 6007 0¹
1762 5951 1791 6019 g)
1807 5955 1908 6019 regiom
1927 5952 1978 6006 mit
1996 5953 2162 6024 Krtrrursps·

470 6022 503 6072 to
678 6022 767 6076 atrioli
784 6019 820 6076 (Β
905 6024 934 6088 h)
951 6040 1011 6074 cum
1031 6022 1065 6076 θ’
