5642 7159
683 722 746 789 182
1284 728 1729 791 Kalenaunuununn.

681 913 867 981 declaratur
882 924 1049 1002 precepta,
1073 936 1185 981 omncs
1200 939 1264 995 res,
1289 939 1352 1004 que
1368 917 1412 983 ad
1427 916 1484 984 illo
1499 919 1729 1001 monasteriol,
1755 917 1814 1003 [ut]
1833 919 1984 1005 superius
2006 916 2182 985 intimatoh
2197 919 2329 1005 legitur,

680 1021 893 1107 pertinentur,
917 1020 1015 1086 ctiam
1039 1023 1135 1088 terris
1158 1019 1329 1087 waldora‘¹
1351 1021 1443 1088 silvis
1467 1022 1592 1088 saltora
1613 1020 1799 1087 confinibus
1823 1031 1923 1108 atque
1938 1022 2092 1109 piscariis
2116 1046 2174 1089 seu
2197 1023 2238 1089 de
2253 1044 2329 1110 por-

680 1126 781 1191 tatico
804 1124 859 1191 illo
884 1125 925 1192 de
947 1123 1090 1192 Ciuitate
1104 1127 1212 1210 Noua,
1236 1125 1324 1214 quod
1347 1148 1454 1193 annos
1477 1126 1659 1213 collegitur,
1683 1126 1734 1192 vel
1759 1127 1914 1213 quicquid
1936 1149 1997 1195 nos
2020 1149 2090 1211 seu,
2112 1136 2150 1193 ut
2172 1125 2329 1202 diximus,

680 1230 861 1295 anteriores
882 1251 979 1316 reges
1000 1229 1054 1295 vel
1077 1232 1176 1295 ceteri
1198 1230 1346 1298 homines
1369 1230 1492 1296 ibidem
1516 1230 1751 1317 delegavimus,
1775 1252 1850 1296 cum
1867 1233 1988 1316 omnia,
2014 1230 2170 1320 quicquid
2193 1230 2257 1296 dici
2273 1230 2327 1297 vel

679 1331 859 1400 nominari¹
880 1342 1003 1422 potest,
1026 1336 1060 1400 in
1084 1334 1286 1422 quibuslibet
1308 1332 1390 1401 locis
1414 1333 1477 1400 hoc
1502 1336 1612 1421 quieto
1637 1335 1749 1401 ordine
1773 1343 1907 1401 teneant
1929 1344 2029 1423 atque
2052 1336 2254 1423 possedeant
2275 1334 2329 1401 vel
2352 1348 2369 1399 5

680 1436 838 1526 quicquid
860 1438 982 1505 exinde
997 1462 1096 1526 agere
1111 1462 1171 1527 pro
1196 1441 1420 1528 oportunitate
1435 1441 1541 1526 ipsius
1564 1441 1748 1506 monastirii
1771 1438 1945 1524 voluerint,
1968 1439 2107 1506 liberum
2127 1441 2161 1506 in
2177 1439 2329 1509 omnibus

679 1545 890 1630 perfruantur
912 1544 1102 1626 arbitrium,
1131 1554 1292 1631 quatenus
1314 1544 1434 1611 melius
1463 1545 1510 1610 eis
1534 1544 1676 1611 delectet
1697 1567 1756 1631 pro
1780 1543 1877 1610 nobis
1900 1546 1999 1609 etiam
2030 1543 2183 1611 fidelibus
2205 1544 2329 1610 nostris

679 1647 803 1715 domini
825 1650 1051 1717 misericordia
1073 1649 1241 1717 adtentius
1265 1672 1416 1717 exorare.
1441 1649 1485 1715 Et
1507 1657 1545 1714 ut
1565 1651 1689 1716 certius
1712 1648 1867 1732 credatis,
1893 1649 1933 1714 de
1956 1647 2055 1715 anulo
2079 1658 2192 1715 nostro
2216 1649 2330 1714 subter

680 1752 913 1839 sigellavimus.

782 1897 840 1973 (0.)
872 1888 887 1975 ξ
925 1891 1109 1960 Giltbertus
1138 1893 1290 1960 advicem
1316 1893 1446 1960 Redoni
1479 1893 1657 1978 recognovi
1686 1902 1719 1958 et
1747 1889 1762 1970 l
1795 1896 1862 1971 (SR.
1887 1896 1965 1956 N'R:
2003 1893 2168 1956 (litttertm
2196 1892 2328 1954 marem
2352 1908 2385 1958 ιο

678 2001 801 2060 Redoni
807 2047 924 2064 ......
953 2003 1127 2076 suaseras,
1150 2003 1214 2077 rapi
1235 2002 1345 2076 optulit
1367 2001 1455 2063 Rode
1477 2000 1592 2078 obbae).
1617 2000 1672 2076 (SI.
1698 2001 1748 2075 D.)

781 2139 872 2206 Data
895 2159 917 2204 v
939 2139 1006 2205 kal.
1030 2149 1165 2227 agustas
1188 2161 1274 2205 anuo
1297 2158 1350 2205 ΧΠ
1372 2148 1406 2206 et
1429 2140 1568 2226 septimo
1591 2139 1683 2225 regni
1707 2137 1826 2219 nostri;
1865 2145 1977 2202 actum
2000 2115 2328 2223 Lippiagyspringae

677 2244 710 2310 iu
733 2243 899 2328 Saxonia3
921 2245 956 2310 in
978 2243 1031 2310 dei
1054 2243 1186 2311 nomine
1209 2244 1348 2312 feliciter
1370 2266 1467 2310 amen
1491 2267 1630 2330 semper.

1462 2574 1549 2650 132.

676 2734 773 2806 Korl
798 2736 862 2807 der
894 2733 1022 2808 Grecos
1053 2734 1208 2828 pewdbrt
1241 2735 1308 2807 deo
1335 2733 1553 2807 Bewolvoern
1586 2758 1651 2809 ooo
1681 2734 1906 2808 (tanaceti
1913 2760 1931 2808 0
1965 2735 2022 2807 die
2048 2733 2325 2828 Bepnostipeop,
2351 2753 2383 2804 ιι

678 2857 715 2929 io
734 2859 802 2929 den
821 2856 1059 2930 itolieoieehen
1079 2854 1203 2944 deeo
1223 2877 1294 2928 ner
1313 2857 1380 2928 den
1398 2857 1651 2948 penetensem
1671 2857 1819 2930 Modica
1845 2879 1890 2929 en
1907 2855 2024 2948 peteo,
2052 2857 2128 2929 und
2154 2855 2328 2930 bestimmt

675 2977 739 3066 fttr
763 2976 1019 3072 Streitipkeiten
1046 2978 1118 3050 mit
1136 2979 1253 3050 scinco
1287 2976 1525 3051 Uetertlvooeo
1552 2980 1609 3052 die
1641 2976 1940 3068 Geriobtsfristcn.

1894 3117 2008 3177 Parma
2031 3118 2091 3177 781
2116 3114 2208 3175 Mera
2231 3117 2282 3175 15.

779 3305 850 3372 coa.
874 3309 1073 3372 Sicordionos
1099 3328 1157 3371 oue
1185 3310 1252 3370 dero
1280 3313 1330 3371 13.
1355 3309 1409 3372 Jt.
1434 3293 1511 3383 nl
1546 3326 1603 3370 aas
1630 3309 1958 3370 Notariatetranssamt
1991 3307 2026 3365 in
2059 3305 2112 3364 der
2142 3303 2325 3365 (lutomisl-

777 3415 934 3476 bs'bliotbelc
955 3434 996 3476 cu
1019 3413 1165 3476 Cremona
1188 3412 1250 3493 (0).
2349 3421 2384 3474 20

781 3555 944 3615 ΖαοΙιανίαε
969 3551 1101 3616 dromon.
1126 3571 1171 3628 ep.
1187 3555 1278 3615 series
1295 3553 1438 3628 praem
1460 3572 1518 3615 aas
1542 3552 1574 3617 O.
1597 3589 1641 3601 -
1663 3533 1821 3616 Muretori
1840 3556 1911 3617 Ant.
1934 3553 2004 3615 Ital.
2024 3557 2055 3625 2,
2078 3557 2122 3615 23
2144 3570 2201 3614 oue
2226 3552 2258 3616 0.
2282 3585 2326 3597 -

780 3658 843 3721 01).
866 3659 998 3734 Longob.
1024 3658 1121 3737 (Mon.
1140 3659 1263 3732 pariae
1284 3656 1339 3735 13)
1371 3661 1437 3719 117
1456 3661 1549 3719 *1⁰62
1570 3676 1627 3718 aas
1650 3659 1685 3719 0.
1715 3692 1754 3704 -
1778 3659 1972 3720 Mablbocber
1994 3659 2066 3732 Rea.
2089 3660 2153 3718 235
2177 3654 2280 3736 (226).

777 3799 851 3859 Frei
871 3797 1000 3870 otiliam,
1024 3797 1077 3857 der
1101 3798 1173 3858 Text
1195 3799 1271 3857 auch
1292 3800 1366 3859 noct
1387 3779 1482 3860 doreti
1504 3798 1554 3858 die
1567 3795 1761 3872 Aeschrifien
1782 3798 1911 3871 nielfoch
1932 3797 2073 3858 verderbt.
2103 3796 2161 3856 Die
2182 3795 2325 3857 Urkonde

776 3903 967 3978 Liutpronde
989 3921 1045 3963 ooo
1067 3908 1140 3976 730,
1170 3905 1273 3964 welche
1295 3904 1351 3977 far
1373 3902 1543 3965 Oomocchio
1566 3905 1613 3965 dic
1635 3901 1777 3980 Abyoben
1798 3906 1833 3964 in
1854 3904 1913 3964 deo
1935 3901 2206 3978 bnqobardischen
2219 3899 2325 3974 Hatera

776 4009 875 4084 repelt,
900 4006 963 4069 01).
986 4008 1120 4083 Lonqou
1144 4013 1187 4070 17
1207 4015 1242 4067 ιιο
1256 4011 1285 4070 5.
2346 4013 2382 4065 ab

778 4213 924 4281 Karolus
947 4215 1055 4299 gratia
1079 4213 1130 4279 dei
1154 4236 1214 4279 rex
1236 4213 1441 4280 Francorum
1466 4226 1498 4282 et
1520 4216 1819 4304 Longobardorum
1842 4237 1883 4281 ac
1906 4214 2065 4302 patricius
2085 4213 2322 4279 Romanorum.

777 4317 939 4384 Omnibus
962 4317 1126 4404 episcopis
1149 4315 1329 4383 abbatibus
1346 4317 1508 4385 ducibus·
1531 4320 1708 4386 comitibus
1727 4320 1919 4385 actionariis
1942 4318 1995 4384 vel
2010 4317 2146 4405 reliquis
2168 4314 2323 4381 fidelibus

672 4423 794 4489 nostris
810 4418 900 4488 taml'
922 4420 1130 4508 presentibus
1147 4442 1247 4507 quam
1263 4429 1296 4487 et
1311 4422 1431 4489 futuris
1454 4435 1659 4511 compertum
1675 4426 1727 4510 sit,
1751 4423 1891 4511 qualiter
1914 4424 1964 4487 vir
1986 4419 2182 4488 venerabilis
2199 4418 2323 4485 Vitalis

673 4529 848 4615 episcopus
879 4523 1105 4592 (lomaclensis
1140 4548 1198 4591 seu
1228 4536 1261 4591 et
1290 4529 1391 4592 ceteri
1421 4527 1570 4593 homines
1600 4528 1715 4594 fideles
1746 4527 1852 4593 nostri
1882 4524 2038 4593 Oomaelo
2069 4523 2205 4589 civitate
2234 4542 2324 4587 com·

672 4641 843 4697 manentes
871 4628 1067 4714 [clementie]
1090 4632 1182 4715 regni
1211 4631 1317 4696 nostri
1342 4641 1594 4717 suggesserunt,
1623 4654 1661 4698 eo
1686 4631 1774 4718 quod
1801 4654 1860 4718 per
1886 4629 2066 4718 po[rt]ora⁸
2093 4637 2208 4694 nostra
2234 4626 2323 4692 infra
2345 4643 2380 4693 ao

672 4757 809 4821 regnum
832 4757 853 4800 a
882 4733 943 4799 deo
967 4732 1063 4798 nobis
1093 4744 1345 4800 concessumst
1373 4735 1487 4801 datum
1510 4735 1606 4802 Italie
1632 4738 1666 4801 in
1690 4736 1748 4802 tali
1777 4746 1906 4819 tenore,
1941 4737 2028 4800 sicut
2056 4756 2115 4820 per
2137 4733 2322 4798 anteriores

672 4862 777 4925 reges,
805 4822 1071 4903 antecesseribus
1093 4838 1226 4921 nostris,
1264 4840 1524 4924 negotiaverant,
1548 4841 1680 4906 minime
1702 4838 1897 4905 habuissent
1918 4837 2086 4904 licentiam
2113 4833 2321 4922 negociandi,

673 4947 750 5031 quia
784 4944 939 5010 dixerant
967 4942 1110 5009 inlicitas
1146 4945 1339 5009 occasiones
1372 4944 1426 5009 vel
1457 4945 1634 5012 violentias
1668 4944 1789 5011 multas
1822 4967 1882 5031 per
1914 4942 2062 5008 homines
2095 4939 2198 5005 nostri
2227 4937 2322 5025 passi

671 5049 812 5115 fuissent
835 5048 934 5114 etad
956 5047 1127 5114 Mantuam
1150 5048 1318 5114 civitatem
1349 5071 1513 5136 quamque
1541 5050 1749 5137 perreliqua
1776 5048 1851 5113 loca
1873 5056 1907 5113 et
1928 5057 1965 5113 ut
1993 5046 2150 5111 maiorem
2174 5041 2322 5108 modium

672 5151 818 5240 deipsis
847 5161 1004 5218 exactare
1025 5150 1297 5237 recensuissentl,
1326 5175 1425 5241 quam
1450 5153 1496 5218 illi
1525 5155 1674 5221 consueti
1702 5153 1841 5219 fuissent
1863 5152 1957 5227 dare,
1988 5150 2023 5216 id
2052 5159 2104 5216 est
2132 5171 2191 5236 per
2216 5146 2378 5213 librasse

672 5257 894 5344 quadraginta
917 5259 1069 5344 quinque.
1093 5257 1162 5322 Nos
1185 5278 1264 5322 vero
1288 5257 1461 5323 audientes
1483 5281 1597 5324 eorum
1620 5255 1908 5323 altercationibus⁰
1931 5255 2217 5341 pertractavimus,
2241 5273 2320 5338 qua·

671 5360 745 5427 liter
773 5362 884 5426 missis
908 5361 1032 5427 nostris
1061 5383 1120 5447 per
1142 5369 1312 5447 portorum
1340 5383 1402 5427 nos
1432 5362 1560 5428 mittere
1590 5362 1800 5446 deberemus,
1833 5370 1870 5426 ut
1902 5360 1935 5426 in
1966 5358 2117 5426 omnibus
2146 5358 2321 5424 veritatem

670 5465 766 5531 nobis
795 5465 917 5532 exinde
939 5465 1086 5530 indicare
1110 5464 1275 5550 deberent,
1300 5467 1387 5531 sicut
1408 5467 1471 5532 visi
1497 5476 1573 5532 sunt
1595 5467 1725 5550 fecisse,
1748 5489 1769 5531 a
1784 5463 1950 5532 veteribus
1973 5472 2083 5530 autem
2105 5463 2198 5528 missi
2215 5462 2321 5527 nostri

672 5570 799 5648 omnia,
834 5568 998 5656 quomodo
1033 5578 1092 5634 aut
1127 5569 1268 5655 qualiter
1300 5570 1504 5657 temporibus
1535 5580 1782 5638 antecessorum
1816 5579 2004 5636 nostrorum
2039 5565 2235 5655 Liutprandi
2268 5563 2321 5631 vel

747 5753 807 5811 181.
824 5756 853 5824 g)
870 5756 919 5808 illo
932 5759 1094 5809 monasterio
1106 5756 1164 5822 aas
1172 5757 1272 5814 Roour
1283 5773 1337 5813 ooo
1355 5757 1497 5813 derselben
1510 5758 1601 5814 Hand
1620 5759 1681 5813 asad
1693 5759 1744 5812 mit
1764 5759 1814 5813 der
1831 5757 1954 5829 pleioben
1967 5757 2058 5820 Tinte,
2077 5753 2206 5809 dornoels
2219 5753 2320 5808 Rotas·
2342 5751 2377 5802 10

824 5841 878 5880 ooo
895 5829 969 5880 2-3
986 5825 1174 5890 Bcchstoben,
1195 5828 1264 5881 olma
1283 5827 1351 5881 dass
1370 5828 1424 5882 doe
1442 5827 1570 5899 folgmde
1587 5836 1618 5881 ot
1635 5829 1706 5883 sooch
1723 5828 1902 5899 engetrapan
1920 5827 2018 5882 warde
2087 5825 2117 5888 b)
2134 5823 2187 5878 dos
2206 5821 2287 5877 letata
2305 5839 2321 5874 a

825 5894 883 5962 out*
897 5895 996 5950 aanor
1014 5896 1065 5950 mit
1083 5896 1133 5950 der
1150 5896 1273 5967 pleicben
1293 5897 1376 5950 Tinte
1445 5898 1466 5965 i)
1484 5915 1500 5950 a
1518 5913 1589 5954 corr.
1608 5913 1663 5952 aus
1681 5915 1704 5952 a,

747 5998 805 6056 1³2.
826 6001 853 6068 a)
869 6001 1023 6055 ducibusG
1122 6002 1151 6067 b)
1168 6002 1236 6057 etO
1337 6004 1363 6070 o)
1378 6003 1516 6058 swiscben
1534 6003 1589 6058 den
1606 6003 1705 6058 beiden
1722 6021 1739 6056 o
1757 6003 1856 6060 Rasur
1883 6017 1936 6058 oon
1953 6005 1973 6058 2
1991 6000 2127 6069 Sebastos
2232 5998 2260 6065 d)
2278 6013 2319 6049 ree

823 6074 925 6124 einsint
944 6070 967 6125 0
1068 6072 1095 6139 e)
1112 6073 1343 6139 altergationibus,
1366 6090 1384 6139 g
1401 6087 1456 6126 oue
1474 6091 1490 6124 c
1507 6089 1579 6127 corr.
1599 6073 1622 6126 0
