5642 7159
1044 758 1163 819 lissa
1188 758 1276 818 onii
1298 756 1467 818 osossii
1491 750 1564 820 774.
2060 755 2122 821 125

446 956 563 1021 cedi·
591 956 702 1013 nostre
726 956 900 1013 aucmento
924 946 977 1012 vel
1000 946 1181 1011 stabilitate
1203 947 1295 1033 regni
1319 946 1424 1010 nostri
1449 968 1507 1010 seu
1530 966 1702 1032 procerum
1726 956 1911 1033 nostrorum
1932 945 2121 1033 (tardantes

442 1082 518 1126 non
545 1049 710 1134 fuimus),
733 1061 771 1116 ut
786 1051 967 1138 peticiones
991 1050 1198 1117 sacerdotum
1215 1051 1267 1116 vel
1290 1051 1486 1119 Sturmionis
1501 1050 1633 1115 abbatia
1654 1073 1783 1117 necnon
1802 1060 1835 1117 et
1857 1052 2121 1137 congregationis

438 1156 711 1231 monachorum
732 1154 949 1242 <sanctissimi
971 1156 1115 1221 martiris
1131 1153 1314 1237 bonifacii>
1332 1154 1394 1220 boc
1420 1153 1570 1238 (votive)
1595 1154 1778 1220 concedere
1794 1154 1997 1222 deberemus.
2022 1155 2121 1239 Quod

433 1273 488 1334 ita
518 1284 605 1351 pro
632 1262 685 1327 dei
709 1262 830 1326 intuitu
853 1270 886 1325 et
914 1260 1027 1326 divina
1060 1260 1233 1326 clementis
1255 1261 1317 1323 visi
1342 1280 1455 1324 sumus
1488 1260 1675 1345 prestitisse
1698 1270 1730 1325 et
1758 1261 1792 1325 in
1815 1260 1968 1326 omnibus
2003 1261 2119 1326 confir·

398 1387 598 1448 amasse,
618 1374 663 1438 ut,
688 1364 846 1450 quamdiu
860 1366 935 1449 ipsa
951 1360 1207 1448 [conlgregatior
1228 1362 1289 1428 sub
1305 1362 1421 1449 regula
1444 1373 1561 1429 sancta
1575 1366 1684 1429 vivere
1707 1363 1760 1431 vel
1783 1366 1971 1431 conversari
1990 1364 2122 1431 videtur

426 1484 463 1540 et
498 1468 678 1535 ordinem
701 1476 851 1533 sanctum
875 1468 1015 1532 invicem
1038 1467 1231 1534 custodiunt
1253 1478 1286 1533 et
1309 1467 1490 1533 observant
1512 1478 1545 1534 et
1567 1467 1665 1533 nobis
1684 1468 1799 1535 fideles
1822 1479 1993 1555 apparent,
2019 1491 2120 1555 quan-

420 1577 659 1658 documque
681 1573 753 1658 ipse
776 1571 882 1636 abbas
906 1570 947 1636 de
969 1572 1042 1657 ipso
1065 1572 1265 1637 monasterio
1293 1594 1335 1637 ex
1359 1571 1423 1636 bac
1445 1572 1518 1637 luce
1542 1572 1743 1659 migraverit,
1778 1572 1947 1638 licentiam
1975 1572 2121 1638 habeant

414 1682 597 1745 fratres
622 1674 807 1763 <pastorem
830 1675 901 1759 vel>
928 1675 1083 1742 abbatem
1113 1699 1189 1743 cum
1213 1676 1488 1762 (deigratiam)
1519 1688 1632 1742 nostro
1656 1698 1819 1743 consensu
1847 1701 1889 1743 ex
1912 1687 2016 1744 semet
2038 1678 2120 1763 ipsis

408 1781 625 1869 eligendi,
660 1782 715 1868 qui
739 1781 919 1847 secundum
942 1782 1091 1867 regulam
1114 1790 1264 1847 sanctam
1287 1783 1378 1867 ipsos
1401 1780 1581 1847 monachos
1604 1803 1717 1867 regere
1740 1790 1772 1846 et
1795 1780 1980 1867 gubernare
2003 1784 2118 1868 possit,

359 1898 386 1948 lo
407 1896 489 1950 ut·
527 1908 609 1973 pro
631 1896 745 1952 eterna
775 1886 882 1952 salute
904 1886 957 1953 vel
985 1885 1143 1952 felicitate
1165 1888 1270 1974 patrie
1305 1909 1363 1952 seu
1385 1896 1500 1952 nostra
1528 1888 1715 1951 constantia
1738 1896 1771 1951 et
1800 1887 1912 1951 uxoris
1935 1886 1988 1951 vel
2016 1885 2120 1971 prolis

401 1989 632 2055 delectet*
653 1992 744 2077 ipsos
767 1990 948 2057 monachos
971 1992 1153 2056 inmensam
1177 1990 1229 2056 dei
1251 1992 1410 2077 pietatem
1434 1993 1555 2077 iugiter
1569 1991 1778 2077 implorarefl.
1815 1990 1912 2072 Quod
1928 2000 2119 2078 preceptum

395 2093 601 2160 decreti
620 2098 724 2161 nostri
743 2094 875 2162 Christo
898 2098 931 2162 in
955 2096 1108 2161 omnibus
1125 2096 1330 2182 suffragante
1352 2105 1389 2160 ut
1402 2097 1528 2161 firmior
1548 2096 1711 2163 habeatur
1726 2107 1759 2163 ct
1781 2096 1915 2161 domino
1939 2095 2119 2161 auxiliante

389 2201 653 2265 nostriset
675 2201 794 2265 futuris
816 2198 1020 2287 temporibus
1043 2201 1160 2266 melius
1176 2211 1399 2284 conservetur,
1423 2190 1541 2265 mantis
1556 2210 1668 2285 nostre
1693 2197 1989 2285 subscriptionibus
2007 2198 2120 2263 subter

386 2299 680 2370 decrevimus
702 2305 868 2371 roborare.

333 2450 363 2497 ¹⁵
583 2443 716 2531 Signum
738 2449 804 2522 (ii.)
826 2444 942 2511 Karcli
966 2443 1194 2529 gloriosissimi
1217 2444 1338 2529 regis'.

577 2566 667 2632 Data
687 2565 884 2652 (Sturmioni
901 2561 1032 2648 abbati)
1060 2582 1124 2628 vm
1139 2563 1207 2629 kal.
1233 2572 1295 2629 oct.
1313 2585 1399 2629 anno
1417 2581 1453 2627 vr
1475 2564 1569 2649 regni
1584 2565 1731 2645 nostri'';
1754 2573 1864 2628 sctum
1880 2562 1975 2628 Dura
1989 2562 2116 2648 palatio

376 2664 620 2754 publieo3
643 2671 784 2737 feliciter
806 2694 912 2738 amen.

1262 2964 1325 3039 87.

376 3104 559 3188 Karl
600 3124 662 3193 der
693 3120 821 3193 Grosse
853 3120 991 3193 salaenbt
1025 3121 1102 3192 ἄεννι
1128 3122 1274 3195 Kloster
1306 3122 1363 3195 St.
1392 3121 1535 3194 Denta
1568 3123 1624 3192 die
1664 3120 1779 3193 Villen
1813 3122 2012 3195 Faveralles
2044 3125 2119 3196 aad

327 3252 359 3299 2⁰
381 3221 456 3295 N
448 3250 629 3315 oronte
655 3246 720 3315 mit
740 3246 818 3317 ἄενιι
837 3243 1063 3335 eapaaenpen
1090 3243 1197 3316 Wald
1222 3244 1357 3316 laeline
1376 3246 1459 3315 and
1484 3245 1562 3315 dem
1584 3240 1778 3315 Marticoll
1803 3245 1842 3315 e'n
1858 3245 1965 3333 jenen
1991 3242 2116 3317 Villen.

1631 3382 1793 3458 Samanssy
1819 3384 1881 3443 774
1904 3383 2072 3444 December.

575 3570 738 3632 Olartalar
764 3591 822 3634 aas
850 3574 915 3633 dem
938 3574 1026 3633 Ende
1056 3574 1106 3632 des
1127 3575 1180 3634 12.
1204 3574 1275 3633 oder
1297 3571 1425 3647 Aniena
1452 3572 1502 3633 des
1530 3575 1583 3633 13.
1609 3574 1661 3635 Jb.
1685 3574 1753 3634 La.
1777 3575 1864 3634 1156
1887 3573 1911 3647 f.
1935 3568 1988 3635 33'
2011 3574 2053 3653 (B
2075 3597 2117 3630 =

577 3676 738 3738 Οᾶανειιὶαν
764 3698 822 3739 ans
845 3680 898 3739 der
926 3682 1049 3739 sweiten
1076 3678 1186 3752 Hdlste
1213 3680 1263 3739 des
1290 3682 1343 3741 13.
1367 3679 1423 3741 Jls.
1447 3679 1514 3739 ab.
1541 3681 1626 3737 1157
1647 3696 1682 3751 p.
1706 3676 1781 3756 537)
1806 3680 1848 3736 im
1870 3678 2118 3738 Nationalarcbia

573 3801 615 3841 ea
634 3784 736 3846 Paris.

575 3904 701 3964 Donblet
723 3906 803 3966 Hist.
827 3906 863 3963 de
885 3906 929 3967 St.
953 3906 1055 3982 Denys
1079 3907 1142 3967 705
1166 3928 1206 3959 =
1229 3906 1361 3965 Boncbet
1383 3906 1433 3964 La
1460 3906 1599 3965 eeritable
1628 3907 1701 3979 arip.
1721 3922 1772 3978 pr.
1795 3908 1861 3966 226
1886 3905 2115 3979 annalistdndip,

572 4029 615 4061 =
636 4009 681 4068 Le
704 4008 807 4069 Gaime
827 4010 907 4069 Ann.
933 4013 963 4081 5,
988 4014 1051 4071 783
1073 4029 1114 4069 en
1137 4012 1196 4069 771
1222 4017 1256 4068 n⁰
1271 4013 1322 4071 76.
1348 4043 1386 4054 -
1411 4010 1561 4069 Mabillan
1583 4009 1629 4067 De
1651 4026 1683 4067 νε
1706 4008 1777 4082 dipl.
1805 4011 1867 4070 645
1889 4010 1959 4069 n⁰7
1981 4026 2016 4068 ea
2031 4013 2116 4070 anto-

567 4114 684 4188 arapha
701 4131 795 4187 penes
817 4115 861 4175 ill.
883 4114 997 4174 Ducem
1021 4114 1183 4188 caprosiae
1198 4114 1255 4193 (G)
1279 4136 1321 4169 =
1343 4115 1482 4189 Boaqaer
1498 4117 1528 4184 5,
1553 4116 1616 4174 726
1637 4118 1672 4171 n⁰
1686 4116 1732 4173 22
1753 4136 1795 4168 =
1818 4114 1921 4188 Miane
1936 4114 2049 4175 Patrai,
2064 4117 2116 4184 97,

571 4218 636 4277 933
657 4223 691 4276 n⁰
705 4220 757 4278 18.
780 4251 822 4261 -
845 4219 1039 4278 Meiblbacber
1059 4219 1133 4293 Rea.
1155 4220 1220 4279 175
1245 4217 1346 4296 (171).

576 4356 629 4416 Ais
656 4357 778 4431 Varlaae
807 4357 862 4431 for
890 4359 947 4417 den
974 4361 1058 4417 einen
1084 4358 1167 4419 Tacit
1191 4360 1244 4417 der
1271 4357 1412 4418 Urknnde
1442 4358 1541 4416 diente
1566 4363 1600 4415 n⁰
1622 4359 1683 4430 53,-
1727 4374 1783 4416 aas
1813 4356 1867 4416 der
1895 4358 2115 4417 mechanisaben

583 4460 806 4535 Wiederbolsmp
829 4462 882 4521 der
909 4463 1040 4537 Varlape,
1065 4465 1237 4523 niestein
1265 4464 1359 4521 einem
1388 4463 1517 4521 anderen
1540 4461 1613 4521 Fall
1639 4462 1716 4520 ancia
1738 4464 1772 4519 in
1792 4468 1827 4519 νιο
1842 4464 1885 4522 62
1906 4460 2040 4535 austerii,
2071 4478 2114 4519 er·

567 4562 673 4622 klaren
704 4566 766 4624 siclt
792 4568 869 4625 anab
903 4567 951 4625 die
972 4568 1114 4627 Fomeln
1148 4568 1201 4625 der
1223 4566 1407 4640 Sabenknnp,
1442 4567 1532 4626 obwol
1566 4566 1614 4625 die
1647 4566 1791 4625 Urknnde
1818 4566 1970 4639 eiaentlieb
1996 4566 2111 4625 Besite-

570 4668 758 4743 bestatipsmp
779 4672 829 4742 ist,
853 4671 918 4729 and
940 4672 993 4730 der
1015 4670 1089 4731 Sate
1111 4673 1186 4732 sicut
1209 4689 1227 4730 a
1249 4689 1334 4732 vasso
1356 4674 1456 4731 nostro
1473 4669 1635 4746 indagario
1658 4688 1810 4747 possessae
1833 4670 1962 4742 fuerunt;
1987 4672 2020 4729 in
2032 4687 2113 4743 pane

568 4772 736 4831 dbnlicbem
762 4775 932 4834 Verbdltnis
960 4776 1059 4835 stelen
1080 4782 1115 4834 n⁰
1135 4780 1178 4837 22
1205 4776 1270 4834 and
1290 4778 1334 4835 23
1360 4793 1402 4833 en
1425 4776 1577 4835 einander.
1621 4775 1712 4834 Diese
1733 4776 1953 4848 Formnlirnnp
1975 4774 2112 4834 erstreclet

566 4878 631 4935 sieb
659 4879 736 4937 anab
766 4878 829 4951 aas
853 4880 902 4937 die
923 4880 1124 4954 Bestdtiannq
1152 4881 1202 4940 des
1231 4879 1348 4939 Waldes
1370 4878 1492 4949 leelina,
1528 4880 1580 4938 ἄεν
1605 4880 1713 4938 bereits
1736 4881 1770 4937 tn
1798 4884 1832 4937 n⁰
1853 4881 1894 4939 28
1921 4896 1977 4937 von
1999 4878 2114 4951 Pippin

565 4983 722 5051 aescbenlct
744 4983 862 5041 worden
876 5002 956 5057 saar,·
984 4984 1073 5043 beisst
1088 5001 1117 5043 es
1140 4985 1204 5043 bier
1225 4984 1301 5044 sicut
1323 5000 1412 5059 usqne
1435 5000 1512 5042 nune
1535 5000 1552 5041 a
1573 4983 1657 5042 nobis
1679 4981 1736 5041 fnit
1758 4999 1902 5057 possessa,
1926 4998 1958 5039 so
1973 4983 2007 5039 in
2021 4986 2056 5039 n⁰
2073 4985 2116 5042 87

570 5082 645 5144 sicut
665 5103 757 5160 usque
771 5104 849 5146 nunc
866 5104 884 5145 a
903 5087 973 5147 fisco
988 5090 1087 5147 nostro
1103 5092 1315 5163 cognoscuntur
1328 5106 1391 5149 esse
1406 5105 1549 5164 possessa.
1573 5089 1715 5161 Dapeaen
1727 5089 1792 5160 pibt
1807 5093 1841 5146 n⁰
1855 5090 1898 5147 87
1913 5088 1978 5144 eine
1993 5086 2112 5157 andere,

568 5188 639 5246 aber
659 5188 732 5247 decb
752 5207 815 5248 nar
833 5207 983 5263 qenanere
1008 5191 1325 5267 Grenebescbreibana.
1371 5191 1557 5265 Aassallend
1580 5192 1629 5262 ist,
1654 5191 1723 5250 dass
1751 5190 1805 5249 ἄεν
1826 5190 1914 5250 Wald
1935 5189 2048 5248 Ioeline
2069 5190 2115 5249 als

574 5290 708 5351 Ζιεὸεᾶἄν
729 5293 783 5351 ἄεν
797 5294 899 5352 beiden
919 5295 1015 5353 Villen
1037 5298 1199 5355 bezeichnet
1214 5296 1298 5365 wind,
1323 5296 1543 5369 anpewblmliab
1558 5294 1606 5353 die
1621 5294 1830 5369 Bestimmnnp
1860 5296 1934 5354 iiber
1956 5294 2004 5353 die
2020 5293 2115 5368 Jaqd-

568 5399 712 5468 nnennp,
735 5396 808 5455 nocb
823 5398 1076 5470 anpenobnlieber
1099 5398 1154 5471 seir
1169 5400 1248 5458 diese
1267 5401 1330 5459 Zeit
1353 5400 1406 5459 der
1423 5398 1586 5459 Ansdrnele
1608 5398 1769 5461 vicecomes
1795 5396 1864 5477 (spi.
1894 5400 1995 5460 Waits
2014 5398 2078 5460 Vc.
2094 5402 2117 5459 2

570 5498 607 5559 A.
629 5504 658 5571 3,
683 5502 748 5560 397
769 5501 810 5563 N.
833 5506 863 5572 3,
893 5502 1038 5561 Brnnner
1059 5503 1129 5563 Re.
1153 5507 1184 5574 2,
1208 5504 1285 5579 173)
1320 5504 1384 5562 send
1406 5505 1461 5563 das
1484 5505 1595 5563 Feblen
1626 5503 1677 5563 des
1705 5502 1897 5575 srdnliseben
1918 5504 2116 5578 Repiernnps·

571 5602 661 5666 loires
683 5606 717 5662 in
740 5605 793 5662 der
814 5605 978 5679 Datirnna
1002 5607 1057 5666 das
1078 5608 1149 5665 aber
1170 5608 1247 5666 aucis
1269 5605 1333 5678 aas
1350 5610 1444 5666 einena
1472 5609 1622 5668 Verseben
1646 5608 1695 5668 des
1724 5609 2046 5669 Urbnndensclrreibers
2070 5611 2115 5668 be-

566 5781 603 5838 8i.
619 5791 643 5856 ν)
659 5797 690 5843 ut
701 5792 829 5858 quamdiu
841 5794 901 5859 ipss
912 5808 1047 5861 congrega
1064 5792 1132 5847 siber
1144 5792 1190 5846 die
1203 5792 1278 5846 Zeile
1289 5794 1394 5847 bisaeus
1414 5810 1467 5847 nors
1489 5794 1631 5848 desselben
1644 5795 1736 5848 Hand
1754 5812 1799 5848 am
1812 5795 1914 5849 Rande
1931 5794 2114 5865 aescbes‘eben,

620 5874 649 5914 so
662 5860 731 5913 dass
749 5861 796 5913 ein
809 5860 888 5914 Tlm'l
906 5861 954 5915 des
973 5879 990 5913 s
1006 5862 1038 5915 s'n
1050 5866 1109 5930 ipsa
1126 5862 1188 5915 and
1200 5879 1250 5914 con
1270 5862 1358 5916 darcb
1371 5863 1563 5917 Bescbnes'den
1584 5864 1632 5917 des
1645 5864 1756 5917 Blattes
1770 5864 1875 5932 nsidel;
1893 5868 1930 5916 tio
1945 5880 1990 5917 am
2004 5864 2115 5934 Bepn'nn

620 5928 668 5981 ἄεν
684 5929 822 5983 ndcbsten
839 5930 915 5983 Zeile
933 5930 991 5995 aas
1005 5932 1104 5986 Rasar
1208 5934 1233 5999 s)
1250 5940 1277 5984 et
1299 5933 1321 5986 0
1425 5937 1446 5998 t)
1464 5935 1608 5987 dilectione
1621 5934 1651 5996 0,
1670 5935 1775 5987 dilectit
1789 5932 1885 5987 Form.
1900 5933 2037 5999 Marcelli
2052 5934 2077 5996 1,
2095 5937 2115 5987 2

619 6002 647 6065 ιι)
665 5999 776 6066 largiter
794 6001 937 6067 implorare
955 6006 1103 6053 constituat
1122 6002 1144 6055 C
1255 6002 1282 6068 v)
1300 6003 1393 6053 Karoli
1411 6003 1600 6069 gloriosissimi
1619 6006 1691 6071 regis
1710 6002 1733 6056 0
1757 6060 1758 6065 ,
1845 6005 1880 6070 w)
1899 6006 1975 6070 regni
1994 6005 2113 6055 eiusdem

619 6067 806 6133 gloriosissimi
823 6072 915 6121 domni
937 6070 965 6123 C.
2006 6079 2009 6087 '

456 5972 479 6021 it
