5642 7159
733 630 799 698 482
1338 633 1776 697 suessoniensis.

837 828 911 899 536,
934 826 999 886 aad
1021 826 1152 886 malint
1173 843 1235 886 aar
1255 829 1329 887 eecli
1341 827 1531 904 gelegentlich
1554 828 1610 888 den
1625 829 1728 890 Beeiir
1750 830 1833 887 einer
1847 828 2000 888 Facient
2021 829 2054 887 i'ii
2068 827 2225 900 lacarias,
2252 825 2299 883 ili.
2320 824 2404 893 540,

836 930 979 990 wdbrciid
1005 947 1077 990 maa
1103 933 1205 1004 spdter
1233 929 1287 990 das
1320 931 1407 992 meite
1433 933 1627 993 wecheliana
1654 931 1810 994 vaccariis
1844 934 1899 991 mit
1925 932 2064 992 Burerias
2098 932 2404 1008 (Baetem-eoue-

834 1034 1022 1106 nectamini,
1044 1033 1328 1114 Posi-i-Meueeen)
1343 1035 1542 1109 imbricatis,
1564 1035 1714 1109 wezrram
1729 1038 1770 1095 i'm
1786 1036 1943 1096 Jolerbiecli
1959 1035 1983 1108 s.
2000 1036 2136 1110 lotdrieip.
2158 1035 2272 1096 (reeca.
2291 1039 2324 1104 1,
2344 1036 2402 1093 53.

835 1139 895 1199 Die
918 1139 1051 1213 Koniyi'ii
1074 1138 1240 1213 Hildepard
1267 1141 1349 1199 atorb
1373 1142 1437 1200 783
1459 1139 1550 1214 April
1571 1144 1614 1201 30
1637 1141 1702 1201 aad
1723 1141 1826 1200 warde
1847 1142 1882 1199 i'a
1903 1140 1947 1202 St.
1971 1138 2092 1213 Amicis
2110 1141 2265 1210 bestcttet,
2304 1136 2401 1197 Abel·

837 1243 957 1305 Simeon
978 1243 1057 1303 Korl
1078 1243 1109 1304 d.
1136 1242 1191 1306 Gr.
1214 1249 1245 1315 1,
1270 1246 1343 1305 449.
2425 1255 2442 1302 5

836 1435 894 1511 (O.)
916 1428 931 1512 ξ
951 1430 1161 1516 Hildogarda
1182 1446 1269 1513 gratia
1291 1445 1334 1496 dei
1357 1446 1522 1496 Francorum
1544 1433 1667 1517 regina.
1773 1448 1908 1515 Quicquid
1924 1449 1994 1499 enim
2015 1447 2083 1499 locis
2097 1453 2258 1499 sanctornm
2278 1462 2399 1499 venera-

734 1552 829 1604 bilium
850 1534 866 1619 Ξ
887 1553 921 1603 ob
945 1566 1060 1602 amorem
1084 1550 1183 1601 domini
1205 1551 1289 1600 nostri
1311 1550 1373 1601 Iesu
1397 1549 1496 1601 Christi
1519 1551 1637 1602 cedimus
1659 1552 1702 1603 rel
1726 1552 1919 1617 confirmamus,
1947 1553 1998 1603 boc
2020 1553 2098 1603 nobie
2120 1552 2217 1618 procul
2244 1552 2335 1602 dubio
2361 1553 2399 1602 ad

733 1656 879 1732 mercedem
908 1641 1091 1706 animarum
1119 1648 1153 1704 et
1181 1638 1320 1704 salutem
1349 1638 1512 1705 credimus
1540 1641 1713 1726 provenire
1742 1662 1926 1727 corporum.
1970 1656 2056 1723 Igitur
2083 1661 2176 1707 notum
2199 1659 2238 1707 eit
2267 1658 2397 1707 emnium

732 1753 872 1812 fidelium⁸
894 1765 1045 1811 nostrorum
1067 1758 1244 1825 magnitudini
1266 1760 1430 1823 presentium
1452 1763 1479 1808 et
1499 1758 1659 1823 futurorum,
1682 1759 1797 1826 qualiter
1818 1776 1867 1811 nos
1890 1745 2129 1830 cumconsilio,
2151 1745 2336 1812 voluntate
2361 1754 2397 1810 el

733 1851 897 1937 permissu
919 1848 1030 1914 domni
1054 1857 1087 1913 et
1109 1846 1244 1933 gloriosi
1267 1848 1379 1931 magni
1401 1846 1612 1931 imperatoris
1635 1847 1751 1914 Karoli
1781 1863 1984 1928 submitterem,
2018 1880 2086 1930 quae
2109 1869 2149 1915 eei
2172 1869 2339 1915 conseruere
2363 1867 2394 1914 in
2419 1865 2451 1912 io

733 1970 835 2020 honore
858 1969 944 2018 sancti
965 1967 1058 2018 Iacobi
1086 1966 1129 2017 vel
1152 1970 1300 2016 ceterorum
1322 1947 1502 2026 [beriltorumb
1532 1967 1723 2032 apostolorum,
1757 1969 1804 2018 ulii
1826 1974 1934 2019 sanctus
1956 1969 2085 2019 Amulius
2107 1971 2249 2034 preciosus
2274 1986 2395 2035 corpore

733 2073 884 2140 requiescit,
918 2064 1045 2142 partem
1069 2053 1216 2120 dotalicii
1238 2054 1343 2119 nostri
1366 2054 1408 2118 ab
1431 2057 1505 2140 ipso
1528 2055 1675 2140 piissimo
1705 2056 1904 2142 imperatore
1926 2057 2021 2123 nobis
2048 2061 2207 2140 concessi,
2245 2056 2316 2124 hoc
2341 2069 2396 2123 est

734 2161 916 2229 Uaccarias
939 2169 972 2226 et
999 2158 1117 2226 subtus
1140 2168 1266 2225 curtem
1288 2175 1341 2224 eiii
1362 2174 1390 2223 in
1413 2173 1513 2225 dumio
1535 2175 1661 2227 Mellinee
1682 2178 1710 2225 in
1733 2179 1862 2229 comitatu
1884 2168 2030 2228 iieiienei⁸
2052 2191 2189 2228 meeum
2212 2177 2394 2243 appendiciis

734 2275 767 2332 et
789 2281 920 2332 eeeeleeie
946 2265 979 2330 in
1002 2261 1126 2329 honore
1154 2263 1297 2350 preciosi
1321 2261 1449 2328 Amulii
1471 2264 1506 2329 in
1528 2263 1678 2350 predicta
1700 2264 1779 2330 villa
1801 2263 1984 2332 Uaccarias
2012 2274 2202 2331 constructa
2224 2298 2290 2332 eum
2315 2283 2393 2333 omni

734 2388 894 2453 integritate,
918 2390 972 2436 tam
987 2385 1065 2436 terris
1088 2384 1212 2435 domibus
1235 2382 1364 2436 aedificiis
1386 2383 1531 2434 accolabus
1553 2385 1694 2450 mancipiis
1709 2401 1725 2433 a
1748 2385 1823 2435 silvis
1845 2387 1945 2451 campis
1968 2387 2051 2450 pratis
2073 2386 2181 2450 pascuis
2204 2387 2286 2450 aquia
2302 2400 2391 2451 aqua-
2415 2386 2446 2432 1⁵

734 2506 845 2556 rumque
868 2489 1033 2553 decursibus,
1067 2489 1156 2540 omnia
1178 2493 1205 2539 et
1227 2504 1260 2539 sx
1291 2488 1423 2551 omnibus,
1454 2504 1501 2553 per
1523 2487 1593 2538 hanc
1615 2493 1733 2539 nostram
1762 2491 1948 2540 auctoritatem
1975 2489 2145 2541 concedimus
2166 2490 2210 2540 vel
2234 2490 2392 2541 condamus

733 2593 925 2661 perpetualiter
947 2593 981 2644 ad
1002 2592 1202 2659 possidendum.
1233 2593 1309 2655 Quae
1333 2578 1443 2642 omnia
1466 2607 1526 2642 cum
1550 2592 1707 2644 adiacentiia
1729 2594 1786 2644 suis
1807 2593 1868 2644 ideo
1891 2594 2042 2659 specialiter
2064 2595 2092 2643 in
2114 2595 2173 2658 ipso
2196 2610 2213 2642 e
2235 2593 2300 2645 loco
2324 2611 2392 2644 con·

734 2698 860 2762 muium,
884 2683 961 2770 qnia
983 2680 1028 2747 ibi
1052 2680 1113 2747 deo
1137 2681 1270 2747 favente
1292 2701 1430 2767 corpore
1453 2681 1620 2767 quiescere
1645 2683 1804 2749 volumus.
1835 2699 1872 2748 ni
1893 2700 1957 2764 quii
1978 2701 2077 2749 ecimus
2098 2698 2191 2761 mulie,
2214 2713 2288 2764 quae
2311 2701 2392 2763 prim

734 2801 853 2854 studiose
868 2801 943 2865 finnt,
966 2806 1060 2867 postea
1074 2801 1263 2866 refrigescente
1278 2800 1393 2851 karitate
1409 2802 1438 2851 in
1453 2799 1643 2868 negligentiam
1659 2802 1792 2865 devenire,
1814 2802 1875 2853 ideo
1891 2802 2072 2853 interdicimus
2094 2803 2218 2852 omnibus
2236 2803 2391 2853 abbatibus

734 2903 782 2958 seu
805 2907 962 2958 custodibus
985 2904 1102 2957 eiusdem
1126 2904 1287 2956 venerabilis
1309 2905 1362 2955 loci
1386 2909 1412 2956 et
1434 2921 1482 2970 per
1504 2905 1624 2956 divinum
1646 2921 1692 2958 eos
1715 2907 1879 2958 obtestamur
1901 2922 2019 2970 examen,
2053 2913 2084 2957 ut
2105 2908 2157 2956 iam
2192 2891 2305 2956 dictas
2332 2914 2390 2957 res
2413 2908 2447 2958 2⁰

733 3026 870 3078 nunquam
892 3015 1047 3077 presumant
1069 3009 1150 3061 alicui
1172 3009 1303 3061 beneficio
1325 3007 1443 3061 tribuere
1465 3025 1553 3076 aeque
1575 3026 1623 3075 per
1644 3011 1799 3076 precariam,
1829 3015 1860 3061 ut
1881 3009 1938 3068 lieri
1961 3010 2073 3074 adsolet,
2103 3011 2213 3076 prebere
2236 3025 2330 3076 neque
2354 3011 2392 3060 ad

734 3115 820 3165 ullum
843 3115 950 3166 omnino
974 3115 1051 3163 iatius
1073 3113 1174 3164 saeculi
1196 3129 1275 3164 usum
1297 3113 1441 3175 inflectere,
1475 3113 1522 3164 sed
1552 3120 1681 3182 semper
1702 3100 1736 3165 in
1766 3098 1883 3165 eodem
1906 3097 2087 3165 venerabili
2114 3098 2188 3163 loco
2214 3097 2259 3163 ad
2283 3096 2392 3165 usus*¹

735 3203 797 3270 deo
820 3202 867 3267 lbi
890 3202 1103 3268 servientium
1125 3200 1310 3288 perpetuali
1332 3201 1403 3266 iure
1427 3200 1560 3266 subdita
1584 3210 1807 3287 permaneant.
1832 3217 1861 3268 Si
1884 3219 1944 3284 quie
1965 3222 2055 3270 autem
2078 3233 2110 3268 ex
2132 3217 2282 3268 abbatibus
2306 3234 2390 3269 vene·

735 3322 813 3374 randi
834 3322 908 3372 illius
929 3322 983 3373 loci
1011 3323 1080 3372 hanc
1102 3326 1219 3372 nostram
1247 3321 1414 3372 voluntatem
1436 3320 1538 3372 violare
1559 3324 1759 3386 presumpserit,
1794 3327 1928 3373 aeternam
1950 3337 2005 3372 non
2033 3321 2122 3372 valeat
2149 3320 2270 3388 effugere
2294 3321 2390 3386 damp-

733 3429 869 3479 nationem
892 3432 919 3478 et
940 3427 1048 3478 beatum
1070 3426 1212 3477 adversum
1234 3441 1262 3476 se
1284 3417 1447 3475 Amultiim⁰
1469 3441 1523 3475 non
1546 3425 1703 3491 adiutorem,
1725 3427 1774 3478 sed
1796 3429 1886 3492 potius
1908 3429 2007 3478 sentiat
2028 3431 2218 3478 accusatorem.
2241 3443 2260 3475 a
2283 3427 2386 3477 Omnes
2408 3425 2443 3474 25

735 3538 824 3584 autem
839 3537 953 3595 nostros,
976 3533 1021 3597 qui
1044 3528 1128 3582 futuri
1143 3535 1213 3595 sunt,
1235 3545 1283 3595 per
1299 3530 1434 3581 Christum
1457 3529 1500 3581 dei
1514 3529 1598 3582 lilium
1613 3513 1824 3597 redemptorem‘
1846 3533 1963 3582 omnium
1985 3530 2139 3583 adinramus
2161 3536 2189 3581 et
2211 3533 2389 3596 exposcimus

735 3651 903 3689 successores
926 3637 983 3687 sire
1007 3637 1190 3702 cuiuscunque
1213 3634 1313 3685 ordinis
1336 3634 1447 3698 iudices,
1478 3640 1509 3684 nt
1530 3635 1622 3686 nullus
1644 3637 1696 3688 hoc
1717 3636 1790 3702 quod
1811 3638 1955 3686 statuimus
1978 3635 2076 3687 audeat
2097 3637 2246 3700 irrumpere
2270 3640 2299 3686 et
2321 3652 2389 3702 quo

734 3741 802 3791 libet
831 3739 909 3791 modo
933 3740 1010 3790 aliter
1038 3753 1118 3805 quam
1140 3739 1265 3789 volumus
1294 3740 1442 3789 immutare.
1488 3739 1567 3801 Quod
1589 3740 1611 3790 si
1641 3743 1702 3806 quie
1726 3754 1816 3791 eorum
1844 3740 1933 3791 iacere
1961 3740 2137 3805 temptaverit,
2171 3739 2306 3804 quicquid
2329 3741 2389 3804 ipse

735 3844 866 3906 statuerit,
890 3858 907 3892 a
921 3857 969 3894 suo
993 3845 1091 3894 sentiat
1106 3842 1259 3895 adversario
1275 3842 1390 3892 convelli
1412 3846 1440 3893 et
1462 3843 1571 3908 insuper
1585 3841 1714 3895 iudicium
1737 3845 1771 3894 sit
1793 3844 1935 3894 habiturus
1958 3845 2097 3894 nobiscnm
2120 3857 2211 3893 corani
2234 3844 2387 3893 iustissimo

734 3947 833 3998 iudice.
856 3947 893 3997 Et
907 3951 938 3997 ut
959 3946 1026 3998 haec
1049 3949 1194 3998 auctoritas
1215 3945 1315 3997 tirmior
1337 3947 1469 3999 habeatur
1491 3947 1534 3998 vel
1558 3948 1691 3999 diuturnis
1713 3948 1879 4014 temporibus
1901 3947 1997 3999 melius
2020 3953 2200 4009 conservetur,
2223 3930 2385 3997 dominus
2408 3949 2442 3997 30

734 4043 849 4103 noster
864 4043 897 4100 et
919 4035 1084 4122 piissimus
1099 4036 1278 4121 imperator
1299 4035 1447 4101 Karolus
1462 4037 1584 4102 nostris
1606 4035 1823 4104 libentissime
1839 4057 1987 4101 annuens
2004 4035 2158 4120 precibus
2174 4065 2258 4100 manu
2274 4054 2390 4117 propria

735 4156 827 4206 subter
849 4153 989 4205 adnotavit
1010 4159 1038 4205 et
1060 4153 1092 4204 de
1115 4153 1196 4204 anulo
1221 4159 1280 4204 suo
1303 4154 1416 4220 sigillari
1437 4156 1525 4206 iussit.

836 4277 850 4362 Ξ
872 4294 983 4363 Signum
1006 4287 1058 4356 (Ι.)
1079 4296 1173 4347 Karoli
1195 4290 1401 4364 gloriosissimi*
1423 4299 1501 4365 regis.
1524 4279 1538 4336 t

838 4406 919 4483 (sn.)
941 4401 956 4484 ξ
977 4402 1050 4488 Ego
1074 4401 1298 4490 Wuilrpaldus
1320 4406 1471 4470 notarius
1494 4398 1704 4488 recognovil.
1726 4403 1742 4488 ξ

836 4557 909 4608 Date
930 4541 1032 4607 tercio
1055 4541 1130 4607 idue
1154 4543 1276 4607 niensis
1298 4544 1409 4608 martii
1433 4573 1503 4609 anno
1518 4559 1612 4624 quinio
1628 4557 1731 4610 decime
1746 4561 1774 4608 ei
1796 4571 1866 4607 nene
1890 4541 2001 4606 domui
2023 4550 2055 4606 et
2078 4542 2216 4628 piissimi
2240 4543 2383 4630 impera·
2408 4559 2441 4605 se

734 4645 818 4712 toria
839 4643 966 4727 Karoll,
990 4660 1024 4710 ab
1047 4661 1231 4712 incarnatione
1254 4665 1342 4712 autem
1366 4661 1466 4712 domini
1488 4664 1572 4713 nostri
1594 4663 1656 4714 Iesu
1678 4678 1695 4711 a
1717 4676 1787 4712 anuo
1810 4662 2044 4727 septingentesimo
2068 4664 2232 4728 octogesimo
2255 4665 2339 4714 tertio
2354 4679 2385 4727 a,

735 4769 798 4815 acta
819 4747 932 4832 Metti,
966 4764 995 4813 in
1017 4763 1059 4814 dei
1082 4765 1190 4815 nomine
1212 4764 1334 4828 feliciter,
1357 4766 1503 4817 indictione
1526 4771 1609 4817 sexta.

811 4934 872 4991 818.
891 4937 918 5001 a)
934 4936 1042 4989 fidolum
1060 4936 1088 4990 B
1156 4937 1184 5004 b)
1202 4936 1247 5018 dig
1264 4942 1357 4991 eriteii
1374 4935 1555 4990 Bucbstcbrii
1571 4935 1737 5016 adorabili
1806 4939 1832 5005 c)
1849 4939 1935 4990 Mette
1952 4935 2123 5018 cufiRueiir
2192 4939 2221 5005 d)
2238 4953 2314 4992 corr.
2329 4954 2385 4992 aiii

888 5021 967 5058 ueuiii
1054 5006 1079 5073 e)
1096 5006 1169 5059 aceli
1187 5024 1201 5058 r
1217 5021 1263 5086 eiii
1283 5005 1449 5071 Obereebaft
1466 5006 1530 5089 (soii
1546 5006 1568 5088 l)
1584 5005 1682 5090 ruderi
1768 5005 1789 5076 i)
1807 5007 1965 5075 redepintor,
1989 5006 2035 5060 die
2052 5006 2149 5060 beiden
2167 5006 2269 5061 letrtrii
2287 5008 2385 5063 Bacti-

889 5075 988 5128 atabrii
1006 5074 1092 5130 kaiam
1109 5075 1185 5130 mebi·
1204 5075 1329 5130 ticbtbar
1398 5075 1427 5143 g)
1444 5075 1609 5142 gloriossimi
1626 5073 1654 5128 B
1723 5076 1752 5141 h)
1769 5080 1896 5145 recognri
1914 5076 1949 5130 B.
2406 5075 2439 5123 ⁴⁰
