5642 7159
1066 717 1186 776 utun
1209 717 1296 776 buu
1319 715 1488 776 GROSSE
1512 749 1562 775 -.
2071 713 2135 779 473

485 907 520 970 in
534 904 579 971 ad
602 903 643 970 de
657 905 731 969 iura
754 903 964 990 dominioque
979 903 1083 988 ipsius
1106 903 1247 969 cenovio
1263 901 1409 968 fidelium
1432 919 1604 970 veneratione
1619 916 1715 983 religia
1736 911 1871 988 propter
1886 901 1939 968 dei
1962 904 2137 969 caritatem
2257 957 2258 960 η

486 1018 521 1074 et
542 1009 665 1075 amoris
687 1009 775 1094 ipsio
798 1007 920 1076 domno
936 1006 1139 1072 Teodericus
1161 1004 1268 1072 abbas
1291 1013 1326 1070 ct
1347 1005 1513 1072 dictorum
1531 1005 1768 1073 monachorum
1793 1004 2017 1073 deservientes
2040 1029 2135 1073 vene-

486 1113 624 1193 ratione,
658 1111 693 1176 id
715 1120 768 1177 cst
789 1113 1025 1177 monasterium
1049 1120 1166 1176 sancte
1189 1111 1305 1193 Maria,
1341 1110 1397 1196 qui
1420 1118 1471 1176 est
1493 1109 1661 1175 fundenda
1687 1108 1722 1174 in
1743 1109 1908 1195 Fabrega,
1943 1142 2003 1177 cnm
2027 1111 2137 1178 omnia

488 1217 533 1283 ad
555 1216 619 1282 sibi
642 1231 804 1297 pertinentia
826 1236 854 1282 st
875 1230 1027 1281 adiacentis
1047 1245 1098 1281 suc
1119 1247 1165 1282 seo
1181 1231 1346 1296 appendiciis
1367 1230 1432 1292 suis,
1454 1214 1549 1279 vicos
1571 1222 1604 1279 et
1627 1212 1797 1296 ecclesias,
1820 1215 1931 1281 selvas
1954 1224 1987 1280 et
2008 1226 2137 1284 montes

449 1331 523 1387 oct
552 1321 697 1407 planicia
724 1321 908 1386 reincentes
929 1322 963 1385 in
991 1328 1161 1385 cometetu
1182 1319 1422 1385 Perosianense
1452 1340 1508 1384 seo
1536 1320 1570 1384 in
1598 1327 1767 1385 cometatu
1789 1319 1990 1387 Noceriensc
2018 1343 2074 1386 seo
2103 1322 2137 1385 in

489 1434 658 1498 comctstu
681 1423 893 1491 Gobionense
921 1432 1020 1510 atquc
1041 1424 1077 1488 in
1104 1432 1273 1490 cometatu
1294 1421 1473 1489 Assisense
1503 1420 1555 1487 vel
1584 1445 1643 1509 per
1671 1422 1754 1488 alias
1778 1432 1999 1490 cometatoras
2027 1424 2072 1489 ad
2095 1423 2136 1490 de
2158 1439 2186 1490 11

489 1531 563 1617 ipso
586 1531 788 1596 monasterio
810 1529 993 1615 pertinente
1017 1551 1084 1594 una
1106 1548 1182 1593 cum
1205 1525 1304 1592 villas
1326 1535 1438 1592 cortes
1453 1525 1642 1594 corticellas
1666 1527 1825 1593 ecclesias
1849 1537 1882 1594 et
1904 1528 1997 1594 cellis
2013 1528 2057 1594 ad
2074 1528 2136 1594 sibi

490 1634 740 1721 pertinentibus,
770 1663 827 1700 une
848 1663 909 1700 cum
931 1648 1020 1700 selvas
1042 1642 1075 1699 et
1097 1646 1213 1711 olivetis,
1241 1664 1258 1695 s
1279 1647 1370 1697 fluviis
1392 1663 1409 1694 s
1432 1651 1459 1696 et
1481 1645 1596 1697 collibus
1618 1663 1642 1710 e,
1666 1663 1726 1698 cum
1761 1632 1872 1697 omnia
1899 1647 2050 1700 adiacentia
2079 1655 2138 1700 seu

489 1755 652 1820 pertinentia
673 1769 723 1804 sna
745 1747 779 1803 ei
800 1769 861 1804 curn
884 1753 934 1804 sub
957 1752 1010 1804 sibi
1032 1757 1059 1804 et
1080 1752 1152 1803 intra
1173 1753 1226 1802 sibi
1247 1753 1330 1804 hebet
1350 1753 1379 1802 in
1401 1752 1543 1818 integrum,
1567 1752 1640 1818 qnod
1661 1756 1702 1803 est
1729 1736 1815 1802 inter
1834 1745 1926 1804 terra
1948 1738 2138 1805 aradorioitt
2159 1753 2172 1803 1

435 1858 468 1907 10
491 1850 525 1908 et
546 1852 635 1908 terra
656 1842 770 1907 vitiata
792 1863 849 1907 beo
873 1840 1008 1925 olivlda,
1032 1858 1180 1906 massaricii
1203 1839 1268 1906 duo
1291 1838 1393 1920 milla,
1416 1858 1443 1905 st
1457 1855 1481 1904 si
1495 1854 1610 1920 amplius
1626 1855 1714 1918 inerit,
1737 1846 1848 1921 [quod]⁸
1869 1855 1903 1906 ad
1919 1857 2003 1922 ipsius
2025 1864 2137 1908 mona·

490 1947 579 2012 elerii
602 1962 719 2027 pertinet
749 1944 790 2010 de
813 1961 847 2011 do
874 1961 943 2027 ipsio
966 1960 1055 2023 rebne,
1089 1962 1118 2010 in
1140 1959 1245 2011 cartula
1274 1953 1387 2010 nostra
1414 1963 1555 2025 permanat
1576 1964 1603 2010 et
1630 1944 1754 2009 nemini
1785 1960 1881 2011 subeat
1908 1945 2063 2032 episeopo
2087 1963 2139 2012 nisi

489 2058 619 2115 tantum
641 2065 782 2117 ecclesiam
796 2065 945 2116 Romnum
960 2047 1217 2135 triumphantem
1239 2070 1346 2134 neque
1368 2069 1428 2134 pro
1452 2044 1655 2113 decimarum
1678 2047 1804 2132 frugus,
1828 2046 1916 2135 [qne]
1940 2049 1983 2113 sit
2005 2048 2048 2115 nd
2070 2073 2138 2116 mo·

489 2152 669 2220 mullorum
693 2154 867 2240 stipendia.
889 2169 928 2218 Et
950 2170 973 2218 si
995 2170 1042 2234 qni
1064 2166 1098 2219 ds
1119 2168 1273 2218 hominibus
1296 2168 1342 2233 qui
1364 2171 1492 2232 precepta
1506 2171 1599 2218 nostra
1620 2166 1763 2217 violaverit
1778 2165 1821 2216 vel
1843 2166 1998 2234 neglexerit,
2021 2152 2140 2219 subeat

488 2288 586 2339 penam
609 2260 682 2323 auri
706 2259 822 2345 optimi
845 2278 1022 2323 mancosos
1046 2273 1110 2321 ccc
1138 2266 1172 2322 et
1192 2256 1327 2342 insuper
1348 2253 1392 2320 ad
1416 2271 1496 2322 exilio
1520 2254 1758 2340 dampnabitur
1786 2263 1820 2320 et
1841 2263 1957 2321 nostra
1981 2266 2141 2344 precepta

437 2381 468 2426 ro
491 2361 587 2427 firma
609 2369 643 2426 et
663 2361 861 2427 inconvulsa
883 2369 1057 2447 permanat
1078 2359 1123 2426 ad
1146 2361 1266 2425 omnis.

594 2496 764 2566 nemereusd
782 2521 904 2584 comes,
927 2507 1038 2566 Artois·
1054 2497 1095 2565 de
1111 2495 1250 2583 comes‘‚
1273 2515 1414 2567 Wamerrs
1429 2520 1541 2565 comes
1558 2500 1679 2565 missos
1696 2498 1808 2566 domni
1824 2497 1935 2566 Caroli
1952 2501 2139 2569 interfuere.

595 2621 669 2706 Ego
693 2620 896 2709 Guarnipret
916 2637 1038 2687 noenius
1060 2629 1093 2688 et
1117 2622 1254 2686 scavino
1276 2619 1374 2688 huius
1396 2621 1517 2707 pagine
1540 2621 1684 2708 scriptor
1705 2637 1831 2703 conplivi.

1279 2933 1367 3010 att.

1228 3093 1410 3170 (Uaccbt.)

438 3255 472 3303 so
494 3233 590 3305 Korl
616 3235 680 3305 dcr
712 3231 841 3305 (al-rosso
866 3233 1005 3305 3111111
1037 3233 1105 3304 dcc
1134 3231 1306 3305 Guatodeo
1340 3234 1404 3305 der
1430 3231 1563 3304 Kirotc
1595 3257 1661 3306 coa
1687 3234 1900 3308 Rauenna
1926 3239 1982 3309 rtis
2009 3237 2140 3311 Kirclc

494 3357 554 3428 des
581 3355 615 3426 1.
642 3353 772 3426 Petrus
797 3354 837 3425 io
864 3352 1104 3426 Heremitorio
1130 3355 1206 3426 uad
1232 3353 1429 3425 coarctetis
1455 3354 1560 3425 iliaca
1586 3357 1637 3426 26
1665 3355 1858 3430 Bistcimer.

599 3651 940 3711 Notariotsinstrameat
963 3667 1020 3709 oon
1034 3650 1122 3709 1507
1143 3649 1177 3707 ia
1199 3647 1252 3707 der
1268 3647 1513 3708 Stodtbibb'ctbck
1533 3666 1575 3707 sa
1590 3650 1736 3709 Ravenna
1753 3647 1818 3728 (B).
1843 3685 1885 3694 —
1909 3652 2064 3726 Absctritt
2085 3673 2142 3715 oon

597 3757 693 3824 1567,
718 3752 1040 3815 conventores
1067 3750 1091 3824 t.
1108 3755 1174 3812 122
1195 3751 1427 3825 monasteriale,
1455 3754 1499 3810 s'm
1526 3753 1750 3812 Vaticaniscbea
1766 3754 1876 3813 Archiv
1896 3773 1938 3815 ra
1958 3758 2037 3816 Rom
2060 3753 2140 3838 (13¹).

598 3894 723 3953 Rubras
745 3893 826 3952 Hsst.
850 3893 986 3952 Raucae.
1004 3894 1068 3952 230
1091 3890 1156 3950 aad
1176 3891 1211 3950 ie
1237 3890 1385 3951 &aenas
1410 3891 1495 3952 rba.
1519 3894 1582 3953 aot.
1605 3889 1677 3953 Ital.
1700 3896 1731 3964 7,
1753 3895 1818 3953 219
1842 3909 1878 3952 ec
1899 3897 2048 3956 vasatica
2065 3897 2140 3957 Boo.

598 3998 663 4056 cccl.
680 3996 748 4058 bibl.
766 3994 818 4074 (0)
842 4019 884 4052 =
908 3994 1087 4074 (Featacsr)
1110 3995 1195 4055 Mos.
1212 3995 1289 4055 Rev.
1306 3997 1336 4073 5,
1358 3998 1427 4055 237
1446 3999 1481 4054 a⁰
1494 3993 1547 4056 21.
1570 4028 1614 4039 —
1636 3993 1764 4054 Amissi
1784 3995 1874 4056 Mem.
1897 3998 1947 4058 e'st.
1972 3997 2050 4058 della
2071 4001 2143 4059 cisto

599 4100 632 4161 di
646 4102 734 4160 Fano
748 4096 798 4172 2⁶,
821 4106 842 4161 3
866 4097 1030 4161 dnll’orcb.
1052 4099 1085 4157 di
1107 4098 1139 4159 S.
1161 4099 1256 4158 Vitotc
1278 4098 1311 4158 11
1333 4099 1478 4158 Ravenna
1501 4097 1567 4177 (D).
1592 4132 1633 4141 -
1656 4098 1851 4159 Mdttbocber
1872 4100 2024 4174 1111499
2041 4101 2142 4182 (181).

599 4239 630 4300 Β
650 4242 691 4299 ist
705 4237 863 4312 Abscbrtft
885 4241 966 4298 sines
987 4237 1165 4297 annaeum
1181 4237 1396 4297 Transeamtcs
1418 4254 1475 4296 voa
1489 4238 1584 4308 1310,
1608 4235 1703 4296 dieses
1726 4237 1806 4296 ciacc
1821 4237 1954 4297 cadmea
1975 4256 2031 4298 ooo
2046 4243 2142 4311 1309,

599 4344 655 4403 des
681 4361 739 4403 aas
767 4346 852 4402 einer
873 4340 964 4416 copo
990 4359 1047 4401 oon
1069 4344 1155 4402 1078
1182 4345 1315 4401 stcmmt.
1357 4340 1398 4400 Io
1426 4341 1456 4399 B
1478 4340 1542 4399 aad
1564 4333 1607 4398 Β1
1636 4341 1677 4400 ist
1705 4339 1758 4399 der
1779 4341 1899 4415 Beps'on
1927 4341 1980 4400 der
2006 4342 2144 4402 letctcms

601 4446 825 4520 moaocstclltr
860 4447 895 4506 In
928 4445 1044 4506 nomine
1070 4445 1188 4506 domini.
1234 4444 1422 4521 Temporibus
1454 4448 1490 4505 ab
1519 4443 1720 4504 incarnatione
1747 4445 1935 4520 redemptoris
1955 4447 2143 4522 nexuum,

602 4552 743 4626 regnanto
766 4567 833 4610 sero
854 4550 980 4610 Henrico
1002 4551 1144 4627 quondum
1168 4549 1292 4608 Conradi
1315 4548 1497 4626 imperatoris
1520 4564 1597 4608 anno
1620 4548 1701 4608 xxn
1729 4548 1774 4608 die
1797 4549 1822 4608 V
1845 4549 1952 4609 mensis
1975 4551 2145 4626 septembris

603 4654 761 4714 indictione
783 4655 812 4714 11
835 4654 974 4713 Ravenna
988 4653 1133 4729 exemplar
1154 4654 1189 4712 de
1211 4652 1301 4728 priori
1317 4653 1431 4712 decreto
1455 4669 1488 4713 ac
1504 4653 1668 4728 privilegio,
1691 4655 1767 4729 qnod
1784 4652 1853 4714 iecit
1875 4657 1905 4715 ot
1927 4654 2015 4715 scribi
2030 4656 2146 4731 rogarit

604 4757 724 4818 Carolus
745 4758 791 4817 dci
815 4757 912 4833 gratia
933 4759 990 4817 dux
1013 4759 1189 4816 Francorum
1212 4757 1241 4814 et
1256 4757 1513 4830 Longobardorum
1536 4773 1569 4816 ac
1592 4755 1729 4832 patritius
1745 4757 1936 4817 Romanorum
1960 4757 2059 4817 divina
2080 4757 2145 4818 illu·

603 4861 744 4921 stratione
767 4860 869 4921 summi
886 4861 1013 4921 luminis.
1037 4855 1081 4919 Β1
1094 4860 1172 4932 cett,
1195 4875 1281 4917 wcao
1301 4859 1385 4918 nicht
1407 4863 1482 4918 awo
1503 4877 1565 4918 aar
1586 4860 1738 4919 mittetbcr
1759 4859 1822 4932 aas
1833 4861 1863 4918 B
1884 4861 1980 4933 selbot,
2003 4860 2147 4920 ciellcs‘cbt

602 4964 666 5038 aas
683 4968 750 5024 ciac
769 4966 892 5039 Vortopc
915 4982 971 5024 voa
985 4964 1015 5022 B
1036 4963 1162 5022 caract.
1189 4962 1314 5022 Rubras
1336 4962 1466 5022 remeet
1486 4963 1561 5022 acob
1581 4963 1656 5023 soa
1676 4965 1756 5022 setae
1782 4963 1901 5040 Qccllc:
1923 4965 2029 5024 Eurum
2052 4967 2147 5025 antem

601 5069 761 5129 litterarum
786 5069 876 5128 molta
903 5069 1047 5128 habentur
1068 5066 1099 5126 in
1123 5065 1247 5127 Vrsiano
1262 5066 1418 5126 Tabulario
1440 5066 1622 5143 exemplaria.
1646 5066 1838 5126 Nomeatlicb
1859 5067 2148 5142 discessissem

601 5172 726 5232 Laches
739 5174 890 5243 beatiora,
914 5171 985 5230 dass
1007 5172 1085 5230 auct
1099 5170 1223 5230 Rubrae
1238 5169 1303 5229 mre
1316 5169 1445 5230 Aminei
1466 5171 1551 5229 teias
1565 5170 1696 5230 cedma
1715 5171 1837 5248 Qucllcn
1858 5172 1960 5232 hutten
1981 5172 2028 5232 als
2043 5173 2082 5235 B.
2105 5205 2148 5216 -

601 5277 774 5350 Falscbnny
795 5278 851 5335 mit
866 5275 1042 5335 Aasaobmc
1065 5275 1116 5334 des
1134 5273 1226 5334 Titcts
1249 5273 1325 5333 otae
1339 5274 1410 5347 jede
1431 5275 1511 5332 cotto
1531 5273 1663 5348 Vorloqe.
1694 5275 1755 5334 Dic
1769 5275 1906 5336 Basilica
1927 5276 1978 5334 des
1993 5275 2022 5338 1.
2038 5275 2147 5334 Petras

602 5379 633 5440 in
656 5379 839 5452 Eremitario,
862 5383 964 5452 operer
986 5378 1016 5438 in
1038 5377 1221 5439 Armentsrio
1241 5378 1393 5452 potensest
1415 5377 1490 5448 aad,
1514 5378 1569 5436 wic
1586 5378 1712 5437 Rubras
1735 5378 1754 5438 1.
1771 5396 1794 5438 c.
1811 5381 1876 5440 230
1899 5379 2037 5450 bomaio,
2060 5379 2149 5437 sebon

603 5500 645 5541 sa
665 5483 766 5542 seincr
783 5483 848 5542 Zeit
864 5480 975 5560 (1590)
1001 5480 1064 5554 fast
1076 5499 1156 5555 pons
1177 5479 1333 5561 versatim,
1356 5483 1435 5541 eoiret
1450 5483 1484 5540 io
1505 5481 1607 5540 bana
1621 5481 1675 5540 der
1692 5481 1805 5541 altercer
1820 5483 2149 5555 Besitsbestbts'puaqca

604 5583 660 5657 sttr
682 5586 731 5646 die
752 5586 865 5644 Kirchc
886 5602 943 5644 oca
964 5586 1111 5645 Ravenna
1133 5587 1277 5644 crwcttat.
1305 5585 1366 5644 Dic
1380 5584 1467 5645 Dicte
1489 5585 1542 5643 der
1556 5584 1713 5644 Bistttmer
1731 5583 1827 5659 qrcift
1845 5602 1937 5659 pepon
1953 5583 2054 5645 Sstdea
2076 5586 2150 5644 atter

604 5689 660 5748 desc
682 5692 715 5749 ia
738 5690 791 5750 der
812 5688 903 5749 Belle
918 5690 1073 5748 Honorias
1087 5687 1124 5748 Il
1139 5686 1237 5766 (rapo
1250 5689 1324 5762 Res.
1339 5692 1423 5761 pont.
1438 5691 1469 5749 2.
1487 5687 1532 5750 cd.
1550 5686 1647 5766 7233)
1671 5688 1736 5747 aad
1750 5688 1839 5748 solbet
1861 5691 1895 5747 ia
1910 5689 1963 5748 der
1977 5688 2150 5762 Fulscbunq

577 5873 636 5930 sto.
656 5877 682 5943 c)
699 5891 729 5929 er
749 5878 816 5929 ovat
828 5890 881 5929 aas
899 5875 956 5931 VU.
1026 5877 1053 5943 d)
1070 5875 1102 5929 ia
1119 5874 1176 5930 Vu.
1190 5874 1228 5928 11
1236 5875 1380 5926 Bernerins
1450 5875 1475 5939 e)
1494 5873 1526 5926 ie
1542 5872 1599 5929 VU.
1613 5873 1634 5927 I
1641 5875 1770 5926 Artoinne
1788 5874 1850 5928 aad
1868 5874 1939 5928 aocb
1955 5873 2150 5940 1111101111,

656 5946 688 5998 ia
704 5946 729 5998 V
755 5985 761 5998 .
775 5945 809 5999 11
821 5947 954 5998 Aldoinos
971 5945 1033 5998 aad
1045 5946 1175 5997 Aldoneis
1244 5943 1344 6009 flbicr
1355 5942 1417 5997 aad
1435 5942 1548 5998 beiden
1565 5941 1664 5998 beiden
1682 5945 1807 5998 cecam
1821 5943 1931 5998 Nomen
1948 5943 2064 6014 peltant
2082 5961 2151 6010 com,

446 6013 480 6063 45
657 6013 727 6068 decb
743 6031 801 6068 aar
819 6031 909 6066 comes
927 6013 1102 6083 sustulisset,
1119 6012 1256 6068 ochema
1272 6012 1373 6080 strider
1391 6015 1422 6066 in
1438 6029 1498 6066 com
1516 6033 1550 6060 =
1567 6016 1596 6064 in
1614 6017 1751 6068 comitstn

544 6118 785 6170 Kniserurknnden
806 6118 829 6169 Ι.
1948 6119 1982 6168 00
