5642 7159
748 760 792 826 90
1352 764 1793 826 sitsuccessurum

749 971 863 1017 cessus
887 948 1015 1015 diberet
1036 950 1207 1035 possedire
1236 960 1269 1015 et
1291 950 1479 1017 domenare.
1524 951 1621 1018 Unde
1644 962 1677 1017 et
1704 953 1778 1038 ipsa
1799 955 2015 1038 precepcione
2045 950 2293 1039 suprascriptoi’
2317 974 2394 1036 rege

750 1077 785 1119 se
808 1077 850 1119 ex
874 1052 982 1137 [Ιιοο]ο
1004 1075 1063 1139 pro
1086 1054 1239 1120 manibus
1264 1055 1356 1120 abire
1380 1055 1534 1121 adfirmat
1567 1065 1600 1120 et
1622 1057 1692 1141 ipse
1715 1054 1893 1121 beneficius
1918 1077 2096 1121 concessus
2120 1056 2161 1122 de
2184 1079 2223 1121 eo
2248 1066 2394 1143 tempore

749 1182 853 1246 usque
875 1155 983 1224 nunc‘¹
1004 1158 1126 1223 viditur
1160 1181 1232 1224 esse
1255 1170 1487 1242 conservatus;
1525 1158 1583 1225 sed
1606 1182 1666 1246 pro
1695 1162 1824 1243 integra
1851 1160 2004 1224 firmitate
2033 1159 2137 1245 pediit
2164 1160 2394 1225 celsitudinem

749 1266 863 1347 nostri,
889 1274 924 1329 ut
946 1263 1009 1329 hoc
1031 1263 1114 1329 inid
1137 1266 1209 1350 ipso
1226 1262 1423 1329 Herlafredo
1447 1263 1570 1329 abbate
1585 1263 1652 1328 aud
1674 1265 1888 1329 monastiriae
1913 1286 1992 1328 suae
2016 1264 2067 1328 vel
2091 1286 2301 1330 successores
2317 1288 2395 1330 suos

748 1389 808 1455 pro
832 1376 981 1434 nostrum
1004 1377 1194 1454 preceptum
1217 1368 1261 1433 ad
1284 1367 1500 1433 luminaribus
1523 1367 1684 1432 aeclesiae
1708 1370 1815 1433 sancti
1831 1368 1919 1433 Petri
1941 1378 1975 1432 et
1999 1370 2105 1434 sancti
2122 1369 2249 1435 Mariae
2272 1369 2394 1455 plinius
2416 1384 2430 1432 t

749 1475 781 1538 in
805 1473 857 1539 dei
879 1494 998 1538 nomen
1022 1474 1224 1558 confirmare
1240 1472 1429 1538 diberimus.
1466 1471 1569 1537 Cuius
1592 1472 1765 1558 pedicione
1787 1472 1969 1559 gradante·
1996 1475 2107 1538 animo
2131 1476 2179 1538 ita
2201 1474 2396 1560 prestetisse

748 1577 838 1641 etin
861 1577 1010 1642 omnibus
1036 1577 1249 1641 confirmasse
1273 1580 1475 1662 cognuscite.
1500 1576 1717 1661 Precipientis
1740 1578 1836 1659 enim,
1860 1586 1905 1657 ut,
1930 1578 2014 1641 sicut
2037 1574 2184 1643 eonstst¹
2205 1578 2348 1643 domnus
2365 1587 2397 1641 et

748 1691 977 1767 paternoster
1009 1683 1138 1767 integra
1160 1682 1383 1747 emmunitatis
1420 1681 1644 1765 suprascripto
1668 1678 1799 1763 abbate,
1836 1681 1922 1745 sicut
1952 1683 2102 1766 superius
2129 1680 2285 1767 loquitur,
2320 1702 2395 1745 con-

749 1786 905 1851 cessisset
913 1794 936 1868 Β,
960 1794 996 1849 ut
1011 1785 1121 1850 nullus
1145 1785 1245 1850 iudex
1262 1783 1414 1869 poblicus
1438 1783 1549 1849 adres
1572 1784 1624 1849 vel
1640 1784 1811 1850 facultatis
1834 1786 1940 1870 ipsius
1956 1784 2079 1850 abbate
2095 1786 2160 1850 aud
2175 1786 2397 1850 monasteriae

749 1911 838 1971 suae,
873 1889 1029 1975 quicquid
1062 1898 1215 1975 presente
1249 1897 1396 1973 tempore
1424 1888 1595 1973 possedire
1628 1888 1679 1953 vel
1710 1889 1888 1954 domenare
1922 1890 1987 1955 aud
2015 1890 2103 1975 quod
2137 1890 2245 1955 adbuc
2268 1892 2395 1956 inantia
2419 1908 2447 1956 ro

749 1990 871 2057 addere
894 1992 946 2057 vel
974 1992 1179 2058 inmeliorare
1207 1993 1351 2077 potuerit
1380 1993 1448 2057 aud
1481 1992 1603 2057 ibidem
1626 1991 1776 2057 additum
1806 1991 1858 2057 vel
1893 1992 2060 2057 conlatum
2083 1993 2191 2075 fuerit,
2227 2002 2264 2058 ut
2286 1993 2396 2069 nullus

748 2096 849 2162 iudex
873 2097 1023 2183 poblious
1044 2120 1105 2162 nec
1128 2098 1172 2163 ad
1194 2118 1314 2163 causas
1338 2096 1536 2162 audiendum
1570 2117 1631 2160 uec
1655 2095 1767 2160 tulneo
1802 2094 2018 2182 prindendum
2047 2120 2107 2161 nec
2130 2097 2174 2162 ad
2202 2097 2296 2162 freda
2321 2121 2397 2162 exe·

749 2202 891 2289 gendum
914 2226 974 2268 nec
997 2205 1186 2269 mansiones
1208 2203 1274 2268 aud
1298 2212 1434 2288 paratas
1458 2199 1645 2266 faciendum
1667 2224 1729 2266 nec
1750 2200 1942 2266 fideiusores
1967 2200 2009 2265 ad
2032 2200 2180 2266 homines
2202 2203 2307 2286 ipsius
2328 2223 2395 2265 mo·

750 2307 906 2370 nastiriae
928 2306 981 2371 vel
1005 2309 1060 2391 qui
1084 2327 1182 2392 super
1198 2316 1302 2371 terras
1326 2327 1438 2370 eorum
1455 2314 1654 2369 conmanent
1676 2303 1858 2369 tollendum
1874 2326 1935 2368 nec
1957 2304 2048 2369 nulla
2064 2303 2275 2369 redibucione
2290 2308 2395 2391 requi·

749 2411 887 2476 rendum
910 2433 972 2477 nec
996 2411 1219 2476 exactandum
1247 2410 1420 2473 iudiciaria
1444 2418 1592 2493 potestas
1627 2408 1790 2493 ingredire
1813 2431 1879 2473 non
1908 2408 2035 2474 diberet
2058 2419 2090 2487 et
2117 2410 2158 2474 de
2182 2432 2220 2473 eo
2248 2418 2395 2495 tempore
2420 2428 2447 2474 lo

751 2536 855 2599 usque
878 2536 965 2578 nuno
988 2514 1052 2599 ipsi
1076 2513 1248 2579 benificius
1272 2534 1449 2577 concessus
1473 2513 1561 2576 circa
1584 2513 1687 2597 ipsius
1712 2511 1833 2576 abbate
1857 2512 2053 2577 Herlafredo
2078 2535 2151 2577 esse
2174 2513 2297 2578 viditur
2321 2534 2395 2577 con-

752 2627 912 2700 servatus,
947 2619 994 2682 ita
1016 2627 1049 2681 et
1076 2617 1203 2682 inantia
1235 2617 1385 2701 inspecta
1412 2616 1464 2679 vel
1499 2625 1607 2680 stante
1630 2616 1704 2701 ipsa
1730 2617 1954 2701 precepcione,
1990 2618 2075 2680 sicut
2103 2639 2162 2702 pro
2197 2617 2313 2681 eadem
2336 2639 2395 2702 pro

752 2729 900 2785 nostrum
922 2730 1112 2806 preceptum
1136 2719 1258 2806 plinius
1281 2722 1314 2783 in
1339 2719 1392 2784 dei
1416 2741 1534 2784 nomen
1558 2719 1796 2801 confirmatum,
1827 2720 1889 2804 ipsi
1913 2718 2083 2783 benificius
2107 2740 2284 2784 concessus
2307 2722 2396 2785 circa

750 2825 853 2909 ipsius
877 2822 999 2889 abbate
1022 2824 1089 2888 aud
1110 2833 1205 2909 parte
1228 2824 1440 2889 monastiriae
1457 2846 1536 2888 suae
1558 2821 1611 2887 vel
1628 2845 1836 2888 successores
1860 2846 1938 2888 suos
1954 2823 2058 2889 valiat
2080 2847 2153 2889 esse
2169 2835 2395 2889 conservatus.

744 2927 791 2994 Ut
814 2927 951 2993 ethaeo
973 2926 1146 3012 precepcio
1170 2927 1295 2993 firmior
1317 2926 1458 3009 abiatur‚
1488 2950 1606 2993 manus
1630 2937 1743 2993 nostra
1766 2929 2026 3013 supscripcionis
2050 2928 2163 2994 subter
2186 2951 2259 2994 eam
2284 2928 2393 2994 decre·
2416 2944 2446 2993 ao

745 3030 852 3097 vimus
875 3030 1041 3097 roborare.

844 3189 964 3254 Actum
987 3198 1038 3253 est
1060 3186 1262 3255 Uuarmacia
1285 3190 1420 3254 civitate
1444 3188 1577 3274 poblici.

845 3330 911 3405 (M.)
938 3325 1077 3392 Carolus
1100 3349 1160 3392 rex
1184 3326 1276 3410 (su).

846 3481 971 3546 Datum
986 3483 1073 3569 quod
1090 3484 1169 3549 feeit
1190 3485 1304 3549 minsis
1321 3482 1435 3569 aprilis
1459 3481 1529 3547 dies
1545 3482 1663 3547 undice
1686 3483 1720 3547 in
1736 3503 1823 3546 anno
1839 3480 1941 3546 tercio
1957 3491 2116 3565 regnante
2132 3481 2254 3546 domno
2278 3490 2392 3546 nostro

744 3585 980 3672 gloriosissimo
1004 3584 1125 3652 Carolo
1148 3609 1240 3674 rege3
1264 3588 1298 3652 in
1321 3586 1373 3652 dei
1396 3609 1516 3651 nomen
1539 3584 1710 3652 feliciterh.
2411 3598 2442 3648 ao

1541 3914 1601 3987 62.
1661 3912 1664 3917 ’

744 4088 839 4159 Kurt
857 4088 921 4159 der
943 4083 1070 4157 Grosse
1097 4086 1224 4157 uimmt
1250 4088 1315 4159 ctos
1335 4088 1480 4160 Ktoster
1506 4090 1562 4161 St.
1595 4089 1749 4161 Uolcis
1774 4092 1813 4163 in
1839 4092 1957 4163 seioco
1983 4089 2109 4163 Sobata
2134 4092 2210 4163 eod
2236 4090 2395 4181 bestdtipt

747 4210 803 4281 dic
828 4209 1050 4280 Immwoitc'r't.

1954 4316 2161 4375 Volcaciermes
2185 4320 2245 4376 771
2271 4316 2353 4380 Joti.

850 4499 1005 4573 Abscbrift
1034 4501 1084 4560 des
1116 4503 1165 4563 17.
1190 4501 1242 4563 Js.
1276 4501 1343 4581 (ooo
1365 4502 1540 4580 Doctum),
1573 4504 1676 4564 Fenus
1704 4504 1826 4563 Boodot
1852 4508 1871 4564 6
1898 4504 1921 4577 f.
1947 4507 1986 4566 41
2017 4508 2051 4564 in
2079 4506 2132 4565 der
2158 4506 2326 4565 Bibliothett
2354 4525 2395 4564 eo
2416 4520 2448 4570 tc

850 4606 943 4679 Dijos
967 4603 1031 4684 (Β).
1056 4638 1096 4647 -
1119 4605 1277 4678 Abscbrift
1298 4624 1354 4666 oon
1376 4609 1461 4666 1709
1485 4608 1565 4667 eina
1590 4607 1766 4666 Otortulors
1788 4625 1844 4666 oon
1865 4610 1980 4683 8631).
2008 4612 2046 4667 11
2074 4612 2117 4667 im
2139 4610 2337 4668 Priootbesits
2357 4628 2399 4667 ro

850 4708 893 4770 St.
919 4708 1018 4769 Calais
1042 4706 1104 4789 (0).

845 4848 946 4905 ‘Habet
973 4848 1130 4924 questions
1153 4846 1265 4909 Μόνον.
1290 4850 1341 4909 IV
1358 4851 1391 4907 in
1414 4848 1494 4909 Bibt.
1520 4849 1556 4907 de
1578 4837 1687 4908 l’Eeole
1708 4849 1758 4908 des
1783 4851 1897 4909 chortes
1919 4854 1970 4919 48,
1993 4854 2058 4912 226
2079 4858 2115 4909 n⁰
2130 4855 2179 4920 11,
2217 4849 2344 4910 Oeoorcs
2367 4856 2396 4920 1,

852 4955 915 5011 171
931 4957 966 5009 n⁰
981 4956 1018 5010 11
1037 4969 1094 5011 aas
1112 4952 1143 5011 0.
1160 4984 1202 4996 —
1218 4953 1332 5025 Fropcr
1349 4950 1429 5012 Cart.
1446 4952 1482 5010 de
1498 4952 1542 5013 st.
1561 4951 1661 5012 Calais
1678 4957 1718 5013 18
1733 4970 1790 5012 oca
1808 4952 1838 5012 0.
1857 4987 1897 4996 -
1915 4954 2108 5013 Mohtbocber
2124 4956 2196 5028 Rey.
2214 4958 2275 5013 141
2296 4953 2398 5032 (138).

858 5108 980 5181 Vortope
996 5108 1043 5166 die
1065 5108 1206 5168 Urtconde
1222 5110 1352 5182 Pipps'os
1371 5115 1406 5167 η’)
1426 5113 1477 5169 14.
1494 5110 1558 5167 Der
1572 5110 1669 5169 Nome
1691 5110 1742 5169 dea
1757 5111 2008 5184 Recoynoscenteo
2030 5114 2069 5171 ist
2092 5130 2148 5171 oos
2164 5113 2314 5172 Hitherius
2336 5130 2399 5171 ocr-
2420 5122 2452 5169 st

828 5204 830 5209 ’
854 5211 946 5271 derbt.
972 5213 1081 5271 Havete
1103 5212 1272 5285 Folperursy
1295 5230 1351 5271 uos
1375 5213 1471 5271 dieser
1498 5213 1648 5283 Urkonde
1674 5215 1828 5290 Qosstions
1851 5214 1961 5275 Μάνου.
1985 5217 2037 5274 IV
2054 5217 2074 5277 l.
2098 5234 2121 5277 e.
2146 5218 2197 5287 47,
2226 5216 2351 5275 Oeoores
2367 5221 2397 5285 1,

852 5316 926 5384 143,
962 5316 1031 5375 dass
1059 5316 1153 5374 Karta
1181 5316 1361 5389 Vermdtunp
1389 5319 1444 5375 mit
1471 5320 1570 5375 seioer
1595 5319 1717 5375 eweden
1743 5318 1883 5377 Gernols'o
1904 5318 2072 5393 Hildepurd
2100 5321 2188 5379 schoa
2211 5324 2284 5389 770,
2318 5320 2399 5378 nicht

853 5421 921 5487 crst,
958 5420 1012 5476 wie
1040 5419 1088 5476 die
1112 5420 1232 5495 Quoties
1260 5421 1416 5491 berichteo,
1452 5425 1512 5481 771
1538 5420 1760 5494 stottpefonden
1783 5424 1865 5493 habe,
1901 5424 2026 5482 datter
2054 5426 2142 5482 sehon
2164 5424 2257 5482 Karta
2280 5424 2401 5482 attester

850 5520 1080 5594 pleicboumiper
1094 5522 1173 5580 Soka
1196 5524 1326 5581 crwr'r'tmt
1350 5524 1455 5594 werde,
1479 5525 1556 5582 wird
1579 5525 1714 5582 dodurch
1735 5525 1887 5599 hinsdltip,
1911 5527 1981 5587 dass
2005 5529 2051 5585 die
2072 5528 2213 5587 ortonae
2235 5546 2296 5585 nor
2311 5531 2400 5584 scort-

854 5623 924 5680 liobe
947 5624 1010 5681 wod
1031 5625 1232 5684 morbositate
1254 5625 1481 5699 Wiederbotsmq
1503 5628 1584 5685 ihrer
1601 5628 1722 5701 Vortope
1744 5630 1792 5699 ist,
1819 5631 2048 5705 Mittbeitrmqen
2071 5632 2121 5691 des
2143 5633 2283 5690 Instituta
2301 5630 2326 5702 f.
2343 5634 2398 5689 cst.
2421 5640 2454 5689 40

858 5724 924 5785 01⁴³.
948 5730 979 5797 9,
1003 5730 1076 5787 488.

847 5909 888 5964 sl.
907 5912 935 5977 b)
953 5916 1141 5979 snprorcripto‚
1154 5930 1201 5981 pro
1213 5913 1328 5984 petrirst
1340 5913 1367 5967 Β
1469 5914 1493 5980 c)
1511 5918 1627 5983 aptast
1638 5914 1711 5968 noct
1724 5914 1767 5969 M.
1783 5915 1816 5967 G.
1830 5915 1900 5968 DD.
1914 5915 2029 5969 Meroro.
2046 5920 2087 5979 74,
2099 5920 2136 5969 80
2153 5927 2186 5969 sev
2199 5919 2244 5982 84,
2261 5920 2299 5971 90
2375 5974 2378 5979 ,

906 5982 934 6047 d)
951 5982 1023 6033 hunc
1041 5981 1067 6034 B
1154 5984 1180 6049 e)
1197 5986 1336 6051 gradiente
1354 5983 1381 6036 B
1484 5985 1504 6046 t)
1522 5992 1663 6036 constante
1681 5985 1708 6036 B
1812 5987 1840 6051 g)
1859 5989 2035 6037 concessisset
2052 5985 2141 6052 (nicht
2159 5987 2337 6053 concessisse)
2353 6003 2402 6040 str-

906 6050 1071 6120 sprs'toplicb
1083 6052 1135 6120 opt.
1148 6064 1181 6105 πθ
1196 6057 1230 6105 59
1248 6053 1308 6106 uod
1322 6053 1363 6107 M.
1380 6054 1412 6106 G.
1427 6053 1495 6106 DD.
1509 6053 1624 6106 Meroe.
1644 6057 1689 6117 42,
1708 6056 1753 6118 52,
1765 6058 1809 6115 80,
1822 6058 1856 6107 81
1869 6068 1902 6106 n⁰
1917 6059 1962 6117 45,
1980 6058 2024 6117 68,
2038 6058 2082 6120 90,
2094 6060 2127 6108 91
2199 6056 2228 6121 h)
2246 6057 2353 6122 Eligins
2366 6055 2401 6109 B.
