5642 7159
1011 676 1130 736 KARL
1157 676 1244 737 DER
1267 676 1434 736 GROSSE
1457 672 1529 737 l'lO.
2045 670 2088 735 89

548 865 606 941 (0.)
629 863 820 929 Hitherius'
841 864 1034 949 recognovit
1055 866 1147 941 (SR).

548 1001 637 1065 Data
660 1024 772 1067 mense
788 1004 903 1067 martio
921 1024 1006 1067 anno
1022 1002 1167 1069 secundo
1185 1002 1275 1086 regni
1292 1003 1411 1082 nostri3
1435 1010 1545 1067 actum
1562 1000 1774 1065 Haristaliow
1797 1000 1922 1085 palatio
1938 998 2087 1086 publico;

445 1104 583 1169 feliciter
606 1127 712 1170 amen.

1242 1400 1303 1473 ol.

412 1556 536 1626 cKorl
563 1558 627 1628 der
650 1556 778 1629 Grosae
805 1557 961 1647 bestcitipi
987 1558 1074 1659 dem⁸
1092 1558 1236 1632 Klosier
1262 1558 1318 1631 st.
1346 1558 1483 1629 Maur
1509 1560 1581 1629 des
1606 1558 1764 1630 Fosee'e
1791 1559 1846 1630 die
1863 1558 2087 1629 lamonites.

1655 1696 1770 1757 νοω]
1792 1701 1854 1757 771
1880 1695 1970 1770 spese
1991 1698 2044 1756 11.

549 1888 691 1947 amaret
710 1888 910 1962 pleieleseite'pe
931 1886 1085 1959 Abacbra'ft
1107 1890 1151 1947 im
1172 1888 1420 1948 thr'onolarebiv
1440 1906 1481 1947 su
1503 1888 1593 1947 Paris
1616 1884 1681 1965 (Β).

550 2023 666 2097 Turdis
683 2025 767 2087 Mors.
791 2026 860 2085 bist.
884 2028 926 2085 56
947 2032 981 2085 n⁰
997 2028 1037 2085 69
1060 2044 1115 2085 sar
1138 2023 1231 2100 l’ore'p.
1258 2026 1323 2105 (B).
1346 2059 1388 2070 -
1412 2026 1608 2086 Mcblboeber
1629 2027 1702 2099 Rea.
1726 2027 1789 2085 140
1811 2022 1908 2102 (137).

546 2162 605 2220 Die
631 2161 825 2236 Oricinolitdt
847 2165 887 2223 ist
909 2164 1162 2238 suspectiorem:
1185 2166 1269 2224 boine
1291 2166 1495 2239 Reeopnition,
1520 2165 1574 2224 dae
1597 2165 1804 2239 Moaopramm
1827 2165 1876 2221 eia
1897 2162 2009 2231 Kreas,
2034 2159 2088 2219 dos

546 2266 875 2339 Reeopnitioasaeicben
906 2269 1003 2327 hintes
1031 2268 1083 2327 der
1105 2267 1304 2342 Sipnamseile
1331 2270 1380 2327 eia
1409 2271 1514 2327 wirrae
1543 2266 1746 2337 Gesebnbrlrel,
1781 2266 1830 2325 die
1851 2266 2005 2338 Datimnp
2026 2280 2090 2322 aer·

546 2372 660 2443 riarum·
680 2373 755 2430 swei
776 2377 862 2432 lem.
877 2354 1103 2432 ¹e'tberes'aoader
1125 2372 1255 2445 liepeade
1276 2372 1463 2431 Eiaselsaitte
1484 2374 1577 2431 seben
1599 2372 1664 2431 dem
1686 2370 1880 2431 Soblasswort
1892 2368 2005 2444 Eligius
2027 2366 2092 2426 aad

547 2477 595 2533 eia
610 2480 699 2535 etwas
722 2476 881 2536 danielem
895 2476 986 2535 Fleole
1008 2495 1060 2535 am
1082 2476 1227 2536 dieselbea
1250 2476 1346 2536 laesere
1367 2479 1527 2546 cermatea,
1553 2475 1623 2534 dese
1645 2476 1720 2533 mast
1742 2475 1791 2533 cire
1806 2472 1902 2547 Siepel
1923 2469 2091 2531 voriroadea

547 2596 619 2649 war,
654 2579 737 2639 donn
759 2598 823 2638 war
850 2580 899 2639 die
921 2578 1119 2655 Befestipuap
1148 2580 1297 2640 desselben
1319 2581 1383 2638 eine
1407 2597 1488 2653 porse
1514 2577 1722 2655 repelwidrr'pe.
1767 2576 1831 2637 Der
1854 2570 2091 2647 Schriftbestund

547 2682 611 2741 aad
633 2681 682 2741 die
704 2683 856 2743 Latinititt
878 2685 984 2743 weieea
1007 2684 1055 2743 die
1078 2682 1232 2756 Absolrrifl
1259 2685 1334 2743 norb
1361 2684 1427 2743 dem
1450 2687 1479 2744 8.
1504 2683 1556 2744 Js.
1580 2703 1630 2755 aa,
1666 2682 1721 2743 das
1748 2680 1952 2755 Valpltrlateia
1979 2677 2089 2737 mans

548 2786 624 2845 acob
645 2787 689 2844 im
711 2786 862 2845 einselnea
885 2788 1045 2847 Aasdraek
1067 2820 1109 2831 -
1131 2805 1163 2847 so
1186 2789 1281 2848 tulneo
1308 2811 1345 2839 =
1370 2788 1502 2849 theloneo
1536 2783 1848 2864 (Dorsualoafscbriit
1871 2784 1921 2843 des
1944 2787 1995 2844 10.
2020 2780 2090 2842 Jb..·

547 2890 734 2965 Praeceptum
758 2890 856 2950 Karcli
878 2890 1059 2967 imperatoris
1081 2894 1116 2952 de
1138 2891 1260 2952 teloneis
1289 2891 1343 2965 opi.
1368 2892 1445 2951 uach
1474 2893 1573 2952 Woitr
1600 2890 1663 2951 VG.
1686 2894 1717 2950 2.
1734 2889 1772 2950 A.
1789 2891 1818 2960 4,
1842 2892 1907 2948 313
1929 2888 1968 2947 N.
1993 2883 2026 2963 5)
2050 2917 2091 2927 -

546 2994 610 3051 aad
632 2996 666 3053 in
700 2995 753 3053 der
776 2992 991 3068 Ortboproplra‘e
1022 3013 1093 3054 sam
1115 2996 1208 3055 vollen
1230 2995 1401 3055 Ausdruck.
1430 3029 1464 3039 -
1492 2994 1552 3054 Die
1573 2994 1781 3053 ammittelbare
1808 2990 1939 3065 Vorlope,
1963 2989 2011 3048 die
2034 2988 2089 3049 Ur-

546 3098 646 3157 kaada
667 3099 805 3172 Pipps'as,
829 3100 870 3157 ist
891 3099 1039 3171 sertorem
1073 3100 1205 3158 erbalters
1226 3099 1266 3159 isi
1288 3116 1349 3157 aar
1371 3099 1420 3157 die
1442 3098 1806 3171 Immanitdtsoerleibwap
1834 3094 2015 3156 Obildeborte
2038 3090 2094 3150 111

546 3219 602 3261 ooo
624 3219 647 3263 c.
672 3206 743 3273 700,
768 3202 812 3262 M.
832 3201 868 3261 G.
885 3201 954 3263 DD.
973 3204 1093 3263 Merow.
1118 3206 1159 3263 64
1181 3209 1216 3262 a⁰
1230 3206 1280 3274 72,
1305 3204 1352 3261 die
1374 3222 1436 3262 aar
1453 3205 1608 3277 periapere
1621 3201 1778 3275 Ankldsspe
1800 3219 1841 3259 aa
1863 3200 1920 3258 ders
1942 3196 2091 3258 Wortlout

547 3306 642 3364 bietet.
666 3305 732 3365 Dae
754 3306 918 3364 Formalor
939 3308 979 3365 ist
999 3307 1073 3365 aeoli
1095 3306 1244 3366 daremus
1267 3309 1489 3380 merowinps'eeb
1510 3307 1564 3381 opt.
1588 3306 1636 3364 die
1661 3305 1825 3368 Urkaaden
1848 3302 2013 3375 Oblodroipe
2028 3299 2091 3369 ΠΙ,

549 3409 727 3482 Obilpmelas
749 3409 792 3468 II
808 3409 987 3487 (soiederbolt
1009 3411 1043 3469 in
1065 3410 1118 3469 der
1140 3411 1338 3485 Bestetpaap
1361 3410 1453 3491 Karia
1476 3410 1504 3469 d.
1532 3408 1585 3470 Gr.
1609 3415 1644 3467 n⁰
1662 3408 1725 3486 59),
1752 3407 1944 3470 lbeoderiebe
1967 3405 2018 3464 IV
2037 3401 2092 3476 fair

549 3513 590 3573 st.
615 3512 731 3584 Bestia,
761 3513 805 3572 M.
832 3513 869 3573 G.
893 3513 963 3574 DD.
988 3514 1108 3576 Merow.
1132 3516 1183 3585 52,
1214 3518 1265 3586 79,
1289 3519 1330 3575 80
1352 3522 1386 3573 n⁰
1401 3518 1452 3586 58,
1469 3518 1520 3586 90,
1544 3518 1596 3586 91,
1619 3516 1674 3574 soie
1696 3532 1726 3573 es
1747 3514 1781 3571 ia
1802 3510 1936 3571 amurca
1955 3508 2094 3583 pietatem
2201 3554 2205 3561 .

556 3617 705 3677 Wartloat
719 3618 795 3677 uach
810 3622 843 3676 ia
858 3618 988 3677 anderen
1003 3619 1424 3693 Immaaitdtsbestdtipanpen
1439 3620 1535 3678 dieser
1552 3619 1617 3679 Zeit
1633 3618 1775 3697 (Pipps'ae
1798 3615 1854 3689 far
1873 3613 1990 3675 Utrecbt
2012 3617 2047 3671 η]
2061 3613 2090 3682 5,

550 3719 605 3794 sar
621 3720 723 3781 Corbis
738 3728 772 3779 η]
785 3716 842 3804 29)
862 3722 996 3795 austritt.
1020 3724 1085 3782 Dos
1107 3722 1303 3783 Scblasswort
1328 3724 1440 3800 Eligius
1463 3724 1595 3784 tederet
1617 3723 1672 3781 wel
1693 3722 1798 3780 teiam
1813 3720 1942 3789 Numen,
1965 3715 2094 3776 eoadem

549 3827 589 3885 ist
611 3825 850 3885 wabrsebeialiob
872 3843 934 3886 aar
960 3827 1150 3901 Verderoaap
1173 3825 1229 3899 [τὶν
1250 3826 1379 3887 feliciter.
1415 3829 1507 3887 Ueber
1529 3828 1578 3886 die
1599 3827 1787 3899 Einreibaap
1810 3822 2003 3881 Mablbaeber
2025 3819 2045 3881 l.
2068 3836 2091 3878 o.

549 4015 606 4090 (0.)
628 4010 768 4078 Carolus
801 4035 862 4079 rex
893 4012 1097 4078 Francorum
1132 4014 1183 4077 vir
1210 4012 1357 4078 inluster.
1463 4014 1506 4079 Se
1534 4011 1591 4076 illa
1618 4008 1789 4091 beneficia,
1825 4006 1914 4093 quod
1948 4003 2092 4091 parentis

429 4118 550 4181 nostri
574 4138 687 4182 eorum
711 4116 864 4182 fidelibus
886 4116 941 4181 vel
966 4116 1193 4182 sacerdotibus
1216 4126 1438 4202 praeteterunt
1453 4117 1507 4181 vel
1530 4123 1775 4196 concesserunt,
1799 4134 1859 4198 pro
1881 4110 2005 4176 nostris
2021 4128 2092 4172 ora·

430 4221 528 4285 culis
551 4221 795 4298 confirmamus,
832 4220 964 4285 domino
988 4220 1219 4286 retributorem
1248 4220 1291 4287 ob
1314 4220 1377 4287 hoc
1405 4220 1520 4286 habire
1550 4219 1751 4285 confidemus
1776 4226 1809 4282 et
1831 4237 1888 4281 eos
1918 4214 1958 4280 de
1981 4213 2093 4299 gracia

432 4332 560 4389 nostra
595 4323 736 4389 fideliter
768 4323 971 4389 adortamus.
1015 4325 1121 4408 Igitur
1154 4323 1354 4389 venerabilis
1389 4326 1440 4388 vir
1469 4322 1686 4389 Herlafredus
1715 4319 1804 4386 abba
1828 4319 1868 4385 de
1897 4319 2092 4383 monastirio

362 4404 400 4459 ³⁰
434 4413 599 4509 Fossato,
625 4429 679 4512 qui
703 4427 803 4491 estin
818 4425 942 4491 honore
966 4429 1071 4492 sancti
1088 4429 1175 4493 Petri
1200 4437 1232 4493 et
1255 4430 1360 4493 sancti
1377 4428 1505 4493 Mariae
1528 4427 1580 4492 vel
1596 4429 1772 4492 citerorum
1789 4434 1977 4489 sanctorum
1996 4443 2093 4507 super

440 4522 580 4595 fluvium
604 4529 754 4594 Materna
782 4532 815 4595 in
844 4551 931 4617 pago
956 4532 1125 4597 Parisiaco
1155 4540 1373 4613 constructus,
1409 4531 1465 4596 ubi
1493 4533 1563 4617 ipse
1595 4530 1781 4595 abbacum
1815 4536 1924 4593 turma
1953 4525 2093 4612 plurima

449 4635 505 4700 sub
530 4644 647 4700 sancta
669 4634 785 4718 regula
808 4636 918 4700 vivere
942 4635 994 4701 vel
1018 4657 1215 4701 conversare
1238 4634 1369 4717 viditur,
1393 4635 1586 4700 climenciae
1601 4636 1692 4720 regui
1715 4634 1820 4698 nostri
1836 4630 1996 4696 credidit·
2018 4650 2093 4713 sug·

451 4738 635 4820 gerendum,
671 4758 709 4802 eo
734 4737 823 4823 quod
847 4736 987 4803 domnus
1010 4748 1042 4803 et
1065 4748 1158 4824 pater
1185 4749 1297 4805 noster
1321 4739 1459 4823 Pipinus
1483 4738 1648 4823 quondam
1680 4760 1738 4802 rex
1763 4738 1891 4821 integra
1913 4735 2093 4800 emunitate

454 4837 486 4905 de
509 4862 623 4906 omnes
647 4841 745 4905 villas
768 4840 822 4905 vel
839 4842 940 4905 curtis
964 4844 1066 4926 ipsius
1082 4844 1273 4908 monasterii
1298 4844 1348 4907 sui
1367 4844 1400 4906 in
1425 4841 1732 4928 quascumquelibet
1747 4863 1854 4927 pagus
1876 4849 1976 4924 atque
1991 4849 2092 4903 terra·

369 4922 420 4982 ³⁵
455 4946 551 5025 iuriis,
576 4944 732 5031 quicquid
766 4954 919 5030 presente
942 4946 1099 5031 temporie
1134 4946 1328 5031 possidebat
1351 4946 1418 5011 aud
1446 4946 1554 5011 adhuc
1578 4948 1704 5011 inantia
1734 4945 1856 5010 ibidem
1887 4943 2038 5009 additum
2060 4950 2094 5004 et

454 5049 614 5113 conlatum
648 5050 757 5129 fuerit,
782 5049 1010 5130 concessisset,
1044 5058 1080 5114 ut
1102 5049 1210 5113 nullus
1238 5049 1338 5115 iudex
1371 5049 1523 5135 poblicus
1553 5049 1595 5114 ad
1628 5071 1680 5115 res
1709 5048 1761 5114 vel
1790 5047 1958 5113 facultatis
1988 5046 2093 5131 ipsius

453 5150 567 5217 abbate
591 5151 644 5217 vel
665 5154 887 5217 monasteriae
923 5174 1002 5217 suae
1025 5175 1085 5218 nec
1121 5153 1162 5218 ad
1186 5176 1304 5219 causes
1327 5154 1527 5220 audiendum
1561 5176 1621 5218 uec
1650 5153 1762 5219 tulneo
1792 5152 2009 5239 prindendum
2032 5170 2093 5215 nec

453 5254 490 5320 ad
512 5253 600 5321 frida
622 5255 821 5342 exigendum
844 5278 904 5320 neo
928 5257 1114 5321 mansiones
1139 5256 1204 5322 aud
1227 5266 1362 5342 paratas
1384 5257 1571 5322 faciendum
1594 5280 1654 5322 nec
1671 5256 1856 5322 fideiusoris
1880 5255 2025 5321 tollendo
2049 5252 2091 5317 ad

452 5356 587 5424 hominis
611 5381 699 5440 suos,
723 5368 792 5424 tam
814 5360 974 5443 ingenuos
998 5381 1096 5445 quam
1121 5370 1153 5425 et
1182 5382 1296 5425 servos
1320 5360 1372 5425 vel
1400 5363 1454 5447 qui
1480 5385 1578 5447 super
1607 5372 1693 5428 terra
1715 5362 1820 5448 ipsius
1850 5360 1982 5426 abbatis
2006 5379 2092 5424 com·

384 5450 431 5513 *ὓ
454 5465 573 5528 mauire
595 5461 729 5542 viditur,
753 5461 932 5526 tollendum
955 5484 1017 5527 nec
1042 5462 1131 5527 nulla
1158 5463 1367 5529 redibucione
1401 5465 1639 5550 requerendum
1670 5485 1731 5531 uec
1760 5464 1983 5530 exactandum
2011 5461 2090 5527 inibi

451 5566 618 5631 iudiciaria
640 5574 789 5652 potestas
818 5566 979 5652 ingredire
1003 5587 1068 5630 non
1097 5564 1226 5647 diberit,
1260 5567 1322 5630 nisi
1352 5569 1416 5652 ipsi
1441 5567 1655 5632 Herlafredus
1683 5566 1772 5632 abba
1795 5567 1861 5632 aud
1889 5568 2092 5633 successoris

453 5671 498 5734 sui
522 5692 635 5735 omues
658 5692 711 5735 ree
734 5670 786 5735 vel
819 5670 987 5735 facultatis
1010 5690 1122 5735 eorum
1148 5670 1208 5736 sub
1243 5671 1467 5735 emmanitatis
1490 5692 1609 5737 nomen
1638 5692 1713 5736 cum
1738 5692 1851 5736 omues
1883 5671 1992 5737 bedas
2015 5692 2091 5736 con·

543 5856 584 5913 to.
602 5859 630 5925 r)
647 5860 729 5910 Hitco
747 5856 782 5925 B,
801 5859 881 5910 Hitro
899 5856 962 5921 EF,
982 5857 1103 5912 HiterO
1204 5859 1239 5925 w)
1256 5858 1404 5911 Haristallo
1425 5855 1452 5911 0.

543 5970 585 6024 bl.
603 5973 630 6039 a)
646 5971 732 6023 credit
749 5968 784 6034 Β,
803 5968 941 6024 mordet
957 5971 1031 6025 soca
1047 5982 1081 6024 „o
1095 5972 1133 6025 95

492 6074 729 6128 Kaiserurlruusieu
743 6074 766 6125 Ι.
