5642 7159
1213 768 1649 830 ullsuuuuuuuuuu.

713 959 815 1032 tassio,
838 957 908 1018 dass
923 973 956 1017 εν
972 954 1029 1029 fur
1049 955 1369 1030 die-Teatesteltanq
1391 973 1447 1016 oon
1461 963 1496 1016 νο
1508 957 1574 1019 274
1596 956 1690 1030 uenio
1712 957 1746 1014 in
1761 955 1903 1018 Batracht
1920 955 2045 1028 tornmt,
2072 953 2157 1014 doch
2182 955 2299 1028 εείεενι

712 1065 760 1123 die
774 1062 1011 1136 Abwciolranoen
1033 1063 1076 1119 im
1101 1061 1177 1121 Titel
1190 1060 1284 1120 Korls
1306 1061 1371 1119 aad
1392 1063 1427 1120 in
1449 1061 1505 1120 dea
1525 1061 1773 1134 Untersclsristea,
1797 1062 1868 1121 dass
1890 1061 1924 1120 in
1946 1060 1999 1120 der
2022 1060 2152 1119 litteren
2176 1059 2298 1120 Uesa-

712 1166 871 1240 lioforsmq,
895 1166 962 1224 dem
979 1166 1157 1225 Tronssumt
1179 1167 1335 1226 von1369
1358 1165 1423 1224 aad
1437 1166 1475 1236 Β,
1500 1165 1555 1226 dae
1571 1166 1689 1226 destruit
1711 1165 1866 1238 auciacus
1884 1165 1977 1226 dieses
1992 1161 2298 1237 rurookaeufttlrren

711 1274 777 1332 seia
798 1271 884 1343 wird,
909 1271 986 1330 heim
1003 1270 1078 1330 tutet
1099 1272 1164 1329 cine
1186 1270 1421 1345 Veraneehtuno,
1446 1273 1490 1331 bei
1511 1271 1569 1331 dees
1589 1270 1827 1342 Uaterschristeo
1850 1272 1912 1330 eine
1926 1269 2164 1344 Interpoluts'on
2191 1268 2298 1328 durch

713 1374 898 1449 Einfityunq
920 1373 973 1434 der
994 1374 1273 1435 suburbicarischers
1287 1373 1438 1448 Bisolrtfe,
1462 1375 1632 1450 durchweys
1649 1375 1786 1450 tinpirter
1800 1376 1927 1447 Nomen,
1950 1373 2202 1448 stottyefanders
2225 1374 2294 1432 hat.
2319 1385 2337 1434 5

717 1482 812 1542 Uelrcr
832 1480 982 1554 ἀενανεὶρε
1001 1479 1167 1540 Urhundcrs
1189 1477 1251 1551 aas
1263 1479 1327 1539 Ere
1342 1478 1407 1537 aad
1423 1478 1508 1541 Staio
1524 1479 1715 1540 Wattcnbuoh
1737 1477 1948 1552 Schriftwesen
1969 1483 2000 1540 3.
2017 1479 2058 1539 A.
2077 1482 2136 1551 44,
2165 1480 2297 1538 weitera

712 1583 863 1658 Beispiete
890 1583 972 1645 Har.
1000 1583 1141 1643 Zcitschr.
1164 1583 1204 1643 N.
1228 1584 1266 1645 F.
1291 1585 1332 1644 50
1362 1581 1485 1661 (1901),
1514 1585 1589 1654 295,
1628 1583 1750 1662 Qacllen
1777 1584 1842 1643 aad
1870 1583 2088 1658 Forschunyerr
2119 1600 2188 1644 aus
2221 1581 2295 1642 etat.

712 1687 992 1751 Arch.undBibl.
1017 1688 1500 1761 te.oompreose.1nstitattn
1521 1688 1599 1748 Rom
1622 1692 1642 1748 4
1666 1686 1787 1766 (1901),
1811 1691 1885 1749 167.
1920 1721 1959 1732 -
1990 1688 2148 1762 Plumpes
2175 1687 2295 1746 Mach-

711 1792 790 1852 werle
811 1793 886 1852 olene
900 1793 979 1851 echte
998 1791 1120 1865 Vorlaqe
1142 1792 1197 1850 mit
1214 1791 1280 1850 dem
1295 1790 1427 1864 Straton,
1450 1793 1513 1852 sich
1528 1792 1669 1851 Formela
1693 1792 1744 1852 cles
1762 1793 1950 1866 perpetuatae
1964 1791 2119 1866 Prioilcqs
2145 1793 2295 1851 natatur

710 1916 752 1957 eu
766 1897 898 1958 machere.
921 1895 982 1955 Die
997 1895 1107 1955 Stellae
1120 1895 1195 1954 uber
1209 1895 1257 1954 die
1267 1895 1428 1955 memoror
1442 1913 1506 1954 vom
1522 1895 1666 1956 Interdict
1684 1893 1750 1974 (apt.
1763 1895 1929 1955 Hinsehias
1941 1895 2168 1955 Ktrohenrccht
2183 1898 2216 1966 5,
2228 1891 2292 1971 24)
2319 1908 2352 1957 ιο

711 2002 776 2061 aad
804 2001 862 2060 deo
883 1999 1040 2074 hhnpfanq
1062 1999 1116 2060 der
1144 2000 1265 2061 Writers
1292 2016 1354 2058 nar
1381 1999 1475 2058 darete
1505 2001 1591 2059 einen
1614 2000 1823 2071 ‚katholischea
1844 1996 1982 2072 Bisctol‘
2005 2001 2171 2071 heweiaen,
2211 2000 2290 2059 dass

711 2107 760 2165 die
783 2105 955 2179 Fttlschsmo
976 2107 1056 2164 nicht
1078 2122 1131 2165 εον
1153 2104 1206 2164 der
1227 2105 1350 2164 eweiters
1372 2102 1482 2176 Htlftc
1505 2104 1575 2164 oder
1596 2105 1736 2164 vielmelrr
1757 2105 1845 2165 Ενιάε
1867 2105 1916 2164 oles
1939 2110 1991 2165 11.
2008 2104 2063 2165 Jlr.
2090 2105 2290 2164 mastauron

711 2213 770 2282 ist,·
792 2210 833 2269 du
848 2212 898 2269 ein
918 2211 1077 2271 romisctee
1092 2210 1215 2270 Kloster
1235 2210 1329 2268 taum
1342 2209 1418 2267 noch
1439 2210 1482 2266 tm
1497 2213 1549 2269 13.
1567 2208 1631 2283 Jh,
1654 2211 1728 2269 noch
1743 2211 1870 2283 weniqer
1890 2211 1924 2268 in
1939 2211 1992 2268 der
2006 2209 2290 2282 aachstaufischers

714 2314 782 2374 Zeit
809 2316 858 2374 ein
885 2312 1053 2386 Beda'trfm's
1082 2315 1161 2373 totta
1193 2314 1256 2374 sich
1283 2312 1349 2371 aad
1376 2314 1479 2372 acinon
1506 2313 1610 2372 Besits
1636 2314 1713 2374 auch
1740 2316 1774 2373 in
1801 2314 1858 2373 dea
1885 2313 1995 2375 Schuts
2022 2314 2074 2374 des
2105 2315 2288 2374 Romanum

713 2418 862 2496 imparium
883 2436 924 2479 eu
946 2419 1057 2490 stetten,
1081 2419 1173 2492 eryiht
1195 2418 1257 2477 sich
1280 2417 1326 2477 als
1349 2417 1605 2479 wutrsoheirsliclra
1628 2419 1889 2494 Entstelronyseeit
1911 2419 1966 2478 das
1990 2421 2041 2479 12.
2067 2418 2149 2492 Jh.,·
2183 2419 2289 2478 de‘eses
2313 2434 2347 2480 15

711 2524 767 2583 suh
789 2525 866 2583 auch
884 2541 984 2598 oenoe
1005 2521 1139 2597 Kampsa
1160 2540 1213 2582 εον
1233 2523 1321 2582 Rom.

714 2715 771 2795 (c.)
794 2714 833 2780 In
856 2712 986 2778 nomine
1009 2711 1153 2776 domini·
1176 2711 1229 2776 dei
1253 2710 1428 2794 salvatoris
1457 2712 1560 2777 nostri
1582 2711 1659 2777 Iesu
1682 2707 1816 2777 Christi.
1854 2711 1923 2776 Leo
1948 2711 2131 2797 episcopus
2159 2733 2288 2777 servus

610 2840 779 2884 servorum
802 2817 854 2882 dei
877 2825 910 2882 et
925 2814 1067 2882 Carolus
1089 2838 1230 2901 magnus
1255 2826 1287 2881 et
1309 2818 1383 2902 pins
1405 2814 1501 2884 rexb.
1605 2815 1680 2880 Hac
1696 2813 1748 2880 die
1771 2815 1861 2880 nullo
1885 2814 2081 2902 prohibente
2106 2837 2176 2881 nec
2200 2838 2285 2882 con·

608 2920 803 3004 tradicente,
827 2919 886 2986 sed
900 2921 1036 3008 propria
1057 2928 1175 2986 nostra
1189 2919 1379 2986 voluntate⁰
1402 2920 1626 3002 concedimus,
1649 2918 1809 2984 tradimus
1826 2927 1859 2984 et
1880 2941 1939 3004 per
1958 2920 2120 3004 paginam
2139 2942 2287 2986 aereum

609 3023 827 3092 exauratam*
855 3027 890 3092 in
917 3034 1111 3113 perpetuum
1143 3025 1304 3092 donamus
1333 3024 1391 3090 tibi
1421 3023 1520 3092 beate
1543 3023 1665 3092 Christi
1691 3031 1837 3111 martyr⁸
1860 3023 2040 3090 Anastasio
2072 3033 2109 3089 at
2135 3023 2222 3112 per‘
2249 3035 2286 3092 ta
2309 3045 2342 3092 νο

609 3141 731 3218 tuoque
754 3131 967 3214 monasterio,
998 3129 1087 3216 quod
1110 3131 1255 3216 positum
1279 3138 1350 3194 est‘
1373 3129 1415 3195 ad
1440 3128 1570 3215 Aquam
1594 3127 1753 3208 Salvium,
1781 3129 1815 3194 id
1839 3137 1889 3193 eet
1911 3137 2016 3194 totam
2044 3137 2078 3193 et
2101 3129 2286 3214 integram

608 3237 788 3317 civitatem,
823 3256 907 3320 quaa
930 3232 973 3299 ab
1003 3230 1213 3298 hominibush
1242 3230 1396 3299 vocatur¹
1420 3232 1613 3316 Ansidonia,
1648 3232 1782 3298 insimul
1812 3255 1887 3299 cum
1917 3240 2016 3319 portu
2045 3235 2103 3319 qui
2129 3243 2286 3300 vocatur

607 3337 767 3423 Fenilia¹¹,
790 3340 869 3406 item
885 3337 933 3404 et¹
955 3348 1086 3424 portum
1111 3339 1165 3424 qui
1182 3338 1330 3405 diciturm
1353 3337 1491 3404 Herculi
1514 3358 1657 3402 necnon
1680 3346 1713 3403 et
1734 3347 1877 3403 montem
1895 3335 2014 3403 totum¹
2044 3339 2102 3424 qui
2130 3349 2286 3405 vocatur

609 3444 732 3512 uilium
757 3443 842 3508 infra
865 3464 954 3509 more
978 3442 1132 3507 milliaria
1155 3451 1287 3508 centum
1311 3451 1344 3508 et
1366 3452 1511 3508 montem
1536 3445 1591 3530 qui
1614 3451 1755 3509 vocatur
1775 3443 1908 3509 Iannuti
1932 3452 1965 3509 et
1988 3453 2094 3509 totum
2122 3455 2283 3512 montem

609 3551 664 3636 qui
687 3560 825 3615 vocatur
840 3548 1074 3634 Argentarium
1089 3549 1223 3622 insimul
1246 3571 1321 3614 oum
1338 3550 1443 3614 mari¹²
1466 3550 1561 3616 iuxta
1585 3573 1620 3614 se
1643 3547 1820 3615 habentem
1844 3547 2000 3614 milliaria
2022 3559 2163 3616 centum
2187 3553 2284 3618 infra
2307 3569 2339 3618 au

608 3654 777 3740 pelagus0,
807 3654 863 3738 qui
886 3661 936 3717 est
964 3652 1051 3717 infra
1074 3653 1143 3717 cius
1172 3675 1258 3738 aqua
1281 3653 1469 3738 praefatum
1496 3662 1641 3718 montem
1666 3656 1721 3739 qui
1750 3663 1888 3719 vocatur
1911 3652 2033 3719 Gilium
2058 3663 2092 3718 et
2117 3656 2284 3740 Iunnuti3

607 3760 686 3824 item
710 3767 856 3823 castrum
872 3757 961 3843 quod
984 3765 1124 3821 vocatur
1141 3755 1360 3821 Orbitellum1’
1383 3779 1459 3823 oum
1483 3767 1626 3843 stagnus
1649 3767 1681 3823 et
1703 3758 1849 3845 piscaria
1868 3759 1963 3824 iuxta
1987 3780 2021 3823 se
2044 3767 2078 3824 et
2102 3781 2185 3826 cum
2206 3765 2284 3828 suis

609 3862 741 3928 salinis¹
768 3863 822 3927 vel
844 3885 920 3927 cum
950 3860 1103 3927 omnibus
1127 3862 1194 3926 suis
1224 3864 1445 3948 pertinentiie3
1483 3863 1561 3928 item
1585 3873 1619 3928 et
1640 3862 1887 3928 Marcilianum'
1916 3884 1991 3928 cum
2014 3862 2177 3930 omnibus
2208 3867 2284 3931 suis

608 3968 829 4054 pertinenciis,
847 3965 997 4031 similiter
1012 3976 1044 4031 et
1060 3974 1204 4030 montem
1221 3968 1276 4052 qui
1293 3976 1431 4033 vocatur
1446 3965 1540 4033 Cuti‘
1555 3989 1629 4033 cum
1645 3966 1797 4032 omnibus
1815 3969 1882 4032 suis
1899 3966 2118 4053 pertinentiis,
2146 3971 2207 4055 qui
2228 3980 2284 4036 est

607 4074 695 4137 inter
717 4073 833 4137 affines
857 4079 912 4137 etu
934 4080 1037 4136 totam
1062 4072 1231 4137 civitatem
1247 4071 1449 4157 praefatam:
1475 4075 1615 4159 aprimo
1639 4071 1742 4137 latore
1758 4080 1808 4136 est
1830 4093 1919 4137 mare
1940 4093 2100 4156 magnum
2126 4083 2163 4140 et
2186 4075 2284 4141 infra
2307 4097 2339 4145 eo

608 4197 687 4242 vero
711 4199 818 4262 aquas
833 4178 944 4251 maris,
970 4199 1055 4262 quae
1079 4185 1157 4241 sunt
1170 4175 1325 4241 milliaria
1347 4184 1478 4241 centum
1496 4186 1528 4241 et
1550 4185 1695 4242 montem
1711 4174 1812 4241 Giliiv
1835 4186 1868 4242 et
1883 4186 2027 4242 montem
2051 4179 2110 4263 qui
2128 4191 2285 4248 vocatur

608 4283 751 4354 Iannuti,
787 4303 872 4367 quae
901 4291 977 4346 sunt
998 4282 1108 4346 iurisw
1132 4281 1273 4367 praelati
1296 4278 1396 4345 vestri
1420 4282 1622 4364 monasterii,
1659 4290 1691 4347 et
1714 4304 1734 4344 a
1763 4281 1909 4347 secundo
1939 4281 2043 4347 latere
2067 4291 2122 4347 est
2148 4284 2284 4352 fluvius

609 4387 664 4470 qui
687 4393 823 4449 vocatur
847 4383 1010 4449 Alvenia¹
1034 4394 1067 4450 et
1089 4407 1109 4449 a
1132 4385 1227 4450 tertio
1251 4404 1329 4449 vero
1345 4383 1448 4449 lutere
1472 4385 1580 4471 pergit
1595 4407 1694 4472 aqua,
1718 4408 1803 4471 quae
1819 4386 1959 4450 dicitury
1981 4384 2065 4448 lllza
2088 4396 2126 4452 at
2152 4388 2284 4457 deinde

608 4489 718 4576 pergit
738 4510 843 4574 usque
867 4487 911 4553 ad
934 4488 1061 4556 looum'
1085 4490 1139 4574 qui
1162 4496 1302 4554 vocatur
1317 4487 1474 4574 Serpens,
1499 4500 1532 4554 et
1547 4512 1568 4555 a
1584 4499 1701 4576 quarto
1725 4490 1838 4572 latere,
1863 4489 1959 4554 sicuti
1982 4490 2095 4554 evenit
2119 4513 2183 4578 per
2204 4492 2285 4562 Ser-

608 4615 728 4680 penam
752 4602 786 4657 et
800 4594 907 4679 pergit
929 4615 987 4679 per
1001 4592 1120 4679 pedem
1142 4594 1264 4659 montis
1279 4592 1419 4659 Arellii·
1442 4602 1475 4659 et
1498 4593 1591 4658 vadit
1613 4616 1672 4680 per
1687 4593 1831 4659 Pisoiam
1855 4603 1888 4659 et
1902 4595 1992 4658 venit
2013 4590 2068 4657 inb
2093 4595 2285 4666 Buranum
2309 4621 2341 4670 su

608 4708 641 4763 et
663 4698 760 4763 sicuti
775 4697 903 4762 evanit⁰
925 4718 984 4782 per
999 4697 1168 4762 Buranum
1192 4707 1224 4762 et
1241 4695 1397 4763 vertitur*¹
1420 4721 1524 4784 usque
1540 4698 1603 4763 ad⁰
1626 4697 1811 4784 praefatum
1835 4720 1926 4766 mure
1941 4719 2112 4784 magnum.
2150 4703 2288 4771 Omnia

606 4806 639 4869 in
662 4805 728 4868 iam
753 4802 832 4868 dicti
855 4803 957 4868 vestri
981 4804 1087 4867 sancti
1110 4802 1301 4868 monasterii
1328 4799 1399 4868 iuss
1425 4804 1636 4869 concedimus
1660 4813 1693 4869 et
1720 4803 1979 4870 irrevocabiliter
2003 4802 2191 4894 tradimus,
2226 4815 2288 4899 qui

607 4918 683 4974 sunt
705 4906 875 4973 montibus
898 4905 1039 4972 collibus
1062 4906 1207 4992 plagiis&
1234 4917 1267 4973 et
1289 4907 1447 4994 planitiis·
1467 4908 1535 4973 suis
1559 4910 1663 4994 pratis
1686 4909 1821 4994 pascuis
1846 4907 1938 4972 silvis
1966 4911 2131 4994 pantanis
2164 4920 2289 5000 puteis

607 5009 756 5077 fontibus
779 5010 859 5076 rivis
875 5032 963 5096 aqua
986 5009 1118 5097 plenish
1142 5020 1175 5076 et
1197 5013 1367 5098 parietinis
1384 5008 1537 5096 attiguis¹
1559 5020 1591 5076 et
1607 5013 1711 5077 vineis
1734 5012 1788 5077 vel
1803 5033 1878 5077 cum
1902 5008 2011 5078 omni¹¹
2035 5033 2100 5078 sua
2125 5018 2289 5087 utilitate

609 5123 643 5180 et
666 5135 728 5179 usu
752 5113 804 5180 vel
827 5115 1043 5200 pertinentiis.
1076 5115 1124 5180 Et
1145 5116 1281 5200 insuper
1303 5115 1516 5182 concedimus
1541 5114 1600 5180 tibi
1623 5117 1771 5201 praefate
1794 5125 1919 5204 martyr
1942 5115 2065 5182 Christi
2089 5117 2290 5192 Anastasi¹
2313 5147 2346 5195 tu

683 5320 744 5375 274.
764 5321 790 5387 a)
808 5319 860 5373 dos
874 5319 1021 5374 Chrismors
1039 5320 1096 5387 (eia
1108 5320 1215 5388 Kreas)
1232 5321 1294 5374 arrd
1311 5323 1414 5373 domini
1432 5320 1524 5387 schiera
1544 5320 1567 5374 0
1633 5322 1664 5389 b)
1680 5323 1736 5374 Lao
1755 5339 1848 5374 servus
1867 5337 2003 5373 servorum
2021 5322 2067 5374 dai
2087 5331 2134 5381 et.
2148 5329 2292 5388 narolus

762 5393 908 5458 imperator
927 5396 1057 5458 augustus
1076 5391 1117 5458 E;
1140 5391 1201 5444 hier
1218 5389 1311 5457 selrlerr
1330 5390 1402 5445 auch
1422 5391 1467 5445 die
1486 5390 1584 5444 beiden
1602 5389 1751 5462 folcardus
1774 5392 1867 5445 Worte
1885 5391 2005 5443 Haedis
2118 5397 2150 5464 ο)
2171 5409 2293 5471 proprie

764 5467 854 5512 nostre
872 5461 1022 5512 voluntatis
1040 5460 1068 5513 Β
1171 5461 1198 5525 d)
1216 5467 1352 5512 exaratam
1372 5460 1395 5514 0
1497 5463 1522 5527 a)
1540 5463 1619 5511 beato
1638 5462 1738 5514 Christi
1763 5464 1865 5514 martiri
1884 5461 1919 5522 Β,
1939 5462 2015 5512 beate
2038 5471 2154 5533 martyr
2176 5471 2292 5528 Christi

763 5532 894 5581 Anustsxi
906 5529 946 5596 D,
958 5533 1047 5582 tibi..
1062 5537 1155 5582 sancte
1168 5531 1269 5581 Christi
1282 5530 1400 5596 paterE
1461 5530 1541 5597 f)pro
1554 5529 1634 5583 1301)
1699 5531 1726 5598 g)
1740 5538 1781 5582 est
1792 5534 1908 5597 positum
1922 5529 1983 5584 DE
2052 5532 2292 5599 h)omnibnsD

760 5601 781 5665 i)
798 5599 951 5653 vocatusC
1036 5601 1065 5666 k)
1083 5601 1191 5652 Foinlia
1209 5599 1243 5663 B,
1263 5601 1388 5652 Baeniliu
1406 5599 1445 5663 D,
1464 5599 1589 5651 Foenilia
1607 5598 1639 5653 Ε
1722 5602 1742 5666 l)
1760 5599 1829 5664 fehlt
1847 5600 1875 5653 B
1961 5599 1998 5664 m)
2014 5609 2140 5658 vocatur
2161 5609 2193 5662 Β
2315 5619 2348 5667 4⁵

760 5672 789 5735 n)
805 5686 878 5722 mare
892 5669 944 5722 01)
1014 5670 1042 5736 o)
1060 5669 1226 5738 pelugumB
1297 5672 1325 5736 p)
1337 5685 1368 5722 so
1380 5669 1416 5733 E,
1430 5670 1594 5723 Urbitollum
1605 5669 1641 5736 B,
1656 5668 1826 5723 OrbitelloC
1895 5671 1922 5738 q)
1940 5676 2058 5735 stangno
2072 5671 2111 5736 Β,
2128 5685 2254 5748 stagnio
2271 5685 2297 5739 0

759 5741 781 5804 r)
800 5756 848 5790 sno
867 5739 955 5791 saline
975 5737 999 5793 0
1100 5740 1124 5807 s)
1141 5741 1204 5790 itam
1223 5755 1256 5790 ax
1274 5740 1423 5791 Maniliano
1444 5739 1472 5806 0,
1496 5738 1614 5792 dissolbe
1631 5738 1834 5804 Numerresorm
1852 5738 1883 5791 irs
1902 5739 1932 5791 D
2019 5743 2042 5804 t)
2062 5741 2137 5796 Euti
2160 5749 2195 5802 D

758 5810 787 5874 u)
806 5811 838 5861 ad
858 5809 887 5862 D
975 5812 1004 5878 v)
1023 5808 1138 5861 GilioC
1223 5809 1259 5872 w)
1276 5813 1357 5860 maris
1376 5809 1403 5861 Β
1472 5808 1500 5875 x)
1518 5810 1623 5860 Alvena
1641 5808 1676 5872 Β,
1695 5807 1854 5875 AlvegioE
1920 5808 1949 5874 y)
1967 5811 2129 5865 vocaturB
2212 5823 2242 5890 ι)
2263 5829 2295 5877 in

758 5880 837 5931 illurn
856 5881 944 5931 locum
962 5879 990 5932 Β
1060 5881 1086 5944 s)
1104 5880 1207 5930 Arsicoi
1225 5878 1253 5931 Β
1322 5880 1349 5941 b)
1367 5895 1415 5945 por
1433 5878 1460 5931 Β
1538 5880 1562 5943 c)
1581 5877 1698 5931 venitC
1765 5879 1792 5945 d)
1810 5874 1994 5930 revertiturC
2076 5882 2104 5948 a)
2126 5887 2162 5938 in
2182 5890 2214 5943 Β

757 5949 851 6015 ssiam
869 5951 942 6000 dicta
959 5952 1043 6001 vestri
1061 5952 1148 6000 sancti
1167 5950 1322 6000 monasterii
1339 5951 1406 5998 iuris
1419 5948 1454 6009 Β,
1473 5950 1564 5999 omnia
1576 5950 1630 5999 ium
1649 5949 1754 5999 indicti
1774 5951 1856 5999 vestri
1874 5949 1960 5999 sancti
1979 5957 2153 6007 monasterii
2176 5963 2253 6015 iuris
2269 5964 2295 6020 C
2316 5967 2349 6016 50

758 6019 787 6086 g)
804 6020 893 6085 plagis
913 6019 934 6070 0
1021 6019 1050 6082 h)
1067 6035 1136 6086 aque
1154 6019 1309 6085 perhenniis
1328 6017 1355 6069 Β
1443 6017 1463 6080 i)
1481 6019 1640 6083 parientinis
1658 6034 1689 6069 ac
1707 6020 1791 6083 tignis
1809 6017 1845 6083 B,
1865 6018 2005 6085 parictiuis
2023 6023 2158 6092 actiguis
2181 6031 2207 6085 ο

759 6089 788 6156 h)
807 6088 877 6154 fehlt
896 6088 923 6141 B
1003 6089 1023 6154 l)
1041 6090 1172 6140 Anastaxi
1191 6087 1220 6152 0,
1239 6087 1337 6141 aheneo
1355 6086 1393 6140 im
1411 6086 1561 6156 folperrdeo
