5642 7159
1370 766 1791 825 55155555555555.

1545 955 1606 1025 ao.

753 1102 848 1171 Korl
874 1103 937 1171 der
969 1098 1096 1171 Grosse
1123 1098 1266 1169 oer‘ice'bt
1293 1099 1370 1168 dem
1397 1096 1542 1167 Kloster
1568 1095 1789 1185 Flccipcy
1817 1094 2036 1181 Zollfree'lteit
2067 1096 2142 1165 555
2168 1096 2308 1165 5555515
2335 1097 2401 1165 555

753 1224 890 1313 Ertrop
916 1222 979 1292 der·
1006 1220 1102 1291 Zoilo
1130 1218 1201 1307 auf
1221 1221 1341 1290 descen
1369 1218 1615 1308 Besiteunpen.

1918 1318 2126 1390 Diedentefen
2149 1325 2210 1380 775
2237 1322 2304 1377 Μαι·
2327 1325 2357 1381 3.

748 1548 753 1559 .
856 1497 1048 1569 Absctrt'ftec
1071 1498 1121 1555 des
1146 1499 1197 1556 17.
1222 1497 1274 1555 Jlt.
1300 1512 1355 1553 555
1380 1496 1446 1552 dero
1468 1496 1638 1553 oerlorenen
1662 1493 1826 1553 Cliortulur
1848 1493 2102 1567 (eorrlrrsclteinlieit
2125 1493 2175 1550 des
2200 1498 2250 1551 11.
2276 1491 2344 1572 Jlrt)
2368 1495 2438 1552 int

857 1601 930 1663 Cod.
955 1604 1038 1660 7856
1067 1600 1091 1673 f.
1116 1602 1179 1659 255
1208 1602 1282 1657 rr⁰5
1314 1600 1366 1656 der
1393 1599 1450 1671 ror.
1476 1600 1644 1657 Bibliothele
1672 1618 1712 1656 eu
1741 1598 1867 1655 Briisset
1891 1595 1945 1674 (B)
1966 1596 2038 1654 'und
2066 1598 2100 1654 ier
2125 1597 2195 1656 coa.
2220 1598 2336 1655 Beluae
2360 1601 2401 1656 40

856 1706 880 1776 f.
903 1710 943 1765 21
970 1703 1031 1784 (0),
1055 1707 1104 1764 des
1128 1709 1177 1764 18.
1204 1706 1256 1765 Jo.
1281 1707 1313 1761 in
1338 1702 1397 1763 013.
1423 1708 1529 1764 17720
1553 1703 1637 1776 (055.
1664 1704 1796 1762 Bouhier
1819 1704 1895 1776 128)
1914 1720 1947 1774 p.
1965 1705 2006 1760 16
2031 1700 2086 1779 (D)
2111 1704 2144 1759 in
2167 1702 2220 1760 der
2241 1703 2400 1762 195ὶί5ηαὶ-

855 1809 1010 1869 otoztotuet
1032 1828 1072 1866 55
1095 1810 1192 1868 Porio.
1238 1809 1309 1867 Nur
1330 1808 1564 1866 eersritleeirterte
1592 1809 1755 1865 Varianten
1781 1809 1814 1864 in
1837 1807 1890 1863 der
1912 1804 2068 1876 Absctrift
2092 1806 2140 1864 des
2164 1809 2214 1867 18,
2239 1805 2294 1865 Jo.
2340 1804 2401 1866 Ma.

856 1915 924 1971 n⁰6
948 1912 971 1985 f.
1000 1916 1039 1971 16
1062 1914 1095 1969 ire
1119 1913 1170 1969 cler
1193 1912 1360 1970 Bibliottele
1382 1931 1423 1969 au
1448 1910 1597 1970 Chdtr'llon
1619 1930 1643 1971 s.
1669 1912 1765 1972 Seiae.

859 2033 939 2091 Viote
955 2032 1097 2105 Apoloqie
1108 2049 1189 2105 pour
1212 2032 1240 2089 lu
1264 2032 1403 2090 ceritubte
1414 2049 1553 2103 presence
1576 2032 1617 2090 65
1633 2049 1718 2104 corps
1734 2032 1770 2089 rte
1786 2032 1815 2091 S.
1833 2033 1928 2091 Reice
1943 2031 2019 2089 duos
2041 2029 2125 2090 t’ooo.
2144 2031 2178 2088 de
2193 2032 2344 2104 Fluoipny
2360 2034 2403 2091 92
2429 2045 2467 2091 15

857 2136 905 2215 (es
927 2136 1032 2213 chart.)
1058 2160 1098 2191 =
1122 2138 1260 2211 Bouquet
1282 2140 1311 2207 5,
1337 2138 1401 2196 732
1422 2143 1457 2194 n⁰
1469 2142 1511 2197 29
1536 2160 1577 2192 =
1599 2137 1702 2210 Minoe
1726 2136 1839 2198 Petrei.
1856 2140 1907 2205 97,
1932 2138 1996 2195 948
2018 2139 2052 2192 rt⁰
2066 2138 2118 2194 28.
2143 2168 2184 2177 -
2207 2134 2405 2192 54τῖ5ὶό55555

855 2244 925 2315 lieo.
952 2245 1013 2302 185
1039 2239 1138 2320 (181).

856 2363 927 2434 Auf
949 2364 1123 2437 Grundlaee
1147 2365 1198 2422 des
1222 2364 1399 2423 Foroiulurs
1424 2363 1481 2436 fiir
1505 2362 1765 2436 Zollbefreiuuqen
1795 2363 1862 2440 (opt.
1885 2367 1920 2420 n⁰
1943 2365 1993 2432 46,
2025 2366 2075 2431 47,
2107 2367 2158 2434 93,
2190 2363 2291 2419 Form.
2318 2362 2405 2419 liler-

854 2466 924 2539 culfi
946 2467 1045 2540 suppl.
1070 2474 1099 2539 1,
1124 2468 1218 2527 udrtit.
1243 2472 1273 2538 3,
1297 2468 1343 2527 Μ.
1370 2468 1406 2527 G.
1432 2469 1533 2527 Form.
1560 2472 1632 2539 197,
1656 2467 1732 2543 111)
1755 2467 1936 2540 5555455559
1958 2468 2088 2538 stitisirt,
2113 2467 2161 2525 die
2183 2466 2304 2538 Areopa
2327 2466 2402 2523 noct

855 2573 1076 2645 merowioyiselr
1098 2573 1164 2649 (syl.
1189 2572 1231 2632 M.
1252 2572 1288 2631 G.
1306 2571 1376 2631 DD.
1392 2572 1512 2632 Merow.
1538 2574 1578 2632 85
1600 2578 1636 2630 n⁰
1650 2572 1714 2648 95).
1738 2571 1802 2630 Der
1820 2573 1892 2631 Text
1908 2571 2050 2642 cerderbt,
2074 2572 2122 2629 die
2136 2571 2292 2642 Dotirunp
2316 2572 2402 2629 atber-
2428 2582 2458 2629 tt

855 2678 990 2746 arbeitet,
1026 2678 1093 2735 data
1121 2676 1184 2734 und
1212 2678 1306 2736 actum
1336 2679 1390 2735 orit
1420 2677 1473 2734 der
1502 2678 1696 2749 Reeoyoitioo
1724 2673 2056 2748 eusommeuceworfen.
2102 2676 2165 2734 Eia
2195 2676 2322 2747 555559
2352 2674 2405 2731 der

860 2780 1001 2837 Urtunde
1023 2781 1056 2837 ira
1079 2781 1216 2852 Hisponis
1242 2781 1349 2840 Cicron.
1375 2780 1492 2839 itacio.
1516 2781 1559 2840 Μ.
1587 2781 1625 2841 G.
1647 2780 1704 2842 88.
1728 2784 1758 2852 8,
1782 2782 1843 2841 351
1869 2780 1926 2853 syl.
1948 2782 2022 2840 285.

855 2950 1020 3014 Κ55οΙ55·
1042 2952 1151 3036 gratia
1167 2950 1217 3014 dei
1241 2972 1301 3016 rex
1318 2951 1524 3016 Francorum
1546 2960 1579 3015 et
1595 2947 1916 3036 Longobardorumb
1939 2972 1979 3014 ac
2002 2950 2161 3035 patricius
2177 2950 2402 3014 Romanorum

751 3056 801 3118 vir
823 3054 950 3119 illuster
960 3062 980 3117 ⁰.
1089 3053 1123 3117 Si
1148 3054 1362 3139 petitionibus
1387 3054 1606 3135 sacerdotum,
1632 3054 1719 3139 qnod
1736 3054 1779 3118 ad
1803 3054 1989 3139 profectum
2006 3053 2224 3117 ecclesiarum
2247 3053 2400 3137 pertinet,

751 3157 871 3222 devota
894 3167 1002 3222 mente
1027 3167 1243 3243 praestamus,
1267 3158 1498 3223 retributorem
1523 3159 1666 3223 omnium
1690 3157 1852 3222 bonorum
1869 3157 1985 3223 Jesum
2002 3155 2169 3222 Christum
2194 3180 2237 3221 ex
2260 3156 2323 3220 hoc
2340 3178 2400 3220 nos
2423 3172 2453 3219 eo

752 3260 871 3325 habere
895 3260 1088 3325 confidimus
1096 3310 1213 3325 ......
1243 3260 1359 3346 petiitd
1382 3261 1613 3327 celsitudinem
1637 3270 1786 3325 nostram
1809 3259 2008 3325 venerabilis
2038 3262 2088 3324 vir
2113 3260 2286 3324 Manassen
2311 3259 2402 3324 5555

751 3365 791 3429 55
815 3368 1015 3430 monasterio
1046 3366 1135 3452 qnod
1163 3375 1302 3431 vocatur
1325 3366 1549 3431 Flaviniacus-
1569 3368 1602 3430 in
1631 3388 1718 3451 pago
1743 3364 1879 3447 Alsinsi,
1916 3364 2004 3450 quod
2032 3374 2082 3429 est
2118 3374 2347 3429 constructum
2369 3366 2403 3429 in

750 3470 873 3534 honore
896 3469 1018 3534 domini
1042 3472 1146 3535 nostri
1169 3470 1251 3536 Jcsu
1275 3469 1395 3535 Christi
1420 3471 1473 3534 vel
1496 3472 1600 3535 sancti
1626 3471 1711 3535 Petri
1741 3478 1773 3534 et
1796 3470 1902 3533 sancti
1928 3468 2098 3549 Praeiecti,
2134 3477 2170 3533 ut
2202 3489 2297 3533 omne
2322 3467 2403 3532 telo·

749 3597 847 3639 neum
863 3575 967 3639 infra⁰
990 3598 1126 3660 regnum
1141 3585 1292 3640 nostrum
1309 3575 1349 3639 de
1373 3574 1620 3660 negotiantibus
1637 3596 1749 3638 eorum
1772 3571 1826 3637 vel
1843 3572 1883 3636 de
1907 3572 2056 3636 omnibus
2072 3572 2261 3637 hominibus
2278 3593 2401 3651 eorum,

750 3679 804 3763 qui
823 3680 1002 3764 peripsam
1020 3700 1131 3743 casam
1149 3701 1282 3765 sperare
1298 3679 1461 3757 videntur,
1479 3678 1489 3762 [
1496 3726 1589 3742 .....
1597 3676 1628 3762 Jf
1648 3687 1684 3743 ut
1700 3676 1825 3741 nullum
1838 3676 2003 3741 teloneum
2021 3676 2100 3741 dare
2122 3698 2186 3740 non
2204 3675 2348 3741 debeant
2371 3678 2402 3739 in
2426 3689 2456 3739 25

750 3782 941 3847 civitatibus
960 3785 1115 3847 marcatis
1139 3784 1220 3847 vicis
1237 3782 1323 3845 villis
1348 3784 1457 3867 pontis
1475 3782 1637 3867 portubus
1661 3805 1722 3846 nec
1738 3781 1800 3866 ipsi
1819 3780 1971 3845 monachi
1990 3803 2047 3844 scu
2064 3781 2270 3865 negotiantes
2287 3802 2401 3845 eornm

749 3896 782 3949 et
804 3885 953 3949 homines
977 3907 1099 3969 corum,
1135 3888 1190 3971 qui
1215 3909 1272 3971 per
1294 3887 1401 3970 ipsam
1426 3908 1539 3950 casam
1564 3908 1696 3971 sperare
1720 3886 1902 3968 videnturss,
1926 3910 1987 3952 nec
2011 3886 2176 3952 teloneum
2199 3910 2259 3950 nec
2283 3895 2401 3971 ponta·

750 3993 853 4056 ticum
881 4014 942 4055 nec
965 3989 1164 4055 r·otaticum¹¹
1194 4014 1255 4055 nec
1277 3990 1529 4076 barganaticum
1560 4011 1621 4053 nec
1643 3990 1886 4074 pulveraticum
1908 4013 1969 4056 nec
1999 3988 2208 4055 5555555555ί
2230 4010 2290 4053 555
2314 3990 2401 4075 ripa·

749 4092 876 4159 55555Ιι
899 4118 959 4160 555
984 4094 1192 4160 salutaticum
1217 4094 1291 4160 nec¹
1313 4094 1515 4159 laudaticum
1539 4115 1599 4158 nec
1623 4095 1851 4158 travaticumm
1875 4118 1934 4159 nec
1959 4094 1999 4158 55
2023 4094 2096 4175 555,
2132 4092 2220 4179 quod
2250 4093 2400 4157 homines

749 4221 860 4263 eorum
881 4200 924 4264 ad
948 4200 1082 4264 dorsum
1099 4209 1230 4285 portare
1254 4200 1420 4279 videntum
1445 4207 1477 4262 ct
1493 4197 1652 4283 quidquid
1670 4197 1790 4263 exinde
1813 4197 1879 4262 ad¹¹
1902 4208 2030 4283 partem
2046 4198 2117 4261 fisci
2140 4198 2243 4261 nostri
2259 4196 2398 4261 reddere
2423 4211 2454 4259 so

750 4302 881 4384 debent,
905 4314 1010 4367 totum
1033 4305 1065 4367 in
1082 4302 1300 4367 luminaribus
1324 4302 1377 4367 vel
1401 4304 1434 4366 in
1459 4301 1624 4386 stipendia
1639 4302 1877 4366 monachorum
1900 4313 1932 4367 et
1949 4303 2192 4388 susceptionem
2215 4323 2400 4387 pauperum

747 4408 779 4471 in
805 4417 919 4471 nostra
942 4406 1123 4471 elemosina
1147 4406 1190 4471 ad
1213 4408 1320 4491 ipsam
1345 4427 1458 4470 caram
1483 4405 1535 4471 dei
1554 4408 1789 4488 concessimus,
1814 4429 1896 4492 quas
1912 4429 1999 4471 nunc
2022 4418 2054 4471 et
2078 4406 2234 4471 moderno
2251 4417 2401 4491 tempore

748 4531 944 4575 concessum
967 4521 1066 4597 atque
1097 4510 1259 4575 indultum
1285 4532 1357 4575 esse
1385 4509 1547 4590 volumus,
1583 4520 1628 4592 ut,
1659 4510 1743 4575 sicut
1766 4510 1922 4590 diximus,
1959 4510 1998 4574 de
2023 4509 2174 4574 omnibus
2206 4509 2344 4574 teloneis
2368 4510 2401 4573 iu

748 4613 937 4680 civitatibus
968 4616 1049 4679 vicis
1081 4614 1221 4678 villabus
1245 4616 1354 4700 pontis
1386 4613 1547 4699 portubus
1571 4615 1741 4698 pontatico
1769 4615 1910 4678 rotatico
1940 4613 2168 4699 barganiatico
2193 4612 2401 4698 pulveratico

748 4720 906 4782 mutatico
934 4720 1073 4803 ripatico
1105 4718 1280 4782 salutatico
1310 4718 1477 4783 laudatico
1509 4717 1671 4782 trabatico
1697 4728 1729 4782 et
1758 4716 1896 4798 55555,
1931 4718 2021 4803 quod
2043 4717 2191 4781 homines
2221 4738 2335 4781 eorum
2359 4716 2401 4779 ad
2423 4731 2454 4779 55

748 4820 880 4885 dorsum
911 4830 1054 4906 portant,
1090 4831 1122 4885 et
1145 4821 1185 4886 dc
1208 4820 1455 4905 negotiantibus
1480 4841 1592 4884 eorum
1616 4821 1669 4884 vel
1693 4822 1733 4886 de
1758 4820 1910 4885 omnibus
1933 4821 2120 4886 hominibus
2146 4842 2259 4885 eorum
2283 4819 2402 4883 devote

749 4946 806 5008 pro
823 4926 898 5011 ipsa
914 4947 993 4989 casa
1010 4926 1060 4989 dei
1080 4928 1185 4990 sancti
1202 4926 1290 4990 Petri
1306 4936 1339 4990 et
1355 4927 1460 4989 sancti
1476 4926 1637 4989 Praeiecti
1656 4926 1742 4988 omni
1761 4935 1907 5008 ternpore
1923 4925 2160 5011 perpetualiter
2176 4926 2403 4988 concessimus

747 5037 845 5111 atque
868 5028 1072 5093 indulsimus.
1121 5029 1278 5093 Similiter
1308 5029 1521 5095 concedimus
1545 5028 1588 5092 ad
1618 5029 1725 5113 ipsam
1750 5050 1863 5092 casam
1896 5029 1948 5094 dei
1972 5031 2006 5093 in
2035 5028 2175 5093 villabus
2206 5050 2321 5092 eorum
2346 5050 2403 5093 sen

748 5153 847 5216 super
870 5134 1049 5198 terraturiis
1080 5153 1193 5197 eorum
1223 5134 1274 5197 vel
1298 5136 1425 5197 cinctus
1457 5154 1570 5197 eorum
1594 5134 1679 5196 infra
1703 5141 1784 5197 aut¹¹
1807 5132 1956 5196 adforis
1986 5130 2109 5197 ibidem
2134 5131 2349 5196 5555555555ο
2372 5139 2404 5195 et

840 5302 882 5355 tu.
902 5304 928 5367 a)
947 5302 1056 5356 uerene
1075 5302 1120 5355 die
1133 5303 1300 5357 lrtvoeate'eu
1312 5320 1400 5357 vorare
1420 5307 1451 5354 In
1471 5307 1580 5355 nomine
1598 5311 1707 5354 sanctae
1725 5310 1752 5355 et
1769 5305 1925 5353 individuae
1944 5305 2079 5354 trinitatis
2183 5302 2283 5423 lppdux
2295 5303 2402 5424 1222ng-
2424 5300 2456 5347 40

899 5374 1039 5423 bardorum
1058 5372 1138 5425 BOD
1243 5374 1268 5439 5)
1286 5375 1400 5424 illustris
1420 5373 1450 5426 D
1555 5374 1582 5437 5)
1606 5372 1742 5425 zwisalten
1765 5373 1923 5423 confidimus
1947 5371 2009 5424 555
2032 5373 2111 5439 petiit
2135 5371 2166 5422 itt
2238 5372 2290 5439 1¹l2
2354 5371 2360 5381 '
2395 5387 2404 5421 ι

900 5442 1090 5507 6555555555,
1119 5458 1167 5493 um
1186 5441 1239 5494 dere
1257 5442 1377 5506 Auesoll
1396 5442 1446 5494 der
1465 5441 1770 5508 Publicetionssormel‚
1800 5442 1845 5494 die
1864 5441 1925 5493 also
1943 5441 2029 5493 sedon
2047 5442 2079 5493 in
2099 5440 2148 5494 der
2172 5439 2292 5508 Vorlope
2311 5439 2404 5504 setlle,

900 5526 934 5561 55
954 5510 1156 5563 tertreeielmeu
1227 5513 1251 5575 5)
1269 5515 1340 5562 intra
1353 5510 1433 5564 BGD
1451 5512 1503 5579 opt.
1523 5523 1555 5562 cv
1570 5514 1613 5571 46,
1632 5514 1669 5562 47
1736 5513 1758 5576 f)
1775 5511 1836 5564 hier
1854 5510 1893 5562 ist
1912 5510 1982 5562 outre
1996 5509 2237 5578 Kermeeiebnunp
2256 5508 2329 5562 auctr
2342 5509 2404 5561 5555

898 5579 1010 5645 terruere
1024 5579 1107 5632 Stella
1120 5580 1304 5648 auspefotlerr,
1324 5586 1395 5632 etroo
1409 5582 1554 5631 concedere
1568 5582 1732 5644 deberemus,
1752 5579 1832 5632 5555
1846 5580 1891 5631 die
1906 5579 2085 5646 Geweilrruup
2099 5577 2149 5631 der
2161 5578 2241 5631 Bitte
2253 5577 2316 5631 555
2328 5577 2402 5631 tecet

901 5648 953 5699 dere
967 5648 1099 5700 155555
1112 5650 1257 5715 Propterea
1269 5662 1316 5715 per
1328 5657 1496 5715 praesentem
1509 5656 1679 5715 praeceptum
1693 5651 1860 5700 decernimus
1930 5651 1958 5714 g)
1972 5655 2002 5699 ut
2013 5650 2117 5698 nullum
2124 5663 2262 5713 —sperare
2274 5647 2402 5699 videntur
2424 5642 2455 5691 45

898 5716 930 5769 in
957 5716 984 5769 B
1011 5734 1065 5769 vora
1088 5717 1229 5770 dersetbert
1252 5718 1342 5771 Haud
1366 5736 1411 5771 ont
1441 5718 1543 5771 Rande
1570 5718 1778 5787 rraeltpetrapen
1882 5719 1911 5779 5)
1938 5719 2086 5768 rodaticum
2117 5714 2198 5769 1301)
2226 5717 2278 5770 soie
2307 5720 2405 5782 spriter

899 5787 1017 5837 rodatico
1122 5790 1142 5853 ἱ)
1160 5789 1316 5838 mutaticum
1337 5788 1365 5839 D
1393 5787 1445 5839 wie
1464 5791 1561 5853 spdter
1581 5787 1633 5839 dus
1654 5788 1778 5839 55554555
1802 5787 1944 5837 caudatico
1963 5791 2036 5838 stati
2062 5788 2198 5837 laudatico
2305 5786 2335 5851 k)
2354 5801 2404 5835 nec

899 5856 1270 5921 pulveraticum-rivaticum
1299 5857 1366 5909 tiber
1386 5857 1435 5908 der
1455 5856 1530 5908 Zeile
1548 5873 1601 5909 oon
1621 5856 1763 5909 derselbert
1782 5854 1874 5907 Hartd
1893 5855 2101 5924 rraehpetrapert
2121 5854 2158 5915 Β,
2185 5856 2330 5905 rivaticum
2350 5852 2403 5906 cl)

900 5924 951 5976 wie
970 5928 1068 5989 sprdter
1086 5927 1198 5976 rivatico
1286 5927 1306 5991 i)
1325 5926 1404 5977 velO
1493 5927 1528 5989 55)
1547 5928 1719 5991 pandaticum
1737 5942 1787 5976 555
1817 5928 1979 5976 tranaticum
1997 5921 2029 5977 'D
2118 5925 2146 5989 n)
2164 5921 2234 5988 fehlt
2254 5921 2313 5975 BD

898 5992 925 6059 o)
943 5992 992 6045 der
1011 5992 1085 6053 Sota,
1113 5993 1343 6047 waterscheirttiet
1371 5994 1460 6046 decret
1488 5994 1542 6046 den
1562 5995 1705 6048 Sctreibcr
1724 5994 1772 6047 des
1796 5994 1977 6059 Citortulcrs,
2006 5990 2210 6057 5555555555,-
2241 6007 2270 6044 er
2301 5990 2402 6057 durfte
2423 5989 2456 6037 50

896 6077 931 6115 eu
949 6066 1087 6131 erpeirtreu
1106 6061 1181 6115 seiri:
1207 6064 1240 6113 de
1259 6065 1421 6127 homiuibus,
1443 6067 1537 6129 quiin
1556 6065 1673 6114 villabus
1762 6064 1921 6113 advenerint
1939 6062 1991 6129 opt.
2011 6074 2044 6113 rt0
2060 6065 2103 6127 46,
2121 6064 2165 6114 93.
