5642 7159
647 750 689 816 26
1264 753 1686 812 KAISERURKUNDEN.

583 977 587 985 ·
646 940 839 1026 possidebat
861 949 930 1005 tam
954 965 996 1006 ex
1019 940 1208 1006 muneribus
1231 941 1417 1027 principum
1433 940 1484 1004 vel
1508 938 1701 1020 Eberhardi,
1726 940 1781 1023 qui
1803 939 1910 1024 ipsum
1935 939 2170 1003 monasterium
2187 938 2219 1001 in
2237 959 2297 1001 sua

646 1045 816 1110 elimosina
838 1043 1021 1128 fundavit¹‚
1046 1067 1145 1132 quam
1161 1069 1203 1110 ex
1220 1045 1373 1132 largitate
1395 1046 1589 1131 pagensium
1605 1043 1656 1107 vel
1673 1043 1760 1127 quod
1775 1043 1908 1107 inantea
1925 1041 2083 1125 [eldeum
2106 1039 2297 1107 timentibus

646 1147 832 1213 bominibus
855 1148 976 1214 ibidem
1000 1149 1188 1234 delegatum
1211 1149 1319 1228 luerit,
1347 1151 1478 1231 integra
1501 1149 1679 1211 emunitate
1709 1148 1964 1220 concessissent,
2001 1156 2036 1210 ut
2057 1146 2166 1210 nullus
2195 1145 2295 1209 iudex

646 1252 797 1336 publicus
820 1253 855 1316 in
876 1250 963 1317 villis
986 1252 1038 1317 vel
1061 1276 1114 1318 res
1138 1253 1241 1338 ipsius
1272 1251 1409 1316 ecclesie
1439 1274 1497 1315 sue
1519 1271 1580 1315 neo
1603 1249 1647 1315 ad
1669 1271 1789 1313 causas
1817 1249 2002 1314 audiendas
2025 1272 2086 1314 nec
2108 1249 2202 1314 freda
2226 1250 2292 1312 exi·

645 1355 754 1438 genda
776 1377 838 1420 nee
866 1356 1054 1420 mensiones
1077 1366 1135 1421 aut
1163 1365 1298 1441 paratas
1326 1352 1495 1419 faciendas
1518 1376 1578 1418 nec
1606 1352 1816 1418 fideiussores
1846 1352 2026 1418 tollendum
2056 1376 2117 1416 nec
2147 1351 2329 1417 hominess

645 1460 750 1543 ipsius
780 1458 919 1523 ecclesie
943 1459 983 1524 de
1015 1458 1217 1545 quibuslibet
1238 1461 1349 1524 causis
1378 1455 1656 1542 distringendum¹
1690 1479 1751 1521 nec
1773 1456 1896 1522 nullam
1921 1455 2165 1522 redibucionem
2189 1458 2294 1542 requi-

645 1562 782 1627 rendum
805 1561 925 1627 ibidem
950 1561 1120 1646 ingredere
1144 1585 1208 1628 non
1233 1562 1383 1628 debeant.
1419 1561 1515 1628 Unde
1538 1572 1571 1626 et
1594 1562 1700 1646 ipsam
1724 1563 1972 1647 precepcionem
1996 1563 2061 1625 iam
2085 1561 2181 1626 dictis
2204 1570 2293 1625 ante-

646 1665 833 1729 cessoribus
856 1667 979 1730 nostris
1004 1688 1061 1730 sen
1085 1675 1118 1730 et
1139 1666 1394 1731 confirmacione
1419 1686 1531 1730 eorum
1554 1664 1743 1730 antedictus
1767 1664 1855 1729 abba
1878 1665 2100 1729 Baldobertns
2123 1673 2231 1729 rector
2255 1663 2294 1727 dc

645 1771 718 1854 ipso
741 1771 943 1834 monasterio
967 1769 1063 1835 nobis
1088 1771 1229 1835 ostendit
1252 1771 1294 1836 ad
1322 1769 1563 1855 relegendamm
1594 1778 1649 1835 etu
1676 1770 1784 1855 ipsum
1813 1770 2007 1835 beneficium
2037 1771 2127 1834 circa
2155 1768 2294 1834 eundem

645 1872 697 1936 vel
721 1883 933 1938 memoratam
959 1873 1130 1938 ecclesiam
1153 1876 1256 1959 ipsius
1287 1896 1390 1959 usque
1413 1896 1499 1937 nuno
1523 1875 1642 1936 asserit
1665 1895 1737 1937 esse
1760 1882 2002 1938 conservatum.
2038 1873 2104 1938 Sed
2126 1895 2185 1958 per
2207 1873 2292 1937 affir·
2315 1889 2346 1936 ιο

645 1977 785 2040 mantis⁰
820 1976 927 2041 studio
952 1977 1052 2060 peciit
1082 1977 1310 2042 celsitudinem
1334 1987 1492 2059 nostram,
1528 1986 1564 2040 ut
1586 1976 1649 2041 boe
1673 1977 1780 2042 denuo
1804 1979 1893 2041 eirca
1915 1979 2024 2061 ipsum
2059 1977 2294 2041 monasterium

646 2079 698 2143 vel
714 2080 804 2164 ipsos
827 2078 1006 2144 monachos
1030 2090 1145 2145 nostra
1169 2080 1301 2146 deberet
1324 2083 1505 2146 auctoritas
1528 2080 1725 2166 generaliter
1748 2081 1958 2160 confirmare3
1982 2081 2075 2144 cuius
2098 2080 2294 2164 peticionem

645 2204 705 2267 pro
721 2185 904 2248 reverentia
925 2185 1029 2268 ipsius
1051 2183 1125 2268 loci,
1151 2195 1187 2249 nt
1209 2207 1392 2250 mereamur
1407 2184 1449 2249 ad
1467 2185 1649 2249 mercedem
1675 2184 1803 2265 sociari,
1828 2183 2019 2268 plenissima
2042 2183 2211 2248 voluntate
2234 2183 2294 2245 visi

645 2286 765 2352 fuimus
793 2288 977 2372 prestitisse
1000 2287 1051 2352 vel
1075 2291 1107 2353 in
1133 2289 1283 2353 omnibus
1311 2289 1526 2352 confirmasse
1551 2289 1752 2371 cognoscite.
1786 2287 2008 2372 Precipientes
2033 2306 2110 2370 ergo
2134 2285 2294 2357 iubemus,

646 2400 681 2454 ut
704 2390 811 2455 nullus
835 2389 935 2456 iudex
960 2390 1111 2476 publicus
1135 2395 1167 2456 in
1188 2417 1241 2458 res
1265 2392 1315 2456 vel
1339 2393 1515 2456 facultates
1539 2393 1645 2476 ipsius
1669 2390 1807 2456 ecclesie
1830 2413 1890 2454 nec
1911 2390 1954 2454 ad
1970 2411 2089 2454 causas
2112 2388 2294 2453 audiendas
2316 2403 2347 2451 ro

646 2515 706 2557 nee
728 2493 824 2558 freda
847 2495 1010 2578 exigenda
1033 2517 1094 2558 neo
1123 2498 1309 2560 mansiones
1334 2506 1392 2559 aut
1420 2505 1554 2580 paratas
1584 2492 1752 2558 iaciendas
1781 2515 1841 2557 nec
1871 2494 2081 2557 fideiussores
2116 2491 2295 2556 tollendum

646 2619 705 2660 nec
733 2596 882 2661 homines
912 2599 1016 2682 ipsius
1048 2597 1209 2682 [ecclesie]
1235 2611 1301 2663 tam
1331 2601 1492 2683 ingenuos
1516 2620 1614 2683 quam
1638 2607 1671 2661 et
1694 2619 1816 2678 servos,
1852 2599 1906 2681 qui
1931 2619 2031 2682 super
2054 2619 2165 2661 eorum
2189 2606 2295 2659 terras

644 2699 697 2763 vel
719 2700 838 2763 mici01’
868 2720 1075 2766 commanere
1106 2702 1267 2784 videntur,
1303 2704 1357 2787 qui
1382 2701 1503 2765 ibidem
1526 2702 1703 2785 aspiciunt,
1739 2701 1780 2764 de
1803 2700 2007 2785 quibuslibet
2029 2699 2139 2763 causis
2164 2699 2294 2763 distrin-

645 2802 789 2887 gendum
812 2825 872 2868 nec
896 2804 985 2868 nulla
1008 2805 1220 2871 redibucione
1242 2805 1474 2890 requirendum
1497 2805 1619 2870 ibidem
1650 2804 1820 2889 ingredere
1843 2826 1910 2867 non
1933 2802 2090 2882 debeant3
2127 2803 2185 2867 sed
2209 2805 2295 2866 sicut

647 2903 741 2992 [ipse]
763 2905 966 2971 beneficiusq
989 2930 1009 2971 a
1026 2909 1091 2972 iem
1115 2909 1212 2973 dietis
1236 2908 1499 2973 antecessoribus
1523 2910 1643 2972 nostris
1667 2910 1817 2993 inspecta
1840 2909 1985 2992 priorum
2010 2909 2194 2992 principum
2217 2930 2292 2971 auc·
2314 2923 2347 2970 ³20

645 3013 778 3076 toritate
809 3011 852 3076 ad
874 3013 938 3076 iarn
964 3013 1086 3077 dictem
1119 3013 1291 3078 ecclesiam
1320 3034 1426 3098 usque
1450 3033 1536 3075 nunc
1559 3012 1621 3076 suit
1650 3024 1893 3092 conservatum,
1927 3013 2030 3076 itaet
2059 3011 2214 3096 deinceps
2238 3035 2295 3096 per

644 3123 791 3180 nostram
815 3117 1045 3180 auctoritatem
1068 3117 1263 3200 generaliter
1286 3126 1418 3180 maneat
1434 3115 1679 3188 inconvulsum;
1704 3128 1736 3181 et
1752 3115 1910 3202 quidquid
1927 3116 2046 3180 exinde
2063 3118 2165 3180 fiscus
2181 3127 2295 3181 noster

646 3227 776 3304 poterat
800 3229 955 3305 sperare,r
986 3222 1020 3284 iu
1044 3221 1260 3286 luminaribus
1288 3222 1392 3307 ipsius
1429 3221 1539 3285 domni
1564 3220 1762 3305 Leodegerii
1796 3231 1830 3286 et
1854 3222 1959 3285 sancti
1982 3221 2070 3285 Petri
2093 3220 2145 3284 vel
2180 3231 2294 3284 sancte

645 3321 748 3386 Maris
771 3345 830 3408 pro
866 3324 1045 3389 stabilitate
1077 3327 1169 3408 regni
1193 3327 1296 3390 nostri
1321 3325 1472 3410 proficiat
1495 3325 1526 3387 in
1551 3334 1757 3410 perpetuum.
1791 3326 1836 3389 Et
1857 3335 1894 3389 ut
1915 3326 1976 3389 hec
2009 3325 2191 3389 auctoritas
2225 3334 2293 3388 tam

645 3426 851 3509 presentibus
875 3449 973 3513 quam
996 3438 1030 3492 et
1045 3428 1164 3492 futuris
1188 3427 1390 3514 temporibus
1415 3429 1519 3512 possit
1542 3438 1705 3510 constare,
1731 3452 1830 3493 manu
1854 3438 1967 3494 nostra
1991 3428 2104 3493 subter
2126 3427 2292 3492 roboravi·
2313 3439 2347 3486 ao

646 3550 717 3594 mus
741 3539 774 3594 et
796 3530 895 3595 anulo
917 3541 1030 3596 nostro
1055 3532 1199 3618 sigillare
1221 3532 1388 3598 iussimus.

1442 3855 1502 3931 18.

645 4011 777 4104 Pippin
805 4013 948 4084 oerlcibt
974 4014 1052 4084 dem
1079 4013 1224 4085 Kloster
1249 4012 1383 4086 Prr'tm
1410 4015 1634 4086 Immunitdt.

1832 4121 1968 4180 Maslario
1992 4123 2054 4179 763
2076 4120 2196 4193 depost
2218 4125 2249 4179 3.

749 4305 902 4378 Absebrift
930 4306 980 4364 dee
1003 4310 1054 4368 10.
1078 4305 1131 4367 Jb.
1160 4308 1202 4364 im
1224 4306 1353 4365 Protmer
1377 4305 1540 4365 Chonulor
1568 4309 1653 4385 (liber
1674 4308 1799 4384 coreas)
1822 4306 1847 4379 f.
1870 4312 1891 4368 4
1913 4311 1946 4367 ia
1974 4311 2027 4368 der
2049 4307 2293 4369 Stodtbibltothek
2310 4321 2345 4369 30

704 4467 705 4470 ,
746 4426 788 4467 aa
813 4409 900 4468 Τάον
922 4408 986 4487 (Β).

750 4563 870 4635 Kaeuff
888 4563 1031 4636 Defensio
1053 4568 1118 4630 abb.
1141 4567 1246 4624 stum.
1270 4567 1309 4624 51
1335 4585 1392 4626 aas
1418 4568 1596 4627 Tronssamt
1618 4586 1674 4626 oon
1697 4569 1727 4627 B
1757 4592 1798 4624 =
1827 4569 1976 4628 Bartholst
2000 4569 2079 4628 Hist.
2103 4569 2140 4627 de
2161 4569 2292 4628 mem-

748 4668 839 4741 boarp
851 4664 898 4738 2⁶,
915 4671 966 4738 43,
980 4690 1021 4722 =
1034 4670 1191 4728 Hostis-eim
1207 4668 1287 4730 Hsst.
1304 4670 1414 4730 Trevir.
1432 4677 1538 4743 1,126
1552 4679 1587 4730 91⁰
1610 4675 1651 4732 46
1667 4694 1709 4726 =
1724 4672 1826 4745 ilices
1840 4673 1952 4731 Petrei.
1966 4675 2017 4742 96,
2036 4675 2119 4732 1546
2130 4679 2169 4730 κθ
2185 4676 2235 4732 27.
2254 4705 2291 4714 -

750 4772 845 4847 Beyer
866 4772 1058 4834 Mittelrbein.
1087 4777 1117 4834 U
1120 4776 1157 4836 B.
1183 4781 1211 4846 1,
1237 4779 1279 4835 22
1300 4781 1333 4832 n⁰
1357 4781 1399 4835 17
1421 4794 1477 4835 aas
1501 4776 1537 4834 Β.
1563 4808 1603 4819 -
1627 4776 1822 4835 Mithlbeober
1843 4777 1915 4849 Res.
1940 4781 1983 4836 97
2006 4777 2085 4853 (95).

753 4926 889 4999 Verfesst
912 4931 988 4988 nach
1011 4931 1112 4992 Form.
1137 4930 1279 5002 Marcelli
1302 4932 1327 5000 I,
1351 4936 1381 5001 3,
1412 4930 1456 4991 Μ.
1485 4931 1520 4991 G.
1546 4933 1647 4992 Form.
1672 4937 1722 5003 43,
1753 4934 1807 5005 opt.
1833 4934 1929 4993 Sickel
1954 4933 2046 4994 Beitr.
2070 4953 2095 4990 a.
2121 4932 2205 5006 Dipl.
2229 4935 2291 5004 ΙΙΙ,
2312 4946 2345 4994 35

754 5032 782 5091 V
806 5033 923 5092 Wiener
945 5033 1006 5094 SB.
1031 5036 1081 5104 47,
1105 5037 1186 5107 207,·
1209 5039 1260 5104 49,
1284 5039 1357 5096 340.
1387 5035 1480 5095 Ueber
1503 5036 1559 5094 den
1582 5038 1792 5095 tmbekonnten
1814 5039 1992 5097 Acestellort
2015 5037 2208 5097 Mtthlbocher
2230 5040 2249 5096 l.
2268 5058 2291 5099 c.

750 5218 806 5298 (0.)
830 5219 989 5305 Pippiuus
1011 5243 1070 5284 rex
1093 5220 1298 5286 Francorum
1323 5223 1372 5286 vir
1401 5220 1538 5285 inluster
1569 5222 1720 5286 omnibus
1750 5225 1917 5308 episcopis
1946 5222 2123 5289 abbatibus
2152 5224 2292 5290 ducibus

646 5322 823 5386 comitibus
846 5322 1038 5388 domesticis
1062 5324 1195 5387 vicariis
1218 5326 1436 5388 centenariis⁸
1458 5325 1508 5387 vel
1534 5348 1646 5388 omnes
1669 5327 1790 5389 missos
1811 5336 1944 5390 nostros
1968 5327 2197 5393 discurrentes.

645 5426 827 5491 Maximum
850 5428 942 5511 regni
965 5427 1068 5491 nostri
1093 5448 1213 5511 augere
1229 5427 1391 5493 oredimus
1409 5431 1653 5506 munimentum,
1679 5431 1707 5492 si
1731 5429 1891 5494 beneficia
1915 5415 2078 5515 oportuna
2101 5430 2175 5496 loca
2199 5452 2290 5495 sane·

645 5539 752 5594 torum
782 5528 834 5592 vel
858 5528 1093 5595 ecclesiarumb
1127 5531 1280 5597 benivola
1311 5531 1547 5596 deliberatione
1578 5533 1787 5597 concedimus
1817 5553 1857 5596 ao
1884 5532 2015 5597 domino
2044 5544 2236 5620 protegente
2259 5546 2293 5599 et
2311 5550 2344 5597 to

646 5631 810 5698 stabiliter
832 5633 1011 5718 perdurare
1034 5635 1239 5701 confidimus.
1263 5636 1369 5721 Igitur
1391 5638 1520 5700 noverit
1544 5636 1690 5700 sollertia
1714 5645 1833 5717 vestra,
1864 5636 2006 5723 qualiter
2027 5660 2089 5702 nos
2113 5635 2157 5702 ad
2180 5658 2290 5701 mona·

735 5819 772 5874 17.
801 5821 830 5886 k)
847 5821 971 5872 fundavit
989 5823 1112 5876 swemal
1130 5823 1312 5891 yescbrisbesn
1332 5823 1385 5876 das
1405 5827 1477 5875 erate
1494 5824 1591 5891 petilpt
1738 5824 1759 5886 l)
1777 5825 1971 5889 distrigendum
1990 5823 2017 5876 B
2121 5828 2157 5891 m)
2176 5827 2291 5891 religen-

799 5891 859 5940 dam
878 5888 906 5943 Β
975 5893 1003 5957 u)
1020 5894 1054 5944 ad
1073 5893 1099 5945 B
1169 5894 1194 5959 ο)
1212 5909 1243 5945 so
1262 5893 1334 5946 caeli
1351 5892 1382 5945 ia
1402 5891 1451 5944 der
1470 5891 1737 5960 Bestotipuapsurk.
1757 5892 1846 5944 Karta
1860 5891 1887 5944 d.
1904 5891 1952 5945 Gr.
1967 5894 2073 5963 (orie),
2093 5912 2139 5960 pro
2158 5896 2291 5945 firmitatis

799 5957 1010 6025 MarculsL4
1113 5963 1140 6028 p)
1157 5965 1240 6014 inicio
1259 5961 1286 6014 B
1390 5962 1417 6027 q)
1436 5961 1597 6012 beneficiosa
1614 5961 1641 6014 B
1745 5965 1767 6023 r)
1786 5965 1916 6028 imperare
1934 5963 1967 6015 B.

735 6063 771 6116 ts.
799 6065 825 6128 a)
843 6067 956 6116 vicarios
975 6065 1185 6118 centenariesB
1302 6067 1328 6131 b)
1346 6067 1504 6117 eclesiarum
1526 6065 1550 6117 B
2309 6066 2342 6111 45
