5642 7159
740 736 800 801 166
981 802 983 807 ,
1337 737 1772 799 Knissuuaxuuuun.

737 926 893 1013 quicquid
915 949 974 1012 per
997 928 1272 991 commutacionis
1294 948 1407 1011 regum
1432 935 1490 991 aut
1515 924 1682 990 dationem
1704 933 1762 989 aut
1785 923 1918 988 conlata
1948 924 2062 1010 populi
2085 924 2209 990 ibidem
2233 922 2383 988 additum

736 1040 796 1095 aut
818 1030 984 1095 conlatum
1013 1030 1111 1094 fuerit
1138 1039 1172 1094 et
1194 1028 1360 1095 Folradus
1384 1030 1424 1095 de
1454 1052 1530 1095 suas
1553 1051 1605 1093 res
1628 1030 1701 1113 ipso
1731 1026 1870 1092 cenubio
1895 1026 2031 1110 ditavit,
2061 1028 2121 1093 sub
2149 1029 2330 1093 emunitate
2352 1037 2385 1091 et

737 1134 960 1200 defensionem
985 1135 1090 1200 sancti
1107 1135 1249 1200 Dionisii
1274 1138 1426 1220 omnique
1442 1145 1589 1220 tempore
1612 1154 1804 1218 permanere
1820 1129 1964 1196 debeant
1986 1154 2029 1195 ex
2048 1142 2162 1197 nostra
2186 1133 2384 1197 auctoritate

736 1238 974 1321 confirmatum,
999 1250 1036 1305 ut
1058 1239 1175 1305 melius
1198 1239 1333 1304 dilectet
1355 1240 1429 1324 ipsa
1452 1239 1708 1324 congregatione
1733 1237 1838 1301 sancti
1855 1235 2009 1319 Dyonisii
2034 1245 2067 1301 et
2089 1237 2196 1301 sancti
2211 1237 2337 1301 Priuati
2352 1247 2385 1301 et

737 1345 843 1408 sancti
870 1342 948 1409 llari
977 1365 1036 1428 pro
1066 1342 1160 1408 nobis
1190 1353 1223 1407 et
1251 1342 1354 1429 prolis
1382 1363 1552 1427 uxoreque
1580 1351 1694 1406 nostra
1721 1340 1844 1405 domini
1875 1340 2101 1405 misericordia
2128 1340 2301 1405 adtencius
2331 1340 2421 1405 deo

736 1469 881 1533 precare.
922 1448 965 1512 Et
987 1456 1024 1512 ut
1045 1446 1128 1512 haeo
1151 1447 1333 1512 auctoritas
1356 1446 1481 1511 firmior
1503 1444 1667 1509 habeatur
1688 1443 1742 1508 vel
1765 1464 1824 1528 per
1846 1452 1997 1528 tempora
2019 1443 2137 1509 mehus
2160 1454 2384 1526 conservetur,

736 1573 836 1617 manu
858 1559 973 1616 nostra
996 1552 1130 1637 propria
1156 1550 1268 1617 subter
1291 1573 1363 1616 eam
1386 1550 1590 1615 firmavimus
1613 1558 1646 1613 et
1669 1549 1710 1614 de
1732 1548 1831 1613 anulo
1853 1555 1966 1613 nostro
1991 1546 2251 1633 siggellavimus.

839 1704 1012 1792 {Signum
1038 1710 1126 1785 (tii.)
1150 1704 1260 1772 Oaroli
1284 1707 1517 1792 gloriosissimi
1540 1706 1638 1790 regis.
1662 1703 1677 1783 ,ll

840 1846 897 1923 (c.)
923 1846 937 1913 s
959 1844 1052 1909 uado
1076 1844 1176 1930 relegi
1200 1855 1232 1910 et
1254 1843 1268 1923 {5
1290 1850 1356 1925 (sn.
1381 1850 1460 1909 uu:
1484 1848 1572 1908 eaeo
1594 1830 1683 1921 reici
1705 1850 1734 1905 er
1755 1842 1944 1922 sossensi).
1972 1846 2029 1921 (ει.
2052 1819 2116 1920 Β.)

842 1984 963 2049 Datum
987 1982 1077 2068 quod
1099 1983 1177 2049 fecit
1192 1983 1338 2050 decemb.
1356 1985 1426 2051 dies
1451 2008 1511 2049 sex
1534 1998 1666 2049 annox
1688 1991 1847 2067 regnante
1871 1981 1990 2046 domno
2013 1990 2128 2046 nostro
2146 1981 2267 2046 Carolc
2291 2002 2384 2065 rege;
2409 1996 2440 2042 ro

734 2095 845 2152 actum
871 2088 975 2173 Aquis
999 2088 1128 2173 palacio
1158 2088 1306 2174 publico;
1345 2091 1398 2153 in‘
1420 2089 1472 2154 dei
1497 2109 1617 2154 nomen
1640 2087 1779 2152 feliciter
1811 2089 1903 2163 (le
1939 2089 2002 2161 Epo
2025 2087 2201 2159 Adoouifus
2225 2090 2338 2161 scripsi
2361 2092 2387 2145 et

734 2194 922 2272 subscripsi).

1528 2486 1614 2559 119.

735 2645 829 2716 Kcrl
856 2646 920 2717 der
952 2644 1078 2735 Grossc
1106 2644 1264 2735 besldiipt
1290 2646 1368 2716 dem
1395 2643 1540 2717 lslcster
1567 2642 1612 2714 H
1616 2666 1730 2716 onoc
1755 2643 1813 2715 die
1840 2642 2064 2715 Immuuiiiii.

1976 2782 2098 2842 Herstul
2122 2785 2185 2842 778
2207 2782 2344 2843 Janaur.
2413 2798 2443 2844 lo

838 2976 932 3036 Iribcr
953 2976 1068 3034 iuriam
1091 2974 1156 3035 ecci.
1179 2990 1202 3033 s.
1227 2973 1395 3043 Michaelis,
1425 2970 1577 3046 obpetasst
1603 2974 1748 3031 asciscier
1766 2974 1980 3032 1478-1506
2003 2972 2028 3043 f.
2054 2976 2075 3032 8
2104 2970 2253 3050 (deutsche
2282 2974 2389 3033 Ueber·

837 3078 972 3155 sescay)
996 3078 1049 3157 (B)
1073 3077 1137 3137 und
1160 3075 1324 3137 thrtulcr
1346 3094 1403 3137 aas
1427 3077 1479 3136 der
1500 3079 1623 3135 sweiters
1645 3075 1753 3149 Halfie
1777 3077 1828 3135 oles
1850 3078 1901 3136 15.
1926 3076 1980 3138 Jh.
2006 3076 2029 3146 1.
2055 3070 2084 3135 4'
2109 3076 2160 3154 (0)
2182 3079 2225 3134 im
2248 3078 2389 3137 Beeirks-

839 3184 939 3241 archiv
960 3201 1002 3241 su
1022 3181 1212 3255 Strossburp.
1237 3214 1278 3223 -
1301 3179 1456 3252 Abschrift
1480 3180 1530 3239 des
1553 3185 1604 3240 17.
1629 3179 1682 3240 Jh.
1707 3180 1756 3239 des
1779 3179 1871 3238 Ia‘ber
1892 3178 1981 3237 culae
2003 3180 2068 3238 eccl.
2092 3197 2115 3238 s.
2140 3180 2222 3237 Petri
2245 3184 2274 3238 et
2296 3178 2387 3239 Mich.

840 3286 961 3359 Arcesi.
986 3304 1013 3344 a.
1040 3287 1134 3356 1442,
1159 3282 1223 3343 ΟΕ.
1247 3288 1355 3345 17197
1378 3282 1401 3356 f.
1427 3276 1590 3345 102'r09
1613 3284 1722 3342 iader
1743 3283 2046 3343 Notioaalbibliotbelc
2066 3302 2107 3341 su
2130 3283 2221 3342 Paris
2246 3282 2315 3360 (E).

838 3423 986 3484 Mabiiion
997 3423 1077 3481 Ana.
1089 3427 1120 3493 2,
1138 3424 1201 3484 698
1216 3428 1250 3481 9⁸⁰
1264 3424 1305 3482 14
1321 3439 1336 3480 e
1352 3427 1404 3483 oet.
1420 3424 1481 3485 cod.
1494 3442 1518 3483 s.
1531 3425 1616 3483 Petri
1635 3423 1745 3482 Veteris
1762 3423 1798 3500 (s.
1814 3422 1878 3500 XI)
1893 3420 1963 3503 ((11)
1979 3420 2200 3494 uneulistdadiq
2216 3443 2258 3475 =
2271 3422 2388 3480 Eccurd
2409 3437 2440 3484 ao

842 3528 923 3601 Orip.
949 3528 1059 3587 chsb.
1086 3528 1147 3587 103
1169 3532 1204 3584 η’)
1219 3530 1248 3597 9,
1272 3548 1314 3581 =
1338 3526 1476 3602 Bouquet
1499 3530 1529 3598 5,
1553 3531 1615 3588 739
1639 3533 1673 3586 n⁰
1687 3531 1738 3587 42.
1765 3558 1803 3570 -
1828 3526 1979 3598 Schopriin
2001 3524 2067 3586 Ais.
2084 3524 2157 3598 dipl.
2178 3529 2208 3595 1,
2232 3527 2274 3584 50
2298 3531 2333 3583 a⁰
2346 3527 2388 3585 54

839 3630 936 3690 cccii.
961 3647 985 3689 s.
1012 3629 1076 3688 XV
1093 3646 1118 3691 s.
1142 3630 1225 3688 Petri
1248 3630 1315 3690 Seu.
1340 3631 1569 3704 uncoilstdndip.
1595 3664 1635 3674 —
1668 3630 1853 3689 Grondidier
1876 3630 1955 3687 Hist.
1980 3628 2016 3687 de
2038 3627 2220 3701 Strashourp
2242 3622 2292 3698 2⁶,
2325 3632 2388 3688 129

838 3741 872 3793 πθ
893 3737 935 3795 72
957 3750 993 3792 ec
1020 3735 1111 3792 chart.
1135 3750 1160 3792 s.
1187 3734 1271 3793 XVI
1292 3735 1372 3796 arch.
1400 3736 1525 3794 Tubero.
1550 3739 1578 3793 et
1607 3736 1667 3794 cod.
1699 3752 1722 3794 s.
1750 3734 1815 3793 XV
1836 3751 1860 3793 s.
1885 3734 1970 3791 Petri
1998 3733 2065 3793 Seri.
2095 3732 2318 3806 encolisiitndip
2347 3754 2388 3786 =

841 3838 940 3911 Mipne
963 3837 1076 3896 Potrol.
1101 3841 1152 3908 97,
1177 3840 1237 3897 961
1262 3840 1362 3897 1138.
1388 3872 1423 3882 -
1451 3838 1646 3898 lisidlbacher
1666 3842 1730 3898 214
1755 3836 1855 3916 (209).

844 3976 967 4047 Vorlape
996 3975 1042 4033 die
1066 3973 1264 4047 Bestdtiysmc
1286 3976 1474 4036 Kcrlmonns
1495 3984 1529 4034 n⁰
1552 3979 1602 4036 50.
1648 3976 1707 4036 Die
1734 3976 1876 4037 Urbunde
1902 3976 1971 4049 fact
1993 3977 2055 4035 sich
2078 3977 2142 4035 778
2173 3972 2263 4052 (aucis
2284 3978 2319 4034 irs
2341 3976 2388 4035 B:
2409 3990 2441 4039 to

838 4080 878 4141 im
902 4081 1044 4141 schenden
1066 4079 1126 4139 iore
1148 4097 1251 4139 unsers
1274 4079 1362 4156 richs)
1389 4098 1452 4139 aur
1472 4082 1583 4139 schwer
1604 4082 1653 4139 ins
1673 4080 1808 4140 liinercr
1830 4080 1898 4157 (opt.
1921 4079 2115 4139 Muhibccher
2137 4079 2155 4139 l.
2173 4077 2221 4155 c),
2246 4080 2390 4138 withrend

840 4186 919 4244 Xurl
940 4202 995 4244 oon
1010 4183 1183 4243 Weihuacht
1200 4186 1263 4245 778
1286 4186 1331 4244 bis
1348 4186 1415 4244 ilai
1431 4190 1493 4245 779
1517 4188 1551 4243 in
1566 4184 1690 4244 Herstal
1705 4185 1783 4243 weilt
1806 4183 1861 4244 soie
1883 4186 1960 4243 cuch
1976 4184 2084 4256 frither
2105 4186 2148 4242 im
2164 4184 2291 4243 Jcnsscr
2308 4190 2373 4244 777
2378 4209 2389 4261 ,·

840 4288 1111 4349 wchrscheiolicher
1126 4289 1171 4348 cis
1194 4289 1243 4347 die
1259 4289 1467 4367 Bcsupuchme
1489 4287 1553 4361 aas
1572 4290 1637 4347 eine
1659 4289 1782 4360 frethere
1798 4288 1963 4361 Handlunp
1985 4291 2026 4348 ist
2049 4290 2098 4346 eia
2112 4286 2388 4360 Abschreibcfeiiier

840 4394 893 4451 der
912 4394 1130 4466 qemeinsomen
1159 4392 1282 4466 Vorlepe
1303 4393 1340 4471 (X
1355 4397 1428 4453 sicit
1443 4394 1482 4453 XI
1505 4393 1575 4452 oder
1597 4393 1705 4453 decimo
1721 4398 1793 4453 sicit
1809 4393 1981 4470 undecimo),
2006 4392 2146 4452 wibrend
2170 4393 2220 4451 ein
2242 4392 2387 4451 Verselsra

839 4496 923 4557 VIIII
945 4500 1018 4555 stati
1039 4497 1065 4555 X
1087 4496 1158 4555 oder
1178 4513 1254 4557 nono
1277 4500 1350 4556 stati
1372 4496 1481 4557 docimo
1502 4497 1595 4555 coam
1618 4498 1822 4557 cnsunehmea
1844 4499 1893 4557 ist.
2408 4510 2441 4557 so

838 4682 983 4748 Karolus
1005 4683 1115 4767 gratia
1139 4682 1190 4749 dei
1212 4706 1273 4749 rex
1295 4684 1500 4749 Francorum
1525 4692 1557 4749 et
1581 4683 1880 4769 Longobardorum
1902 4705 1942 4748 ac
1966 4686 2120 4770 patritius
2145 4684 2388 4750 Romanorum·

737 4803 861 4853 omnibus
890 4803 1022 4867 episcopis
1052 4803 1196 4853 abbatibus
1224 4803 1338 4853 ducibus
1367 4804 1510 4854 comitibus
1538 4785 1711 4854 dornesncisl’
1733 4806 1841 4854 vicariis
1864 4795 2043 4855 centenariis⁰
2066 4804 2109 4853 vel
2143 4804 2268 4853 omuibus
2300 4806 2386 4854 missis

736 4909 834 4957 nostris
857 4906 1067 4957 discurrentibus
1083 4924 1099 4955 ιι
1120 4907 1307 4972 praesentibus
1331 4892 1458 4957 scillcet
1480 4914 1507 4958 et
1529 4909 1635 4959 futuris.
1740 4925 1755 4956 s
1770 4909 1916 4959 Maximum
1938 4910 2014 4974 regni
2037 4909 2120 4959 nostri
2143 4893 2176 4957 ln
2199 4893 2264 4957 hoc
2288 4925 2385 4975 augere

737 5011 868 5062 credimus
890 5012 1091 5074 munimentum,
1121 5012 1142 5060 si
1166 5010 1297 5061 beneficia
1319 5018 1452 5077 oportuna
1474 5012 1540 5061 locis
1563 5013 1735 5062 ecclesiarum
1758 4994 1905 5062 beniuola‘¹
1929 5012 2124 5063 deliberacione
2152 5012 2324 5063 concedimus
2356 5028 2387 5064 ac

736 5116 843 5165 domino
867 5119 1022 5181 protegente
1045 5114 1176 5165 stabilitor
1197 5114 1341 5179 perdurare
1365 5114 1530 5165 confidimus.
1568 5116 1654 5181 Igitur
1676 5120 1782 5168 noverit
1803 5118 1916 5168 solercia
1939 5123 2036 5180 vestra,
2067 5103 2164 5187 qula⁰
2188 5134 2238 5169 nos
2260 5118 2295 5168 ad
2318 5119 2384 5183 peti-
2408 5118 2439 5165 35

845 5200 857 5241 ¹
878 5218 1039 5269 venerabilis
1063 5219 1114 5267 viri
1137 5202 1232 5268 Beati
1256 5218 1360 5268 abbatis
1385 5219 1437 5270 tale
1460 5237 1508 5284 pro
1532 5226 1624 5271 eterna
1652 5223 1831 5273 retribucione
1853 5220 2014 5273 beneficium
2042 5223 2092 5271 risi
2116 5238 2208 5271 sumus
2231 5222 2386 5284 indulsisse,

736 5235 838 5269 cionem

737 5330 767 5374 ut
788 5325 816 5373 in
839 5323 918 5373 villus
940 5325 984 5374 vel
1006 5340 1048 5374 res
1064 5323 1175 5375 ecclesis
1199 5326 1284 5374 sancti
1300 5324 1440 5374 Michaelis
1463 5325 1616 5391 archangeli
1640 5325 1672 5375 de
1696 5327 1865 5384 monasterio,
1888 5325 1960 5391 quod
1983 5332 2023 5377 cst
2046 5332 2230 5376 constructum
2252 5326 2387 5376 ininsula

736 5422 844 5479 ersni⁸
865 5412 1008 5478 flumlnlfl
1025 5444 1076 5495 que
1099 5433 1211 5479 vocatur
1225 5411 1434 5495 flonenaugial,
1457 5412 1539 5495 quas¹
1561 5432 1678 5494 presenti
1701 5436 1819 5495 tompore
1842 5435 1889 5480 aut
1911 5412 2024 5482 nostrok
2046 5436 2095 5480 aut
2110 5432 2254 5481 cuiuslibet
2277 5446 2386 5481 munera

736 5535 834 5585 habere
864 5533 970 5583 videtur
992 5532 1035 5585 vel
1064 5548 1131 5597 quas
1154 5533 1280 5599 deinceps
1308 5536 1335 5582 in
1359 5536 1417 5583 iure
1440 5535 1524 5598 ipsius
1547 5536 1633 5585 sancti
1656 5534 1708 5586 loci
1732 5518 1861 5586 volueritl
1890 5536 1983 5585 diviua
2008 5537 2094 5600 pietas
2122 5536 2265 5600 ampliare,
2294 5536 2385 5587 nullus

738 5639 818 5689 iudex
842 5638 966 5703 publicus
989 5637 1023 5687 ad
1046 5653 1141 5687 causas
1164 5639 1326 5689 audiendum
1357 5640 1399 5689 vel
1422 5639 1497 5690 freda
1526 5639 1645 5705 undique
1674 5640 1833 5705 exigendum
1856 5632 2053 5707 quocumque¹¹²
2083 5645 2201 5703 tempore
2231 5632 2304 5700 [nou]
2327 5656 2384 5705 pre·
2408 5640 2440 5687 40

815 5811 872 5869 118.
893 5814 918 5877 c)
937 5810 1025 5865 dacor
1044 5828 1078 5861 an
1096 5809 1251 5864 verwischt.

814 5915 872 5971 110.
893 5918 918 5980 a)
936 5918 1117 5967 Romanarum
1138 5913 1161 5967 0
1236 5915 1264 5981 b)
1282 5915 1424 5965 dominicis
1446 5913 1483 5982 G,
1573 5916 1598 5980 c)
1616 5913 1685 5980 fehlt
1705 5913 1728 5967 0
1804 5916 1831 5978 d)
1850 5915 1981 5966 benevola
2001 5914 2031 5966 Ε
2046 5912 2108 5967 used
2126 5913 2159 5967 irs
2177 5914 2232 5968 ders
2250 5914 2387 5970 Deuites

890 5986 916 6052 e)
934 5988 980 6053 qui
999 5984 1029 6037 Ε
1131 5986 1152 6047 f)
1170 5983 1299 6036 darriaco
1318 5984 1426 6035 solertis
1445 5987 1496 6035 viri
1513 5983 1611 6052 petilpt
1631 5984 1653 6035 G
1757 5984 1785 6049 g)
1803 5987 1873 6035 Rani
1892 5985 1922 6037 E
2033 5984 2062 6050 h)
2080 5983 2238 6051 Hoinaugia
2256 5985 2287 6039 Ε

891 6056 911 6121 ί)
929 6070 996 6121 quos
1015 6054 1045 6107 Ε
1147 6054 1176 6118 lr)
1194 6052 1323 6106 daruacb
1342 6053 1487 6105 cuiuslibet
1504 6052 1602 6123 potilpt
1621 6053 1644 6105 Ο
1757 6053 1777 6118 l)
1795 6055 1931 6106 voluerint
1950 6052 1973 6107 0
2075 6053 2113 6117 m)
2131 6070 2238 6122 quoque
2256 6054 2287 6108 Ε

2311 6266 2325 6305 Ι
