5642 7159
666 777 733 843 430
1276 781 1701 842 salernitanensis.

668 970 795 1036 faciens
818 967 942 1034 liberos
965 979 1034 1034 tam
1057 975 1249 1056 praesentes
1274 990 1372 1054 quam
1396 977 1429 1033 et
1451 968 1590 1052 futuros,
1626 969 1681 1055 qui
1703 968 1844 1035 libenter
1871 969 2005 1035 eosdem
2030 979 2181 1057 quatuor
2206 991 2341 1036 aureos

669 1095 820 1140 nummos
849 1073 956 1139 daturi
987 1082 1073 1157 sunt,
1108 1095 1191 1158 quos
1219 1072 1308 1138 beati
1332 1073 1485 1157 Dionysii
1507 1073 1655 1138 Francos
1685 1073 1823 1159 proinde
1851 1075 1962 1139 vocari
1985 1074 2062 1141 volo
2090 1084 2126 1139 et
2153 1073 2338 1160 appellari

668 1178 776 1244 iubeo.
801 1178 876 1242 Hiie
900 1198 977 1262 ergo
1001 1187 1069 1242 tam
1092 1177 1190 1263 digne
1205 1200 1264 1265 per
1287 1198 1338 1242 me
1361 1177 1394 1241 in
1418 1177 1574 1243 honorem
1592 1176 1644 1243 dei
1667 1188 1699 1242 et
1721 1179 1836 1242 matris
1852 1176 2013 1242 ecclesiae
2035 1177 2338 1264 praecellentissi-

669 1303 797 1347 morum
818 1291 1001 1368 martyrum
1025 1281 1229 1347 dominorum
1251 1303 1398 1347 meorum
1422 1280 1563 1367 expletis
1585 1301 1647 1347 nec
1669 1304 1734 1347 uon
1758 1304 1817 1367 pro
1842 1284 1971 1348 animae
1993 1304 2085 1348 meae
2110 1282 2272 1348 remedio
2300 1293 2338 1348 et

669 1387 761 1470 regni
790 1384 971 1450 stabilitate
1000 1394 1033 1452 et
1059 1385 1201 1451 filiorum
1231 1385 1457 1452 incolumitate
1486 1385 1596 1471 palam
1630 1384 1783 1450 omnibus
1812 1386 1896 1469 dico,
1932 1386 2019 1472 quod
2047 1409 2067 1451 a
2095 1385 2199 1452 vobis
2238 1405 2380 1452 nunes

669 1489 810 1556 exeundi
833 1490 963 1575 copiam
986 1498 1062 1576 peto
1085 1510 1288 1576 regnumque
1311 1490 1474 1554 Franciae
1496 1489 1657 1576 relinquo,
1691 1497 1728 1555 ut
1750 1499 1826 1576 poet
1848 1489 1946 1556 deum
1975 1490 2047 1555 sitis
2070 1490 2161 1556 illius
2191 1512 2338 1577 semper

668 1593 822 1660 custodes
846 1614 886 1657 ao
918 1592 1053 1658 domini.
1098 1592 1134 1658 Si
1164 1594 1237 1680 quie
1261 1601 1371 1657 autem
1398 1602 1515 1658 contra
1537 1593 1600 1659 hoc
1627 1615 1721 1658 meae
1748 1594 1860 1680 regiae
1887 1594 2070 1659 maiestatis
2098 1603 2337 1680 praeceptum

668 1696 795 1783 aliquid
817 1705 1013 1782 attemptare
1036 1698 1303 1784 praesumpserit,
1326 1707 1482 1762 anatema
1506 1699 1549 1762 sit
1569 1719 1710 1783 reusque
1733 1698 1864 1763 divinae
1887 1698 2070 1762 maiestatis
2093 1706 2128 1762 et
2150 1695 2337 1762 humanae

669 1810 843 1866 censeatur
865 1803 1015 1887 sciatque
1038 1823 1073 1865 se
1096 1802 1130 1865 in
1154 1801 1302 1867 districto
1326 1824 1366 1866 ac
1389 1802 1559 1867 tremendo
1584 1804 1716 1887 superni
1738 1803 1855 1868 iudicis
1880 1803 2031 1868 examine
2054 1803 2229 1868 rationem
2254 1802 2335 1867 red·

669 1903 814 1969 diturum
837 1913 870 1968 et
893 1913 1027 1969 sanctos
1057 1914 1220 1989 martyres
1243 1906 1450 1991 Dionysium,
1485 1906 1655 1972 Rusticum
1679 1916 1711 1972 et
1732 1905 1959 1973 Eleutherium
1987 1907 2205 1972 adversarios
2233 1905 2336 1972 habi·
2363 1924 2396 1971 10

669 2017 788 2073 turum.
823 2008 867 2073 iit
890 2016 926 2073 ut
947 2006 1030 2073 haec
1054 2010 1233 2074 auctoritas
1256 2009 1379 2075 firmior
1402 2008 1563 2094 habeatur
1586 2021 1618 2077 et
1641 2010 1684 2076 ab
1709 2011 1861 2078 omnibus
1885 2012 2003 2078 certior
2023 2008 2196 2093 eradatur,
2224 2032 2338 2076 manu

669 2111 806 2197 propria
828 2133 902 2176 eam
928 2110 1041 2177 subter
1064 2114 1196 2197 signare
1218 2112 1349 2178 decrevi
1373 2122 1406 2178 et
1429 2114 1526 2200 sigilli
1551 2116 1614 2180 mei
1638 2123 1806 2181 caractere
1829 2114 1967 2200 sigillari
1991 2115 2082 2179 iussi.

773 2251 895 2316 Actum
917 2251 951 2316 in
967 2253 1168 2317 monasterio
1193 2254 1299 2318 sancti
1315 2252 1478 2338 Dionysii,
1502 2254 1606 2320 iudei
1628 2255 1760 2319 nomine
1783 2254 1931 2337 feliciter,
1955 2276 2041 2318 auno
2066 2252 2197 2318 domini
2219 2256 2339 2319 nostri

671 2356 747 2421 lesu
776 2352 899 2421 Christi
929 2355 1201 2440 octingentesimo
1234 2355 1361 2422 decimo
1391 2357 1485 2421 tertio
1514 2356 1754 2444 praesentibus,
1790 2379 1927 2444 quorum
1957 2358 2091 2422 nomina¹
2119 2355 2340 2422 subtitulata

673 2467 804 2523 suntet
828 2459 932 2544 sigua.
2366 2479 2399 2527 ro

774 2612 884 2680 Signum
907 2614 997 2665 Caroli
1019 2616 1180 2666 serenissimi
1204 2617 1312 2682 augusti
1335 2621 1361 2666 et
1382 2615 1548 2667 Francorum
1570 2599 1797 2687 gloriosissimi
1819 2616 1898 2682 regis.

775 2716 887 2785 Signum
908 2719 1020 2784 Turpini
1041 2719 1180 2769 Rememis
1202 2703 1452 2790 archipraesuli&

734 2811 736 2815 ’
775 2821 886 2888 Signum
908 2821 1032 2873 Gosberti
1054 2823 1249 2874 Bithnricensis
1271 2809 1503 2895 archiepiscopi.

776 2926 886 2993 Signum
907 2928 1018 2979 Ioannis
1039 2928 1227 2994 Lugdunensis
1250 2929 1452 2994 archiepiscopi.

774 3031 885 3099 Signum
907 3033 1016 3083 Imberti
1039 3031 1199 3084 Senoueueis
1220 3033 1423 3100 archiepiscopi.

774 3137 885 3203 Signum
906 3136 1040 3202 Amulphi
1061 3137 1224 3187 Turonensis
1246 3137 1449 3202 archiepiscopi.

776 3243 887 3310 Signum
908 3242 1014 3293 Nicolai
1036 3242 1197 3292 Viennensis
1218 3228 1450 3312 archiepiscopi.

775 3348 889 3414 Signum
909 3347 999 3396 Nescii
1020 3345 1148 3396 Tolosaui
1170 3329 1404 3416 archiepiscopi.

776 3450 888 3518 Signum
908 3451 1031 3501 Severini
1053 3450 1221 3500 Pictuvensis
1243 3434 1410 3499 antistitis.

776 3555 887 3622 Signum
909 3554 1038 3620 Stephani
1060 3556 1259 3606 Lemovicensis
1282 3555 1408 3620 episcopi.

777 3643 915 3731 Signum
938 3645 1149 3712 Erkanradi⁸
1171 3645 1361 3710 Parisiacao
1384 3642 1475 3708 urbis
1498 3643 1656 3730 episcopi.

776 3762 888 3830 Signum
909 3763 1046 3815 Achilleae
1068 3763 1247 3814 Alexandriae
1269 3763 1405 3812 antistitis.

776 3868 887 3934 Signum
909 3850 1041 3918 (ieroiuil'
1062 3868 1163 3933 Papiae
1187 3867 1314 3933 episcopi.

777 3957 914 4041 Signum
937 3955 1159 4022 Walchandi⁰
1181 3955 1377 4022 Leodiensis
1401 3955 1556 4041 episcopi.

778 4059 915 4146 Signum
939 4057 1118 4125 (lundulfi‘
1140 4060 1298 4125 Meteusis
1320 4061 1477 4144 episcopi.

777 4162 916 4249 Signum
937 4163 1132 4229 Theodulfi·
1155 4163 1402 4228 Aurelianensis
1427 4162 1584 4248 episcopi.

776 4283 888 4350 Signum
911 4265 1078 4333 Aneelmi¹
1098 4281 1307 4334 Mediolanensie
1329 4266 1487 4353 episcopi.

778 4372 914 4458 Signum
937 4372 1098 4438 Wolfoldi
1123 4371 1353 4438 Cremonensis
1376 4372 1534 4459 episcopi.

777 4491 889 4557 Signum
911 4475 1060 4540 Hilduini
1084 4493 1189 4542 abbane
1211 4509 1227 4542 e
1249 4477 1440 4543 monasterii
1464 4478 1569 4541 sancti
1593 4491 1726 4556 Dionysii.

778 4595 889 4661 Signum
911 4595 1032 4646 Floriani
1054 4597 1159 4647 abbatie
1181 4598 1282 4647 Montis
1303 4597 1417 4647 cassini.

1459 4859 1545 4936 287.

1410 5000 1589 5080 (Uuecht.)

676 5140 771 5209 Korl
798 5141 861 5211 der
892 5140 1019 5212 Groase
1045 5143 1183 5214 sobeukt
1209 5145 1287 5214 dem
1314 5143 1458 5213 Kleitor
1484 5142 1631 5212 Fuldo
1659 5139 1814 5212 Homelu
1841 5143 1889 5210 iou
1917 5139 2147 5229 Socbseuyou.

778 5435 848 5497 eoo.
871 5438 1042 5496 Eberhardi
1068 5455 1125 5497 oue
1153 5437 1206 5496 der
1228 5439 1318 5496 Mitte
1340 5439 1391 5497 des
1415 5443 1466 5498 12.
1491 5439 1543 5498 Jli.
1566 5439 1586 5495 2
1611 5438 1634 5510 t.
1660 5431 1710 5497 27'
1733 5439 1776 5495 im
1799 5435 2003 5497 Stuatsorehio
2030 5451 2071 5491 aa
2093 5432 2257 5511 Morbum
2286 5441 2348 5519 (0)
2375 5458 2411 5507 io

778 5561 819 5593 =
844 5540 1022 5600 Troussumt
1045 5542 1096 5600 des
1119 5542 1193 5601 Abte
1212 5542 1359 5602 Heinrich
1381 5560 1436 5601 roa
1451 5541 1554 5600 Fatela
1576 5559 1631 5600 ocu
1653 5544 1738 5600 1259
1762 5542 1795 5599 io
1816 5541 1890 5598 awci
1909 5535 2167 5613 gleiehlauteudeu
2191 5544 2270 5600 und
2295 5547 2347 5604 be·

776 5645 912 5718 siegelteu
934 5643 1194 5720 Austertiguuqea
1215 5665 1272 5706 aas
1296 5645 1396 5706 Cereri
1419 5648 1461 5704 im
1483 5645 1686 5705 Staotsarebiv
1707 5662 1748 5702 aa
1770 5645 1909 5702 Monster
1932 5640 1998 5720 (D).

752 5809 813 5866 28⁶.
832 5813 858 5876 a)
876 5804 1027 5865 Eikouradi
1046 5815 1072 5865 F
1156 5816 1183 5881 b)
1202 5815 1324 5868 Gerotiui
1342 5815 1372 5868 F
1456 5815 1481 5880 c)
1498 5813 1529 5865 iu
1549 5813 1598 5866 der
1618 5812 1782 5880 Descriptio
1801 5812 1989 5872 Frotmuudus‚
2008 5809 2053 5861 ein
2071 5807 2173 5873 Nome,
2194 5811 2256 5864 der
2277 5816 2348 5870 sicis

829 5880 861 5932 ie
879 5881 930 5935 der
947 5883 1146 5949 Biacbofsliste
1163 5901 1217 5938 eoae
1231 5884 1348 5937 Leittielt
1365 5884 1445 5936 uicbt
1462 5882 1564 5949 findet·
1583 5882 1868 5934 Waleaud810—836
1937 5881 1965 5943 d)
1983 5878 2107 5930 Candulfi
2120 5877 2157 5938 F,
2180 5879 2347 5951 Garadum

829 5950 879 6003 der
896 5952 1008 6021 Vorpciu
1026 5968 1056 6006 er
1069 5952 1190 6022 Drogoe,
1208 5953 1250 6006 Μ.
1267 5954 1300 6006 6.
1314 5953 1361 6006 SS.
1375 5957 1417 6014 13,
1431 5955 1493 6017 305,
1505 5955 1565 6012 306,
1585 5951 1617 6004 iu
1635 5951 1685 6004 der
1704 5950 1868 6018 Descriptio
1887 5949 1937 6002 der
1955 5947 2111 6013 usuredeue
2130 5946 2232 6002 Name
2248 5954 2346 6009 Israel
2372 5961 2409 6007 tt

830 6021 855 6082 e)
872 6019 904 6072 iu
923 6021 972 6074 der
1016 6022 1149 6088 eseriptio
1168 6021 1218 6076 der
1236 6021 1391 6086 erfuudeuc
1404 6021 1494 6076 Nonis
1506 6022 1654 6084 Girbertue,
1674 6019 1817 6084 Theodulf
1829 6021 1968 6073 ies-821
2039 6015 2110 6082 t)iu
2128 6014 2182 6069 der
2208 6019 2348 6096 Vos-lage

830 6092 906 6140 seiri
923 6095 1096 6158 (rer-eost
1114 6092 1229 6146 anselm
1246 6092 1400 6146 ese-822.
