<?xml version="1.0" encoding="UTF-8"?>
<!DOCTYPE html PUBLIC "-//W3C//DTD XHTML 1.0 Transitional//EN"
    "http://www.w3.org/TR/xhtml1/DTD/xhtml1-transitional.dtd">
<html xmlns="http://www.w3.org/1999/xhtml" xml:lang="en" lang="en">
 <head>
  <title>
</title>
<meta http-equiv="Content-Type" content="text/html;charset=utf-8" />
  <meta name='ocr-system' content='tesseract 3.04.00' />
  <meta name='ocr-capabilities' content='ocr_page ocr_carea ocr_par ocr_line ocrx_word'/>
</head>
<body>
  <div class='ocr_page' id='page_1' title='image "./monumentagerman01goog/monumentagerman01goog_0328.png"; bbox 0 0 5642 7159; ppageno 0'>
   <div class='ocr_carea' id='block_1_1' title="bbox 1068 734 2148 805">
    <p class='ocr_par' dir='ltr' id='par_1_1' title="bbox 1068 734 2148 805">
     <span class='ocr_line' id='line_1_1' title="bbox 1068 734 2148 805; baseline 0.002 -6"><span class='ocrx_word' id='word_1_1' title='bbox 1068 740 1189 800; x_wconf 82' lang='lat' dir='ltr'><strong>KAlth</strong></span> <span class='ocrx_word' id='word_1_2' title='bbox 1211 738 1301 800; x_wconf 70' lang='grc' dir='ltr'><strong>ΗΕΒ</strong></span> <span class='ocrx_word' id='word_1_3' title='bbox 1322 740 1488 801; x_wconf 71' lang='grc'><em>630883</em></span> <span class='ocrx_word' id='word_1_4' title='bbox 1512 736 1587 805; x_wconf 79' lang='grc'><strong>778.</strong></span> <span class='ocrx_word' id='word_1_5' title='bbox 2083 734 2148 802; x_wconf 78' lang='lat'><strong>315</strong></span> 
     </span>
    </p>
   </div>
   <div class='ocr_carea' id='block_1_2' title="bbox 449 924 2184 2888">
    <p class='ocr_par' dir='ltr' id='par_1_2' title="bbox 501 924 2149 1327">
     <span class='ocr_line' id='line_1_2' title="bbox 501 924 2149 1013; baseline 0.001 -22"><span class='ocrx_word' id='word_1_6' title='bbox 501 947 567 991; x_wconf 91' lang='lat' dir='ltr'><strong>non</strong></span> <span class='ocrx_word' id='word_1_7' title='bbox 591 925 724 991; x_wconf 88' lang='lat' dir='ltr'><strong>desinat</strong></span> <span class='ocrx_word' id='word_1_8' title='bbox 746 924 857 991; x_wconf 86' lang='lat' dir='ltr'><strong>divina</strong></span> <span class='ocrx_word' id='word_1_9' title='bbox 879 926 988 1011; x_wconf 90' lang='lat' dir='ltr'><strong>gratia</strong></span> <span class='ocrx_word' id='word_1_10' title='bbox 1010 926 1044 990; x_wconf 88' lang='lat' dir='ltr'><strong>in</strong></span> <span class='ocrx_word' id='word_1_11' title='bbox 1067 924 1290 1011; x_wconf 79' lang='lat' dir='ltr'><strong>expeditione,</strong></span> <span class='ocrx_word' id='word_1_12' title='bbox 1315 947 1414 1012; x_wconf 88' lang='lat' dir='ltr'><strong>quam</strong></span> <span class='ocrx_word' id='word_1_13' title='bbox 1439 927 1639 1012; x_wconf 76' lang='lat' dir='ltr'><strong>suscipimus</strong></span> <span class='ocrx_word' id='word_1_14' title='bbox 1662 936 1779 993; x_wconf 88' lang='lat' dir='ltr'><strong>contra</strong></span> <span class='ocrx_word' id='word_1_15' title='bbox 1793 934 1909 1013; x_wconf 88' lang='lat' dir='ltr'><strong>gentes</strong></span> <span class='ocrx_word' id='word_1_16' title='bbox 1930 925 2093 994; x_wconf 88' lang='lat' dir='ltr'><strong>barbaras</strong></span> <span class='ocrx_word' id='word_1_17' title='bbox 2116 937 2149 992; x_wconf 88' lang='lat' dir='ltr'><strong>et</strong></span> 
     </span>
     <span class='ocr_line' id='line_1_3' title="bbox 501 1026 2149 1117; baseline 0 -23"><span class='ocrx_word' id='word_1_18' title='bbox 501 1026 650 1094; x_wconf 90' lang='lat' dir='ltr'><strong>infideles</strong></span> <span class='ocrx_word' id='word_1_19' title='bbox 673 1051 733 1115; x_wconf 93' lang='lat' dir='ltr'><strong>pro</strong></span> <span class='ocrx_word' id='word_1_20' title='bbox 757 1026 910 1094; x_wconf 90' lang='lat' dir='ltr'><strong>libertate</strong></span> <span class='ocrx_word' id='word_1_21' title='bbox 933 1027 1188 1094; x_wconf 88' lang='lat' dir='ltr'><strong>christianorum</strong></span> <span class='ocrx_word' id='word_1_22' title='bbox 1212 1029 1244 1095; x_wconf 91' lang='lat' dir='ltr'><strong>in</strong></span> <span class='ocrx_word' id='word_1_23' title='bbox 1263 1030 1430 1117; x_wconf 89' lang='lat' dir='ltr'><strong>Hispania</strong></span> <span class='ocrx_word' id='word_1_24' title='bbox 1451 1032 1661 1116; x_wconf 85' lang='lat' dir='ltr'><strong>gementium,</strong></span> <span class='ocrx_word' id='word_1_25' title='bbox 1685 1031 1803 1097; x_wconf 88' lang='lat' dir='ltr'><strong>damus</strong></span> <span class='ocrx_word' id='word_1_26' title='bbox 1826 1029 2005 1097; x_wconf 83' lang='lat' dir='ltr'><strong>venerabili</strong></span> <span class='ocrx_word' id='word_1_27' title='bbox 2028 1030 2149 1097; x_wconf 89' lang='lat' dir='ltr'><strong>Othoni</strong></span> 
     </span>
     <span class='ocr_line' id='line_1_4' title="bbox 501 1131 2149 1222; baseline 0.001 -24"><span class='ocrx_word' id='word_1_28' title='bbox 501 1131 616 1198; x_wconf 90' lang='lat' dir='ltr'><strong>abbati</strong></span> <span class='ocrx_word' id='word_1_29' title='bbox 639 1143 673 1198; x_wconf 88' lang='lat' dir='ltr'><strong>et</strong></span> <span class='ocrx_word' id='word_1_30' title='bbox 694 1131 852 1198; x_wconf 88' lang='lat' dir='ltr'><strong>fratribus</strong></span> <span class='ocrx_word' id='word_1_31' title='bbox 880 1133 951 1199; x_wconf 91' lang='lat' dir='ltr'><strong>eius</strong></span> <span class='ocrx_word' id='word_1_32' title='bbox 973 1142 1079 1199; x_wconf 87' lang='lat' dir='ltr'><strong>totam</strong></span> <span class='ocrx_word' id='word_1_33' title='bbox 1107 1132 1198 1199; x_wconf 88' lang='lat' dir='ltr'><strong>illam</strong></span> <span class='ocrx_word' id='word_1_34' title='bbox 1227 1142 1359 1216; x_wconf 88' lang='lat' dir='ltr'><strong>terram,</strong></span> <span class='ocrx_word' id='word_1_35' title='bbox 1395 1156 1480 1222; x_wconf 90' lang='lat' dir='ltr'><strong>quae</strong></span> <span class='ocrx_word' id='word_1_36' title='bbox 1510 1142 1561 1199; x_wconf 92' lang='lat' dir='ltr'><strong>est</strong></span> <span class='ocrx_word' id='word_1_37' title='bbox 1582 1136 1667 1200; x_wconf 89' lang='lat' dir='ltr'><strong>inter</strong></span> <span class='ocrx_word' id='word_1_38' title='bbox 1694 1134 1778 1200; x_wconf 91' lang='lat' dir='ltr'><strong>duos</strong></span> <span class='ocrx_word' id='word_1_39' title='bbox 1806 1134 1924 1201; x_wconf 87' lang='lat' dir='ltr'><strong>fluvios</strong></span> <span class='ocrx_word' id='word_1_40' title='bbox 1953 1133 2106 1201; x_wconf 82' lang='lat' dir='ltr'><strong>Gavaros</strong></span> <span class='ocrx_word' id='word_1_41' title='bbox 2128 1156 2149 1199; x_wconf 89' lang='lat' dir='ltr'><strong>a</strong></span> 
     </span>
     <span class='ocr_line' id='line_1_5' title="bbox 501 1234 2149 1327; baseline 0.003 -26"><span class='ocrx_word' id='word_1_42' title='bbox 501 1236 588 1301; x_wconf 88' lang='lat' dir='ltr'><strong>valle</strong></span> <span class='ocrx_word' id='word_1_43' title='bbox 602 1236 718 1301; x_wconf 84' lang='lat' dir='ltr'><strong>Fontis</strong></span> <span class='ocrx_word' id='word_1_44' title='bbox 743 1234 822 1301; x_wconf 90' lang='lat' dir='ltr'><strong>salsi</strong></span> <span class='ocrx_word' id='word_1_45' title='bbox 845 1235 889 1300; x_wconf 99' lang='lat' dir='ltr'><strong>ad</strong></span> <span class='ocrx_word' id='word_1_46' title='bbox 912 1236 1125 1315; x_wconf 88' lang='lat' dir='ltr'><strong>confluentes,</strong></span> <span class='ocrx_word' id='word_1_47' title='bbox 1149 1259 1223 1304; x_wconf 89' lang='lat' dir='ltr'><strong>oum</strong></span> <span class='ocrx_word' id='word_1_48' title='bbox 1245 1238 1398 1305; x_wconf 89' lang='lat' dir='ltr'><strong>omnibus</strong></span> <span class='ocrx_word' id='word_1_49' title='bbox 1421 1236 1542 1305; x_wconf 73' lang='lat' dir='ltr'><strong>rebusb</strong></span> <span class='ocrx_word' id='word_1_50' title='bbox 1565 1239 1759 1305; x_wconf 90' lang='lat' dir='ltr'><strong>adiacentiis</strong></span> <span class='ocrx_word' id='word_1_51' title='bbox 1776 1248 1810 1305; x_wconf 92' lang='lat' dir='ltr'><strong>et</strong></span> <span class='ocrx_word' id='word_1_52' title='bbox 1832 1238 2033 1327; x_wconf 75' lang='lat' dir='ltr'><strong>appenditiis</strong></span> <span class='ocrx_word' id='word_1_53' title='bbox 2050 1241 2149 1326; x_wconf 92' lang='lat' dir='ltr'><strong>perti·</strong></span> 
     </span>
    </p>

    <p class='ocr_par' dir='ltr' id='par_1_3' title="bbox 463 1339 2184 1845">
     <span class='ocr_line' id='line_1_6' title="bbox 463 1339 2184 1430; baseline 0.001 -24"><span class='ocrx_word' id='word_1_54' title='bbox 463 1339 655 1406; x_wconf 80' lang='lat' dir='ltr'><strong>suentibus</strong></span> <span class='ocrx_word' id='word_1_55' title='bbox 689 1340 732 1405; x_wconf 87' lang='lat' dir='ltr'><strong>ad</strong></span> <span class='ocrx_word' id='word_1_56' title='bbox 761 1339 884 1405; x_wconf 87' lang='lat' dir='ltr'><strong>dictam</strong></span> <span class='ocrx_word' id='word_1_57' title='bbox 912 1349 1033 1407; x_wconf 90' lang='lat' dir='ltr'><strong>terram</strong></span> <span class='ocrx_word' id='word_1_58' title='bbox 1066 1341 1203 1427; x_wconf 88' lang='lat' dir='ltr'><strong>eiusque</strong></span> <span class='ocrx_word' id='word_1_59' title='bbox 1232 1342 1344 1428; x_wconf 86' lang='lat' dir='ltr'><strong>sylvas</strong></span> <span class='ocrx_word' id='word_1_60' title='bbox 1371 1350 1468 1430; x_wconf 89' lang='lat' dir='ltr'><strong>prata</strong></span> <span class='ocrx_word' id='word_1_61' title='bbox 1501 1364 1637 1409; x_wconf 91' lang='lat' dir='ltr'><strong>nemora</strong></span> <span class='ocrx_word' id='word_1_62' title='bbox 1666 1364 1791 1430; x_wconf 88' lang='lat' dir='ltr'><strong>pascua</strong></span> <span class='ocrx_word' id='word_1_63' title='bbox 1823 1346 1939 1410; x_wconf 87' lang='lat' dir='ltr'><strong>vineas</strong></span> <span class='ocrx_word' id='word_1_64' title='bbox 1967 1342 2084 1410; x_wconf 89' lang='lat' dir='ltr'><strong>domos</strong></span> <span class='ocrx_word' id='word_1_65' title='bbox 2118 1352 2151 1408; x_wconf 87' lang='lat' dir='ltr'><strong>et</strong></span> <span class='ocrx_word' id='word_1_66' title='bbox 2178 1405 2184 1415; x_wconf 83' lang='grc'><em>,</em></span> 
     </span>
     <span class='ocr_line' id='line_1_7' title="bbox 502 1442 2150 1534; baseline 0.002 -25"><span class='ocrx_word' id='word_1_67' title='bbox 502 1443 635 1509; x_wconf 88' lang='lat' dir='ltr'><strong>accolas</strong></span> <span class='ocrx_word' id='word_1_68' title='bbox 664 1465 781 1531; x_wconf 91' lang='lat' dir='ltr'><strong>aquas,</strong></span> <span class='ocrx_word' id='word_1_69' title='bbox 814 1442 892 1509; x_wconf 88' lang='lat' dir='ltr'><strong>item</strong></span> <span class='ocrx_word' id='word_1_70' title='bbox 921 1465 1034 1509; x_wconf 87' lang='lat' dir='ltr'><strong>omnes</strong></span> <span class='ocrx_word' id='word_1_71' title='bbox 1063 1445 1251 1530; x_wconf 88' lang='lat' dir='ltr'><strong>praedictas</strong></span> <span class='ocrx_word' id='word_1_72' title='bbox 1283 1445 1412 1532; x_wconf 88' lang='lat' dir='ltr'><strong>[aquas]</strong></span> <span class='ocrx_word' id='word_1_73' title='bbox 1441 1468 1669 1534; x_wconf 88' lang='lat' dir='ltr'><strong>aquarumque</strong></span> <span class='ocrx_word' id='word_1_74' title='bbox 1702 1446 1861 1513; x_wconf 88' lang='lat' dir='ltr'><strong>decursus</strong></span> <span class='ocrx_word' id='word_1_75' title='bbox 1891 1446 2004 1513; x_wconf 89' lang='lat' dir='ltr'><strong>littora</strong></span> <span class='ocrx_word' id='word_1_76' title='bbox 2035 1455 2150 1534; x_wconf 85' lang='lat' dir='ltr'><strong>portus</strong></span> 
     </span>
     <span class='ocr_line' id='line_1_8' title="bbox 502 1547 2151 1638; baseline 0.002 -26"><span class='ocrx_word' id='word_1_77' title='bbox 502 1548 706 1634; x_wconf 85' lang='lat' dir='ltr'><strong>piscationes</strong></span> <span class='ocrx_word' id='word_1_78' title='bbox 730 1556 762 1613; x_wconf 94' lang='lat' dir='ltr'><strong>et</strong></span> <span class='ocrx_word' id='word_1_79' title='bbox 785 1549 812 1613; x_wconf 91' lang='lat' dir='ltr'><strong>si</strong></span> <span class='ocrx_word' id='word_1_80' title='bbox 837 1569 922 1635; x_wconf 86' lang='lat' dir='ltr'><strong>quae</strong></span> <span class='ocrx_word' id='word_1_81' title='bbox 945 1548 1012 1613; x_wconf 91' lang='lat' dir='ltr'><strong>sint</strong></span> <span class='ocrx_word' id='word_1_82' title='bbox 1034 1547 1110 1631; x_wconf 87' lang='lat' dir='ltr'><strong>alia,</strong></span> <span class='ocrx_word' id='word_1_83' title='bbox 1133 1570 1340 1615; x_wconf 84' lang='lat' dir='ltr'><strong>cumrerum</strong></span> <span class='ocrx_word' id='word_1_84' title='bbox 1364 1551 1510 1615; x_wconf 92' lang='lat' dir='ltr'><strong>omnium</strong></span> <span class='ocrx_word' id='word_1_85' title='bbox 1531 1552 1779 1637; x_wconf 86' lang='lat' dir='ltr'><strong>praedictarum</strong></span> <span class='ocrx_word' id='word_1_86' title='bbox 1795 1552 1982 1638; x_wconf 88' lang='lat' dir='ltr'><strong>integritate</strong></span> <span class='ocrx_word' id='word_1_87' title='bbox 2005 1559 2038 1617; x_wconf 98' lang='lat' dir='ltr'><strong>et</strong></span> <span class='ocrx_word' id='word_1_88' title='bbox 2061 1553 2151 1617; x_wconf 90' lang='lat' dir='ltr'><strong>omni</strong></span> 
     </span>
     <span class='ocr_line' id='line_1_9' title="bbox 503 1652 2152 1742; baseline 0.002 -26"><span class='ocrx_word' id='word_1_89' title='bbox 503 1652 676 1718; x_wconf 86' lang='lat' dir='ltr'><strong>iudiciaria</strong></span> <span class='ocrx_word' id='word_1_90' title='bbox 698 1661 873 1739; x_wconf 75' lang='lat' dir='ltr'><strong>potestate,</strong></span> <span class='ocrx_word' id='word_1_91' title='bbox 909 1653 996 1718; x_wconf 87' lang='lat' dir='ltr'><strong>sicut</strong></span> <span class='ocrx_word' id='word_1_92' title='bbox 1018 1652 1178 1718; x_wconf 88' lang='lat' dir='ltr'><strong>haetenus</strong></span> <span class='ocrx_word' id='word_1_93' title='bbox 1201 1677 1222 1719; x_wconf 88' lang='lat' dir='ltr'><strong>a</strong></span> <span class='ocrx_word' id='word_1_94' title='bbox 1243 1655 1325 1721; x_wconf 88' lang='lat' dir='ltr'><strong>fisco</strong></span> <span class='ocrx_word' id='word_1_95' title='bbox 1349 1663 1462 1719; x_wconf 90' lang='lat' dir='ltr'><strong>nostro</strong></span> <span class='ocrx_word' id='word_1_96' title='bbox 1487 1663 1519 1720; x_wconf 92' lang='lat' dir='ltr'><strong>et</strong></span> <span class='ocrx_word' id='word_1_97' title='bbox 1542 1654 1854 1742; x_wconf 83' lang='lat' dir='ltr'><strong>praedecessoribus</strong></span> <span class='ocrx_word' id='word_1_98' title='bbox 1877 1656 1998 1722; x_wconf 86' lang='lat' dir='ltr'><strong>nostris</strong></span> <span class='ocrx_word' id='word_1_99' title='bbox 2021 1656 2152 1721; x_wconf 88' lang='lat' dir='ltr'><strong>fuerunt</strong></span> 
     </span>
     <span class='ocr_line' id='line_1_10' title="bbox 502 1757 2151 1845; baseline 0.001 -23"><span class='ocrx_word' id='word_1_100' title='bbox 502 1773 672 1843; x_wconf 88' lang='lat' dir='ltr'><strong>possessa.</strong></span> <span class='ocrx_word' id='word_1_101' title='bbox 697 1757 881 1823; x_wconf 88' lang='lat' dir='ltr'><strong>Statuimus</strong></span> <span class='ocrx_word' id='word_1_102' title='bbox 905 1758 1015 1840; x_wconf 89' lang='lat' dir='ltr'><strong>etiam,</strong></span> <span class='ocrx_word' id='word_1_103' title='bbox 1038 1766 1075 1822; x_wconf 90' lang='lat' dir='ltr'><strong>ut</strong></span> <span class='ocrx_word' id='word_1_104' title='bbox 1097 1758 1131 1822; x_wconf 91' lang='lat' dir='ltr'><strong>in</strong></span> <span class='ocrx_word' id='word_1_105' title='bbox 1146 1767 1234 1823; x_wconf 88' lang='lat' dir='ltr'><strong>terra</strong></span> <span class='ocrx_word' id='word_1_106' title='bbox 1257 1758 1430 1845; x_wconf 83' lang='lat' dir='ltr'><strong>praedicta</strong></span> <span class='ocrx_word' id='word_1_107' title='bbox 1446 1759 1637 1825; x_wconf 87' lang='lat' dir='ltr'><strong>aedificetur</strong></span> <span class='ocrx_word' id='word_1_108' title='bbox 1660 1759 1897 1824; x_wconf 90' lang='lat' dir='ltr'><strong>monasterium</strong></span> <span class='ocrx_word' id='word_1_109' title='bbox 1913 1758 2019 1825; x_wconf 93' lang='lat' dir='ltr'><strong>eidem</strong></span> <span class='ocrx_word' id='word_1_110' title='bbox 2036 1757 2151 1824; x_wconf 88' lang='lat' dir='ltr'><strong>abbati</strong></span> 
     </span>
    </p>

    <p class='ocr_par' dir='ltr' id='par_1_4' title="bbox 449 1859 2156 2367">
     <span class='ocr_line' id='line_1_11' title="bbox 449 1859 2151 1949; baseline 0.002 -25"><span class='ocrx_word' id='word_1_111' title='bbox 449 1876 481 1925; x_wconf 85' lang='grc' dir='ltr'><strong>ιο</strong></span> <span class='ocrx_word' id='word_1_112' title='bbox 504 1860 627 1928; x_wconf 85' lang='lat' dir='ltr'><strong>Othoni</strong></span> <span class='ocrx_word' id='word_1_113' title='bbox 643 1870 677 1927; x_wconf 93' lang='lat' dir='ltr'><strong>et</strong></span> <span class='ocrx_word' id='word_1_114' title='bbox 688 1859 848 1927; x_wconf 88' lang='lat' dir='ltr'><strong>fratribus</strong></span> <span class='ocrx_word' id='word_1_115' title='bbox 865 1862 936 1928; x_wconf 91' lang='lat' dir='ltr'><strong>eius</strong></span> <span class='ocrx_word' id='word_1_116' title='bbox 952 1871 985 1927; x_wconf 90' lang='lat' dir='ltr'><strong>et</strong></span> <span class='ocrx_word' id='word_1_117' title='bbox 997 1861 1162 1927; x_wconf 85' lang='lat' dir='ltr'><strong>exaltetur</strong></span> <span class='ocrx_word' id='word_1_118' title='bbox 1174 1862 1331 1949; x_wconf 92' lang='lat' dir='ltr'><strong>templum</strong></span> <span class='ocrx_word' id='word_1_119' title='bbox 1345 1863 1478 1930; x_wconf 93' lang='lat' dir='ltr'><strong>domino</strong></span> <span class='ocrx_word' id='word_1_120' title='bbox 1493 1864 1556 1930; x_wconf 92' lang='lat' dir='ltr'><strong>sub</strong></span> <span class='ocrx_word' id='word_1_121' title='bbox 1573 1864 1669 1930; x_wconf 91' lang='lat' dir='ltr'><strong>titulo</strong></span> <span class='ocrx_word' id='word_1_122' title='bbox 1683 1866 1788 1929; x_wconf 88' lang='lat' dir='ltr'><strong>sancti</strong></span> <span class='ocrx_word' id='word_1_123' title='bbox 1800 1862 1957 1930; x_wconf 88' lang='lat' dir='ltr'><strong>Iohannis</strong></span> <span class='ocrx_word' id='word_1_124' title='bbox 1969 1862 2151 1948; x_wconf 87' lang='lat' dir='ltr'><strong>Baptistae,</strong></span> 
     </span>
     <span class='ocr_line' id='line_1_12' title="bbox 502 1964 2153 2053; baseline 0.001 -24"><span class='ocrx_word' id='word_1_125' title='bbox 502 1974 550 2048; x_wconf 87' lang='lat' dir='ltr'><strong>ut,</strong></span> <span class='ocrx_word' id='word_1_126' title='bbox 580 1968 635 2052; x_wconf 91' lang='lat' dir='ltr'><strong>qui</strong></span> <span class='ocrx_word' id='word_1_127' title='bbox 659 1986 853 2053; x_wconf 88' lang='lat' dir='ltr'><strong>praecursor</strong></span> <span class='ocrx_word' id='word_1_128' title='bbox 876 1966 939 2031; x_wconf 86' lang='lat' dir='ltr'><strong>fuit</strong></span> <span class='ocrx_word' id='word_1_129' title='bbox 962 1965 1140 2031; x_wconf 85' lang='lat' dir='ltr'><strong>salvatoris</strong></span> <span class='ocrx_word' id='word_1_130' title='bbox 1162 1966 1266 2032; x_wconf 86' lang='lat' dir='ltr'><strong>nostri</strong></span> <span class='ocrx_word' id='word_1_131' title='bbox 1289 1966 1365 2032; x_wconf 92' lang='lat' dir='ltr'><strong>Iesu</strong></span> <span class='ocrx_word' id='word_1_132' title='bbox 1389 1964 1513 2033; x_wconf 81' lang='lat' dir='ltr'><strong>Christi</strong></span> <span class='ocrx_word' id='word_1_133' title='bbox 1536 1968 1698 2050; x_wconf 90' lang='lat' dir='ltr'><strong>interris,</strong></span> <span class='ocrx_word' id='word_1_134' title='bbox 1732 1968 1859 2033; x_wconf 88' lang='lat' dir='ltr'><strong>meritis</strong></span> <span class='ocrx_word' id='word_1_135' title='bbox 1883 1967 1950 2031; x_wconf 90' lang='lat' dir='ltr'><strong>suis</strong></span> <span class='ocrx_word' id='word_1_136' title='bbox 1979 1975 2013 2032; x_wconf 92' lang='lat' dir='ltr'><strong>et</strong></span> <span class='ocrx_word' id='word_1_137' title='bbox 2035 1966 2153 2032; x_wconf 90' lang='lat' dir='ltr'><strong>oratio·</strong></span> 
     </span>
     <span class='ocr_line' id='line_1_13' title="bbox 503 2068 2155 2158; baseline 0 -25"><span class='ocrx_word' id='word_1_138' title='bbox 503 2068 600 2134; x_wconf 91' lang='lat' dir='ltr'><strong>nibus</strong></span> <span class='ocrx_word' id='word_1_139' title='bbox 630 2069 757 2135; x_wconf 85' lang='lat' dir='ltr'><strong>felicem</strong></span> <span class='ocrx_word' id='word_1_140' title='bbox 781 2068 877 2136; x_wconf 92' lang='lat' dir='ltr'><strong>nobis</strong></span> <span class='ocrx_word' id='word_1_141' title='bbox 908 2070 1154 2157; x_wconf 81' lang='lat' dir='ltr'><strong>expeditionem</strong></span> <span class='ocrx_word' id='word_1_142' title='bbox 1176 2071 1354 2156; x_wconf 87' lang='lat' dir='ltr'><strong>impetrare</strong></span> <span class='ocrx_word' id='word_1_143' title='bbox 1383 2078 1416 2136; x_wconf 92' lang='lat' dir='ltr'><strong>et</strong></span> <span class='ocrx_word' id='word_1_144' title='bbox 1438 2093 1638 2158; x_wconf 83' lang='lat' dir='ltr'><strong>praeparare</strong></span> <span class='ocrx_word' id='word_1_145' title='bbox 1669 2070 1831 2157; x_wconf 88' lang='lat' dir='ltr'><strong>dignetur,</strong></span> <span class='ocrx_word' id='word_1_146' title='bbox 1867 2071 1923 2158; x_wconf 92' lang='lat' dir='ltr'><strong>qui</strong></span> <span class='ocrx_word' id='word_1_147' title='bbox 1945 2069 2044 2135; x_wconf 92' lang='lat' dir='ltr'><strong>modo</strong></span> <span class='ocrx_word' id='word_1_148' title='bbox 2067 2070 2155 2134; x_wconf 86' lang='lat' dir='ltr'><strong>venit</strong></span> 
     </span>
     <span class='ocr_line' id='line_1_14' title="bbox 504 2172 2154 2262; baseline -0.001 -23"><span class='ocrx_word' id='word_1_149' title='bbox 504 2173 667 2261; x_wconf 88' lang='lat' dir='ltr'><strong>gloriosus</strong></span> <span class='ocrx_word' id='word_1_150' title='bbox 691 2172 816 2262; x_wconf 83' lang='lat' dir='ltr'><strong>martyr</strong></span> <span class='ocrx_word' id='word_1_151' title='bbox 838 2177 872 2240; x_wconf 93' lang='lat' dir='ltr'><strong>in</strong></span> <span class='ocrx_word' id='word_1_152' title='bbox 895 2175 1006 2242; x_wconf 85' lang='lat' dir='ltr'><strong>coelis.</strong></span> <span class='ocrx_word' id='word_1_153' title='bbox 1040 2176 1203 2242; x_wconf 87' lang='lat' dir='ltr'><strong>Volumus</strong></span> <span class='ocrx_word' id='word_1_154' title='bbox 1227 2176 1353 2261; x_wconf 92' lang='lat' dir='ltr'><strong>pariter</strong></span> <span class='ocrx_word' id='word_1_155' title='bbox 1375 2183 1408 2241; x_wconf 89' lang='lat' dir='ltr'><strong>et</strong></span> <span class='ocrx_word' id='word_1_156' title='bbox 1431 2175 1634 2259; x_wconf 89' lang='lat' dir='ltr'><strong>ordinamus,</strong></span> <span class='ocrx_word' id='word_1_157' title='bbox 1656 2184 1694 2241; x_wconf 89' lang='lat' dir='ltr'><strong>ut</strong></span> <span class='ocrx_word' id='word_1_158' title='bbox 1717 2176 1781 2240; x_wconf 90' lang='lat' dir='ltr'><strong>sint</strong></span> <span class='ocrx_word' id='word_1_159' title='bbox 1805 2175 1980 2241; x_wconf 91' lang='lat' dir='ltr'><strong>duodecim</strong></span> <span class='ocrx_word' id='word_1_160' title='bbox 2001 2172 2154 2240; x_wconf 88' lang='lat' dir='ltr'><strong>monachi</strong></span> 
     </span>
     <span class='ocr_line' id='line_1_15' title="bbox 503 2277 2156 2367; baseline -0.001 -24"><span class='ocrx_word' id='word_1_161' title='bbox 503 2279 536 2343; x_wconf 91' lang='lat' dir='ltr'><strong>in</strong></span> <span class='ocrx_word' id='word_1_162' title='bbox 565 2277 654 2345; x_wconf 92' lang='lat' dir='ltr'><strong>dicto</strong></span> <span class='ocrx_word' id='word_1_163' title='bbox 678 2279 889 2363; x_wconf 86' lang='lat' dir='ltr'><strong>monasterio,</strong></span> <span class='ocrx_word' id='word_1_164' title='bbox 924 2280 980 2366; x_wconf 90' lang='lat' dir='ltr'><strong>qui</strong></span> <span class='ocrx_word' id='word_1_165' title='bbox 1002 2280 1083 2346; x_wconf 91' lang='lat' dir='ltr'><strong>nulli</strong></span> <span class='ocrx_word' id='word_1_166' title='bbox 1111 2282 1269 2366; x_wconf 89' lang='lat' dir='ltr'><strong>episeopo</strong></span> <span class='ocrx_word' id='word_1_167' title='bbox 1292 2281 1384 2366; x_wconf 91' lang='lat' dir='ltr'><strong>regni</strong></span> <span class='ocrx_word' id='word_1_168' title='bbox 1412 2282 1521 2346; x_wconf 88' lang='lat' dir='ltr'><strong>nostri</strong></span> <span class='ocrx_word' id='word_1_169' title='bbox 1545 2280 1712 2367; x_wconf 89' lang='lat' dir='ltr'><strong>praesenti</strong></span> <span class='ocrx_word' id='word_1_170' title='bbox 1740 2278 1793 2344; x_wconf 86' lang='lat' dir='ltr'><strong>vel</strong></span> <span class='ocrx_word' id='word_1_171' title='bbox 1816 2280 1936 2361; x_wconf 86' lang='lat' dir='ltr'><strong>futuro,</strong></span> <span class='ocrx_word' id='word_1_172' title='bbox 1972 2278 2030 2344; x_wconf 90' lang='lat' dir='ltr'><strong>sed</strong></span> <span class='ocrx_word' id='word_1_173' title='bbox 2054 2277 2156 2343; x_wconf 90' lang='lat' dir='ltr'><strong>solius</strong></span> 
     </span>
    </p>

    <p class='ocr_par' dir='ltr' id='par_1_5' title="bbox 451 2382 2158 2888">
     <span class='ocr_line' id='line_1_16' title="bbox 451 2382 2156 2471; baseline -0.002 -24"><span class='ocrx_word' id='word_1_174' title='bbox 451 2399 482 2447; x_wconf 78' lang='lat' dir='ltr'><strong>ie</strong></span> <span class='ocrx_word' id='word_1_175' title='bbox 506 2382 637 2449; x_wconf 88' lang='lat' dir='ltr'><strong>abbatis</strong></span> <span class='ocrx_word' id='word_1_176' title='bbox 661 2393 694 2449; x_wconf 90' lang='lat' dir='ltr'><strong>et</strong></span> <span class='ocrx_word' id='word_1_177' title='bbox 715 2386 856 2451; x_wconf 89' lang='lat' dir='ltr'><strong>Romani</strong></span> <span class='ocrx_word' id='word_1_178' title='bbox 880 2386 1048 2471; x_wconf 86' lang='lat' dir='ltr'><strong>pontificis</strong></span> <span class='ocrx_word' id='word_1_179' title='bbox 1071 2386 1262 2453; x_wconf 87' lang='lat' dir='ltr'><strong>auctoritati</strong></span> <span class='ocrx_word' id='word_1_180' title='bbox 1291 2386 1357 2450; x_wconf 92' lang='lat' dir='ltr'><strong>sint</strong></span> <span class='ocrx_word' id='word_1_181' title='bbox 1385 2384 1510 2450; x_wconf 90' lang='lat' dir='ltr'><strong>addicti</strong></span> <span class='ocrx_word' id='word_1_182' title='bbox 1542 2393 1576 2450; x_wconf 92' lang='lat' dir='ltr'><strong>et</strong></span> <span class='ocrx_word' id='word_1_183' title='bbox 1604 2383 1775 2449; x_wconf 88' lang='lat' dir='ltr'><strong>assiduam</strong></span> <span class='ocrx_word' id='word_1_184' title='bbox 1796 2382 1933 2470; x_wconf 87' lang='lat' dir='ltr'><strong>psalmis</strong></span> <span class='ocrx_word' id='word_1_185' title='bbox 1962 2391 1994 2447; x_wconf 89' lang='lat' dir='ltr'><strong>et</strong></span> <span class='ocrx_word' id='word_1_186' title='bbox 2017 2382 2156 2447; x_wconf 89' lang='lat' dir='ltr'><strong>caeteris</strong></span> 
     </span>
     <span class='ocr_line' id='line_1_17' title="bbox 505 2485 2157 2576; baseline -0.002 -24"><span class='ocrx_word' id='word_1_187' title='bbox 505 2487 771 2554; x_wconf 90' lang='lat' dir='ltr'><strong>obsecrationum</strong></span> <span class='ocrx_word' id='word_1_188' title='bbox 795 2489 1001 2556; x_wconf 89' lang='lat' dir='ltr'><strong>orationibus</strong></span> <span class='ocrx_word' id='word_1_189' title='bbox 1023 2510 1083 2576; x_wconf 91' lang='lat' dir='ltr'><strong>pro</strong></span> <span class='ocrx_word' id='word_1_190' title='bbox 1106 2498 1241 2555; x_wconf 87' lang='lat' dir='ltr'><strong>aeterna</strong></span> <span class='ocrx_word' id='word_1_191' title='bbox 1264 2488 1481 2555; x_wconf 82' lang='lat' dir='ltr'><strong>retributione</strong></span> <span class='ocrx_word' id='word_1_192' title='bbox 1503 2489 1634 2553; x_wconf 88' lang='lat' dir='ltr'><strong>animae</strong></span> <span class='ocrx_word' id='word_1_193' title='bbox 1656 2495 1789 2553; x_wconf 88' lang='lat' dir='ltr'><strong>nostrae</strong></span> <span class='ocrx_word' id='word_1_194' title='bbox 1804 2486 2030 2573; x_wconf 88' lang='lat' dir='ltr'><strong>genitorisque</strong></span> <span class='ocrx_word' id='word_1_195' title='bbox 2052 2485 2157 2550; x_wconf 88' lang='lat' dir='ltr'><strong>nostri</strong></span> 
     </span>
     <span class='ocr_line' id='line_1_18' title="bbox 505 2588 2158 2680; baseline -0.001 -24"><span class='ocrx_word' id='word_1_196' title='bbox 505 2591 671 2677; x_wconf 88' lang='lat' dir='ltr'><strong>quondam</strong></span> <span class='ocrx_word' id='word_1_197' title='bbox 699 2591 807 2660; x_wconf 88' lang='lat' dir='ltr'><strong>bonae</strong></span> <span class='ocrx_word' id='word_1_198' title='bbox 834 2594 1012 2660; x_wconf 88' lang='lat' dir='ltr'><strong>memoriae</strong></span> <span class='ocrx_word' id='word_1_199' title='bbox 1034 2594 1141 2680; x_wconf 89' lang='lat' dir='ltr'><strong>Pipini</strong></span> <span class='ocrx_word' id='word_1_200' title='bbox 1170 2594 1259 2677; x_wconf 90' lang='lat' dir='ltr'><strong>regis</strong></span> <span class='ocrx_word' id='word_1_201' title='bbox 1281 2593 1429 2659; x_wconf 84' lang='lat' dir='ltr'><strong>remedio</strong></span> <span class='ocrx_word' id='word_1_202' title='bbox 1460 2593 1558 2658; x_wconf 90' lang='lat' dir='ltr'><strong>deum</strong></span> <span class='ocrx_word' id='word_1_203' title='bbox 1582 2613 1720 2657; x_wconf 87' lang='lat' dir='ltr'><strong>exorare</strong></span> <span class='ocrx_word' id='word_1_204' title='bbox 1747 2612 1815 2655; x_wconf 91' lang='lat' dir='ltr'><strong>non</strong></span> <span class='ocrx_word' id='word_1_205' title='bbox 1837 2590 2010 2655; x_wconf 86' lang='lat' dir='ltr'><strong>desistant.</strong></span> <span class='ocrx_word' id='word_1_206' title='bbox 2055 2588 2100 2655; x_wconf 83' lang='lat' dir='ltr'><strong>Et</strong></span> <span class='ocrx_word' id='word_1_207' title='bbox 2121 2600 2158 2655; x_wconf 88' lang='lat' dir='ltr'><strong>ut</strong></span> 
     </span>
     <span class='ocr_line' id='line_1_19' title="bbox 503 2693 2158 2787; baseline -0.001 -26"><span class='ocrx_word' id='word_1_208' title='bbox 503 2697 588 2761; x_wconf 88' lang='lat' dir='ltr'><strong>haec</strong></span> <span class='ocrx_word' id='word_1_209' title='bbox 611 2696 796 2763; x_wconf 89' lang='lat' dir='ltr'><strong>habeantur</strong></span> <span class='ocrx_word' id='word_1_210' title='bbox 816 2698 966 2764; x_wconf 90' lang='lat' dir='ltr'><strong>firmiora</strong></span> <span class='ocrx_word' id='word_1_211' title='bbox 990 2707 1023 2764; x_wconf 93' lang='lat' dir='ltr'><strong>et</strong></span> <span class='ocrx_word' id='word_1_212' title='bbox 1045 2698 1163 2764; x_wconf 90' lang='lat' dir='ltr'><strong>melius</strong></span> <span class='ocrx_word' id='word_1_213' title='bbox 1186 2709 1426 2765; x_wconf 88' lang='lat' dir='ltr'><strong>conserventur</strong></span> <span class='ocrx_word' id='word_1_214' title='bbox 1448 2720 1507 2787; x_wconf 91' lang='lat' dir='ltr'><strong>per</strong></span> <span class='ocrx_word' id='word_1_215' title='bbox 1528 2707 1687 2784; x_wconf 87' lang='lat' dir='ltr'><strong>tempora,</strong></span> <span class='ocrx_word' id='word_1_216' title='bbox 1723 2718 1822 2762; x_wconf 88' lang='lat' dir='ltr'><strong>manu</strong></span> <span class='ocrx_word' id='word_1_217' title='bbox 1852 2696 1987 2782; x_wconf 88' lang='lat' dir='ltr'><strong>propria</strong></span> <span class='ocrx_word' id='word_1_218' title='bbox 2015 2693 2158 2761; x_wconf 86' lang='lat' dir='ltr'><strong>subscri-</strong></span> 
     </span>
     <span class='ocr_line' id='line_1_20' title="bbox 502 2800 1314 2888; baseline 0 -23"><span class='ocrx_word' id='word_1_219' title='bbox 502 2800 612 2866; x_wconf 90' lang='lat' dir='ltr'><strong>bimus</strong></span> <span class='ocrx_word' id='word_1_220' title='bbox 635 2810 668 2867; x_wconf 93' lang='lat' dir='ltr'><strong>et</strong></span> <span class='ocrx_word' id='word_1_221' title='bbox 691 2802 801 2888; x_wconf 89' lang='lat' dir='ltr'><strong>sigillo</strong></span> <span class='ocrx_word' id='word_1_222' title='bbox 825 2811 939 2868; x_wconf 88' lang='lat' dir='ltr'><strong>nostro</strong></span> <span class='ocrx_word' id='word_1_223' title='bbox 962 2804 1121 2868; x_wconf 89' lang='lat' dir='ltr'><strong>iussimus</strong></span> <span class='ocrx_word' id='word_1_224' title='bbox 1144 2800 1314 2867; x_wconf 89' lang='lat' dir='ltr'><strong>roborare.</strong></span> 
     </span>
    </p>
   </div>
   <div class='ocr_carea' id='block_1_3' title="bbox 450 2938 1092 3027">
    <p class='ocr_par' dir='ltr' id='par_1_6' title="bbox 450 2938 1092 3027">
     <span class='ocr_line' id='line_1_21' title="bbox 450 2938 1092 3027; baseline 0.005 -25"><span class='ocrx_word' id='word_1_225' title='bbox 450 2954 484 3003; x_wconf 71' lang='grc' dir='ltr'><strong>ιο</strong></span> <span class='ocrx_word' id='word_1_226' title='bbox 611 2942 678 3019; x_wconf 81' lang='grc' dir='ltr'>(Μ.)</span> <span class='ocrx_word' id='word_1_227' title='bbox 701 2938 840 3025; x_wconf 85' lang='lat' dir='ltr'><strong>Signum</strong></span> <span class='ocrx_word' id='word_1_228' title='bbox 862 2940 971 3007; x_wconf 78' lang='lat' dir='ltr'><strong>Caroli</strong></span> <span class='ocrx_word' id='word_1_229' title='bbox 995 2942 1092 3027; x_wconf 88' lang='lat' dir='ltr'><strong>regis.</strong></span> 
     </span>
    </p>
   </div>
   <div class='ocr_carea' id='block_1_4' title="bbox 607 3077 1563 3167">
    <p class='ocr_par' dir='ltr' id='par_1_7' title="bbox 607 3077 1563 3167">
     <span class='ocr_line' id='line_1_22' title="bbox 607 3077 1563 3167; baseline 0 -25"><span class='ocrx_word' id='word_1_230' title='bbox 607 3077 729 3144; x_wconf 88' lang='lat' dir='ltr'><strong>Actum</strong></span> <span class='ocrx_word' id='word_1_231' title='bbox 752 3078 859 3167; x_wconf 80' lang='lat' dir='ltr'><strong>Aquis</strong></span> <span class='ocrx_word' id='word_1_232' title='bbox 883 3079 1044 3166; x_wconf 80' lang='lat' dir='ltr'><strong>Augustis</strong></span> <span class='ocrx_word' id='word_1_233' title='bbox 1067 3102 1154 3146; x_wconf 92' lang='lat' dir='ltr'><strong>anno</strong></span> <span class='ocrx_word' id='word_1_234' title='bbox 1178 3081 1272 3166; x_wconf 87' lang='lat' dir='ltr'><strong>regni</strong></span> <span class='ocrx_word' id='word_1_235' title='bbox 1295 3080 1400 3145; x_wconf 88' lang='lat' dir='ltr'><strong>nostri</strong></span> <span class='ocrx_word' id='word_1_236' title='bbox 1424 3079 1563 3145; x_wconf 90' lang='lat' dir='ltr'><strong>decimo.</strong></span> 
     </span>
    </p>
   </div>
   <div class='ocr_carea' id='block_1_5' title="bbox 1244 3408 1425 3648">
    <p class='ocr_par' dir='ltr' id='par_1_8' title="bbox 1244 3408 1425 3648">
     <span class='ocr_line' id='line_1_23' title="bbox 1294 3408 1382 3483; baseline 0 0"><span class='ocrx_word' id='word_1_237' title='bbox 1294 3408 1382 3483; x_wconf 78' lang='lat'><strong>231.</strong></span> 
     </span>
     <span class='ocr_line' id='line_1_24' title="bbox 1244 3564 1425 3648; baseline -0.011 -19"><span class='ocrx_word' id='word_1_238' title='bbox 1244 3564 1425 3648; x_wconf 73' lang='lat' dir='ltr'><strong>(Unecltt.)</strong></span> 
     </span>
    </p>
   </div>
   <div class='ocr_carea' id='block_1_6' title="bbox 452 3704 2161 4161">
    <p class='ocr_par' dir='ltr' id='par_1_9' title="bbox 508 3704 2161 3798">
     <span class='ocr_line' id='line_1_25' title="bbox 508 3704 2161 3798; baseline -0.001 -20"><span class='ocrx_word' id='word_1_239' title='bbox 508 3707 604 3779; x_wconf 87' lang='lat' dir='ltr'><strong>Korl</strong></span> <span class='ocrx_word' id='word_1_240' title='bbox 636 3709 700 3779; x_wconf 84' lang='lat' dir='ltr'><strong>der</strong></span> <span class='ocrx_word' id='word_1_241' title='bbox 738 3706 866 3780; x_wconf 82' lang='lat' dir='ltr'><strong>Grosse</strong></span> <span class='ocrx_word' id='word_1_242' title='bbox 899 3706 1057 3798; x_wconf 72' lang='lat' dir='ltr'><strong>hestdtipt</strong></span> <span class='ocrx_word' id='word_1_243' title='bbox 1090 3709 1169 3780; x_wconf 81' lang='lat' dir='ltr'><strong>dem</strong></span> <span class='ocrx_word' id='word_1_244' title='bbox 1202 3707 1348 3780; x_wconf 87' lang='lat' dir='ltr'><strong>Kioster</strong></span> <span class='ocrx_word' id='word_1_245' title='bbox 1380 3707 1634 3778; x_wconf 82' lang='lat' dir='ltr'><strong>Reicienou</strong></span> <span class='ocrx_word' id='word_1_246' title='bbox 1669 3706 1726 3777; x_wconf 84' lang='lat' dir='ltr'><strong>die</strong></span> <span class='ocrx_word' id='word_1_247' title='bbox 1766 3704 2013 3797; x_wconf 72' lang='lat' dir='ltr'><strong>Verpobonpen</strong></span> <span class='ocrx_word' id='word_1_248' title='bbox 2046 3708 2161 3779; x_wconf 72' lang='lat' dir='ltr'><strong>scinci·</strong></span> 
     </span>
    </p>

    <p class='ocr_par' dir='ltr' id='par_1_10' title="bbox 452 3827 2161 4161">
     <span class='ocr_line' id='line_1_26' title="bbox 452 3827 2160 3921; baseline 0.001 -24"><span class='ocrx_word' id='word_1_249' title='bbox 452 3849 485 3897; x_wconf 81' lang='lat' dir='ltr'><strong>es</strong></span> <span class='ocrx_word' id='word_1_250' title='bbox 516 3827 725 3918; x_wconf 78' lang='lat' dir='ltr'><strong>Vorfolsren‚</strong></span> <span class='ocrx_word' id='word_1_251' title='bbox 752 3830 892 3902; x_wconf 78' lang='lat' dir='ltr'><strong>schentt</strong></span> <span class='ocrx_word' id='word_1_252' title='bbox 911 3831 968 3903; x_wconf 82' lang='lat' dir='ltr'><strong>die</strong></span> <span class='ocrx_word' id='word_1_253' title='bbox 996 3828 1092 3901; x_wconf 83' lang='lat' dir='ltr'><strong>Villo</strong></span> <span class='ocrx_word' id='word_1_254' title='bbox 1110 3829 1283 3921; x_wconf 70' lang='lat' dir='ltr'><strong>Rornonp</strong></span> <span class='ocrx_word' id='word_1_255' title='bbox 1309 3830 1374 3900; x_wconf 81' lang='lat' dir='ltr'><strong>mit</strong></span> <span class='ocrx_word' id='word_1_256' title='bbox 1394 3830 1505 3900; x_wconf 81' lang='lat' dir='ltr'><strong>ciuem</strong></span> <span class='ocrx_word' id='word_1_257' title='bbox 1529 3828 1627 3900; x_wconf 68' lang='lat' dir='ltr'><strong>luen</strong></span> <span class='ocrx_word' id='word_1_258' title='bbox 1655 3828 1715 3899; x_wconf 77' lang='lat' dir='ltr'><strong>des</strong></span> <span class='ocrx_word' id='word_1_259' title='bbox 1743 3827 1884 3900; x_wconf 80' lang='lat' dir='ltr'><strong>Wetdes</strong></span> <span class='ocrx_word' id='word_1_260' title='bbox 1909 3850 1976 3900; x_wconf 84' lang='lat' dir='ltr'><strong>eon</strong></span> <span class='ocrx_word' id='word_1_261' title='bbox 1996 3827 2160 3900; x_wconf 70' lang='lat' dir='ltr'><strong>Euaimon</strong></span> 
     </span>
     <span class='ocr_line' id='line_1_27' title="bbox 507 3948 2161 4037; baseline -0.001 -16"><span class='ocrx_word' id='word_1_262' title='bbox 507 3948 572 4037; x_wconf 75' lang='lat' dir='ltr'><strong>fiir</strong></span> <span class='ocrx_word' id='word_1_263' title='bbox 604 3951 661 4022; x_wconf 82' lang='lat' dir='ltr'><strong>dte</strong></span> <span class='ocrx_word' id='word_1_264' title='bbox 686 3950 860 4021; x_wconf 86' lang='lat' dir='ltr'><strong>Kommer</strong></span> <span class='ocrx_word' id='word_1_265' title='bbox 891 3952 968 4022; x_wconf 81' lang='lat' dir='ltr'><strong>und</strong></span> <span class='ocrx_word' id='word_1_266' title='bbox 1000 3952 1064 4021; x_wconf 84' lang='lat' dir='ltr'><strong>dus</strong></span> <span class='ocrx_word' id='word_1_267' title='bbox 1091 3949 1265 4022; x_wconf 77' lang='lat' dir='ltr'><strong>Bodincus</strong></span> <span class='ocrx_word' id='word_1_268' title='bbox 1297 3952 1361 4021; x_wconf 84' lang='lat' dir='ltr'><strong>der</strong></span> <span class='ocrx_word' id='word_1_269' title='bbox 1393 3950 1544 4023; x_wconf 71' lang='lat' dir='ltr'><strong>Moneta</strong></span> <span class='ocrx_word' id='word_1_270' title='bbox 1577 3951 1652 4021; x_wconf 72' lang='lat' dir='ltr'><strong>eund</strong></span> <span class='ocrx_word' id='word_1_271' title='bbox 1684 3948 1829 4021; x_wconf 78' lang='lat' dir='ltr'><strong>nerleilet</strong></span> <span class='ocrx_word' id='word_1_272' title='bbox 1862 3949 2049 4021; x_wconf 54' lang='lat' dir='ltr'><strong>&amp;emtione</strong></span> <span class='ocrx_word' id='word_1_273' title='bbox 2084 3972 2161 4023; x_wconf 87' lang='lat' dir='ltr'><strong>eom</strong></span> 
     </span>
     <span class='ocr_line' id='line_1_28' title="bbox 509 4070 1299 4161; baseline 0.004 -21"><span class='ocrx_word' id='word_1_274' title='bbox 509 4071 653 4143; x_wconf 77' lang='lat' dir='ltr'><strong>Bistam</strong></span> <span class='ocrx_word' id='word_1_275' title='bbox 683 4071 856 4144; x_wconf 76' lang='lat' dir='ltr'><strong>Oonotone</strong></span> <span class='ocrx_word' id='word_1_276' title='bbox 883 4074 948 4143; x_wconf 83' lang='lat' dir='ltr'><strong>mit</strong></span> <span class='ocrx_word' id='word_1_277' title='bbox 972 4070 1083 4161; x_wconf 79' lang='lat' dir='ltr'><strong>freter</strong></span> <span class='ocrx_word' id='word_1_278' title='bbox 1108 4070 1299 4143; x_wconf 78' lang='lat' dir='ltr'><strong>Abtseoobl.</strong></span> 
     </span>
    </p>
   </div>
   <div class='ocr_carea' id='block_1_7' title="bbox 1620 4174 2114 4236">
    <p class='ocr_par' dir='ltr' id='par_1_11' title="bbox 1620 4174 2114 4236">
     <span class='ocr_line' id='line_1_29' title="bbox 1620 4174 2114 4236; baseline 0.004 -3"><span class='ocrx_word' id='word_1_279' title='bbox 1620 4174 1770 4234; x_wconf 73' lang='lat' dir='ltr'><strong>Cosastom</strong></span> <span class='ocrx_word' id='word_1_280' title='bbox 1792 4178 1855 4236; x_wconf 77' lang='lat'><strong>780</strong></span> <span class='ocrx_word' id='word_1_281' title='bbox 1877 4174 2042 4236; x_wconf 81' lang='lat' dir='ltr'><strong>November</strong></span> <span class='ocrx_word' id='word_1_282' title='bbox 2065 4176 2114 4235; x_wconf 82' lang='lat'><strong>13.</strong></span> 
     </span>
    </p>
   </div>
   <div class='ocr_carea' id='block_1_8' title="bbox 612 4362 2159 4550">
    <p class='ocr_par' dir='ltr' id='par_1_12' title="bbox 612 4362 2159 4550">
     <span class='ocr_line' id='line_1_30' title="bbox 612 4362 2159 4439; baseline -0.001 -15"><span class='ocrx_word' id='word_1_283' title='bbox 612 4365 768 4438; x_wconf 77' lang='lat' dir='ltr'><strong>Absctntft</strong></span> <span class='ocrx_word' id='word_1_284' title='bbox 789 4383 846 4426; x_wconf 89' lang='lat' dir='ltr'><strong>oon</strong></span> <span class='ocrx_word' id='word_1_285' title='bbox 868 4370 954 4427; x_wconf 79' lang='grc'><strong>1713</strong></span> <span class='ocrx_word' id='word_1_286' title='bbox 976 4367 1010 4425; x_wconf 80' lang='lat' dir='ltr'><strong>in</strong></span> <span class='ocrx_word' id='word_1_287' title='bbox 1033 4366 1150 4427; x_wconf 75' lang='lat' dir='ltr'><strong>Stoicis</strong></span> <span class='ocrx_word' id='word_1_288' title='bbox 1172 4365 1306 4425; x_wconf 82' lang='lat' dir='ltr'><strong>Annoies</strong></span> <span class='ocrx_word' id='word_1_289' title='bbox 1329 4364 1505 4439; x_wconf 64' lang='lat' dir='ltr'><strong>Accienses,</strong></span> <span class='ocrx_word' id='word_1_290' title='bbox 1531 4362 1600 4426; x_wconf 82' lang='lat' dir='ltr'><strong>Ood.</strong></span> <span class='ocrx_word' id='word_1_291' title='bbox 1617 4366 1683 4425; x_wconf 88' lang='grc'><strong>312</strong></span> <span class='ocrx_word' id='word_1_292' title='bbox 1705 4363 1730 4437; x_wconf 81' lang='lat' dir='ltr'><strong>s.</strong></span> <span class='ocrx_word' id='word_1_293' title='bbox 1747 4370 1786 4424; x_wconf 86' lang='lat'><strong>11</strong></span> <span class='ocrx_word' id='word_1_294' title='bbox 1811 4368 1854 4424; x_wconf 78' lang='lat' dir='ltr'><strong>im</strong></span> <span class='ocrx_word' id='word_1_295' title='bbox 1880 4364 2159 4425; x_wconf 71' lang='lat' dir='ltr'><strong>Gonnoi-Landos-</strong></span> 
     </span>
     <span class='ocr_line' id='line_1_31' title="bbox 614 4468 1054 4550; baseline 0.002 -20"><span class='ocrx_word' id='word_1_296' title='bbox 614 4472 717 4531; x_wconf 79' lang='lat' dir='ltr'><strong>orehs&#39;o</strong></span> <span class='ocrx_word' id='word_1_297' title='bbox 736 4490 779 4531; x_wconf 79' lang='lat' dir='ltr'><strong>sse</strong></span> <span class='ocrx_word' id='word_1_298' title='bbox 799 4470 967 4531; x_wconf 77' lang='lat' dir='ltr'><strong>Karurune</strong></span> <span class='ocrx_word' id='word_1_299' title='bbox 989 4468 1054 4550; x_wconf 88' lang='lat' dir='ltr'><strong>(B).</strong></span> 
     </span>
    </p>
   </div>
   <div class='ocr_carea' id='block_1_9' title="bbox 614 4604 2163 4791">
    <p class='ocr_par' dir='ltr' id='par_1_13' title="bbox 614 4604 2163 4791">
     <span class='ocr_line' id='line_1_32' title="bbox 614 4604 2163 4687; baseline -0.002 -20"><span class='ocrx_word' id='word_1_300' title='bbox 614 4608 736 4668; x_wconf 82' lang='lat' dir='ltr'><strong>Brundi</strong></span> <span class='ocrx_word' id='word_1_301' title='bbox 757 4609 817 4668; x_wconf 83' lang='lat' dir='ltr'><strong>Die</strong></span> <span class='ocrx_word' id='word_1_302' title='bbox 840 4609 1046 4669; x_wconf 77' lang='lat' dir='ltr'><strong>Reichenoner</strong></span> <span class='ocrx_word' id='word_1_303' title='bbox 1073 4605 1436 4681; x_wconf 72' lang='lat' dir='ltr'><strong>Urtnndenfalschanyen</strong></span> <span class='ocrx_word' id='word_1_304' title='bbox 1459 4604 1596 4687; x_wconf 76' lang='lat' dir='ltr'><strong>(Quellen</strong></span> <span class='ocrx_word' id='word_1_305' title='bbox 1618 4604 1683 4665; x_wconf 76' lang='lat' dir='ltr'><strong>need</strong></span> <span class='ocrx_word' id='word_1_306' title='bbox 1705 4604 1919 4681; x_wconf 78' lang='lat' dir='ltr'><strong>Forschenpen</strong></span> <span class='ocrx_word' id='word_1_307' title='bbox 1940 4624 1968 4669; x_wconf 77' lang='lat' dir='ltr'><strong>n.</strong></span> <span class='ocrx_word' id='word_1_308' title='bbox 1988 4604 2091 4668; x_wconf 76' lang='lat' dir='ltr'><strong>Gescls.</strong></span> <span class='ocrx_word' id='word_1_309' title='bbox 2111 4606 2163 4665; x_wconf 81' lang='lat' dir='ltr'><strong>der</strong></span> 
     </span>
     <span class='ocr_line' id='line_1_33' title="bbox 614 4710 1752 4791; baseline 0.002 -21"><span class='ocrx_word' id='word_1_310' title='bbox 614 4710 703 4773; x_wconf 82' lang='lat' dir='ltr'><strong>Attei</strong></span> <span class='ocrx_word' id='word_1_311' title='bbox 724 4712 898 4771; x_wconf 66' lang='grc' dir='ltr'><strong>Βοίιὶιοιιαιι</strong></span> <span class='ocrx_word' id='word_1_312' title='bbox 920 4710 954 4791; x_wconf 90' lang='grc'><strong>1)</strong></span> <span class='ocrx_word' id='word_1_313' title='bbox 977 4713 1041 4773; x_wconf 85' lang='grc'><strong>125</strong></span> <span class='ocrx_word' id='word_1_314' title='bbox 1063 4716 1131 4771; x_wconf 76' lang='lat' dir='ltr'><strong>n⁰4</strong></span> <span class='ocrx_word' id='word_1_315' title='bbox 1155 4729 1211 4772; x_wconf 84' lang='lat' dir='ltr'><strong>aas</strong></span> <span class='ocrx_word' id='word_1_316' title='bbox 1234 4713 1274 4775; x_wconf 89' lang='grc' dir='ltr'><strong>Β.</strong></span> <span class='ocrx_word' id='word_1_317' title='bbox 1297 4745 1339 4756; x_wconf 95' lang='grc'>-</span> <span class='ocrx_word' id='word_1_318' title='bbox 1362 4710 1556 4772; x_wconf 72' lang='lat' dir='ltr'><strong>Mumbucter</strong></span> <span class='ocrx_word' id='word_1_319' title='bbox 1577 4710 1652 4785; x_wconf 74' lang='lat' dir='ltr'><strong>Req.</strong></span> <span class='ocrx_word' id='word_1_320' title='bbox 1674 4714 1752 4772; x_wconf 89' lang='grc'><em>230.</em></span> 
     </span>
    </p>
   </div>
   <div class='ocr_carea' id='block_1_10' title="bbox 613 4848 2166 5860">
    <p class='ocr_par' dir='ltr' id='par_1_14' title="bbox 613 4848 2166 5860">
     <span class='ocr_line' id='line_1_34' title="bbox 613 4848 2160 4925; baseline -0.001 -15"><span class='ocrx_word' id='word_1_321' title='bbox 613 4852 692 4910; x_wconf 80' lang='lat' dir='ltr'><strong>Eine</strong></span> <span class='ocrx_word' id='word_1_322' title='bbox 714 4851 826 4911; x_wconf 84' lang='lat' dir='ltr'><strong>andere</strong></span> <span class='ocrx_word' id='word_1_323' title='bbox 853 4851 918 4911; x_wconf 81' lang='lat' dir='ltr'><strong>and</strong></span> <span class='ocrx_word' id='word_1_324' title='bbox 938 4852 1020 4910; x_wconf 79' lang='lat' dir='ltr'><strong>nieht</strong></span> <span class='ocrx_word' id='word_1_325' title='bbox 1049 4851 1275 4925; x_wconf 73' lang='lat' dir='ltr'><strong>ooltstdndipere</strong></span> <span class='ocrx_word' id='word_1_326' title='bbox 1297 4848 1455 4923; x_wconf 74' lang='lat' dir='ltr'><strong>Absolurift</strong></span> <span class='ocrx_word' id='word_1_327' title='bbox 1477 4850 1530 4909; x_wconf 85' lang='lat' dir='ltr'><strong>des</strong></span> <span class='ocrx_word' id='word_1_328' title='bbox 1551 4852 1603 4912; x_wconf 87' lang='grc'><strong>18.</strong></span> <span class='ocrx_word' id='word_1_329' title='bbox 1629 4849 1683 4911; x_wconf 81' lang='lat' dir='ltr'><strong>Jh.</strong></span> <span class='ocrx_word' id='word_1_330' title='bbox 1707 4851 1739 4909; x_wconf 83' lang='lat' dir='ltr'><strong>in</strong></span> <span class='ocrx_word' id='word_1_331' title='bbox 1762 4850 1816 4909; x_wconf 84' lang='lat' dir='ltr'><strong>der</strong></span> <span class='ocrx_word' id='word_1_332' title='bbox 1841 4850 1996 4909; x_wconf 83' lang='lat' dir='ltr'><strong>Gieseener</strong></span> <span class='ocrx_word' id='word_1_333' title='bbox 2018 4848 2074 4908; x_wconf 84' lang='lat' dir='ltr'><strong>Hs.</strong></span> <span class='ocrx_word' id='word_1_334' title='bbox 2100 4851 2160 4909; x_wconf 78' lang='lat'><strong>541</strong></span> 
     </span>
     <span class='ocr_line' id='line_1_35' title="bbox 613 4952 2164 5033; baseline 0 -20"><span class='ocrx_word' id='word_1_335' title='bbox 613 4958 735 5014; x_wconf 83' lang='lat' dir='ltr'><strong>stommt</strong></span> <span class='ocrx_word' id='word_1_336' title='bbox 762 4972 820 5014; x_wconf 81' lang='lat' dir='ltr'><strong>aas</strong></span> <span class='ocrx_word' id='word_1_337' title='bbox 848 4954 901 5014; x_wconf 78' lang='lat' dir='ltr'><strong>tier</strong></span> <span class='ocrx_word' id='word_1_338' title='bbox 925 4954 1057 5030; x_wconf 73' lang='lat' dir='ltr'><strong>pteichen</strong></span> <span class='ocrx_word' id='word_1_339' title='bbox 1084 4954 1185 5031; x_wconf 79' lang='lat' dir='ltr'><strong>Qnelle</strong></span> <span class='ocrx_word' id='word_1_340' title='bbox 1209 4953 1343 5033; x_wconf 78' lang='lat' dir='ltr'><strong>(Brundi</strong></span> <span class='ocrx_word' id='word_1_341' title='bbox 1366 4955 1386 5015; x_wconf 86' lang='lat' dir='ltr'><strong>l.</strong></span> <span class='ocrx_word' id='word_1_342' title='bbox 1408 4972 1432 5014; x_wconf 88' lang='lat' dir='ltr'><strong>c.</strong></span> <span class='ocrx_word' id='word_1_343' title='bbox 1456 4957 1500 5015; x_wconf 88' lang='grc'><strong>23</strong></span> <span class='ocrx_word' id='word_1_344' title='bbox 1522 4955 1562 5015; x_wconf 84' lang='lat' dir='ltr'><strong>N.</strong></span> <span class='ocrx_word' id='word_1_345' title='bbox 1587 4960 1617 5026; x_wconf 88' lang='lat'><strong>1,</strong></span> <span class='ocrx_word' id='word_1_346' title='bbox 1641 4953 1729 5032; x_wconf 80' lang='grc'><em>125),</em></span> <span class='ocrx_word' id='word_1_347' title='bbox 1764 4954 1812 5012; x_wconf 85' lang='lat' dir='ltr'><strong>ein</strong></span> <span class='ocrx_word' id='word_1_348' title='bbox 1839 4952 2012 5013; x_wconf 80' lang='lat' dir='ltr'><strong>undatirter</strong></span> <span class='ocrx_word' id='word_1_349' title='bbox 2037 4953 2164 5027; x_wconf 66' lang='lat' dir='ltr'><strong>Aeetae</strong></span> 
     </span>
     <span class='ocr_line' id='line_1_36' title="bbox 615 5050 2164 5135; baseline 0 -18"><span class='ocrx_word' id='word_1_350' title='bbox 615 5061 649 5117; x_wconf 85' lang='lat' dir='ltr'><strong>in</strong></span> <span class='ocrx_word' id='word_1_351' title='bbox 678 5059 832 5118; x_wconf 79' lang='lat' dir='ltr'><strong>deutschen</strong></span> <span class='ocrx_word' id='word_1_352' title='bbox 859 5060 1076 5132; x_wconf 73' lang='lat' dir='ltr'><strong>Uetereeteunq</strong></span> <span class='ocrx_word' id='word_1_353' title='bbox 1104 5060 1138 5118; x_wconf 80' lang='lat' dir='ltr'><strong>in</strong></span> <span class='ocrx_word' id='word_1_354' title='bbox 1166 5058 1219 5117; x_wconf 84' lang='lat' dir='ltr'><strong>der</strong></span> <span class='ocrx_word' id='word_1_355' title='bbox 1242 5056 1374 5119; x_wconf 79' lang='lat' dir='ltr'><strong>Chronit</strong></span> <span class='ocrx_word' id='word_1_356' title='bbox 1401 5059 1452 5117; x_wconf 84' lang='lat' dir='ltr'><strong>des</strong></span> <span class='ocrx_word' id='word_1_357' title='bbox 1479 5058 1586 5119; x_wconf 80' lang='lat' dir='ltr'><strong>Gallus</strong></span> <span class='ocrx_word' id='word_1_358' title='bbox 1612 5050 1703 5117; x_wconf 72' lang='lat' dir='ltr'><strong>Oneon</strong></span> <span class='ocrx_word' id='word_1_359' title='bbox 1725 5059 1772 5133; x_wconf 72' lang='lat' dir='ltr'><strong>tq.</strong></span> <span class='ocrx_word' id='word_1_360' title='bbox 1795 5075 1852 5117; x_wconf 88' lang='lat' dir='ltr'><strong>oon</strong></span> <span class='ocrx_word' id='word_1_361' title='bbox 1874 5057 1995 5117; x_wconf 84' lang='lat' dir='ltr'><strong>Brundi</strong></span> <span class='ocrx_word' id='word_1_362' title='bbox 2024 5055 2164 5135; x_wconf 74' lang='lat' dir='ltr'><strong>(Quellen</strong></span> 
     </span>
     <span class='ocr_line' id='line_1_37' title="bbox 615 5161 2163 5239; baseline 0 -19"><span class='ocrx_word' id='word_1_363' title='bbox 615 5162 680 5221; x_wconf 82' lang='lat' dir='ltr'><strong>und</strong></span> <span class='ocrx_word' id='word_1_364' title='bbox 701 5162 915 5235; x_wconf 71' lang='lat' dir='ltr'><strong>Forscbunpen</strong></span> <span class='ocrx_word' id='word_1_365' title='bbox 935 5181 963 5224; x_wconf 78' lang='lat' dir='ltr'><strong>n.</strong></span> <span class='ocrx_word' id='word_1_366' title='bbox 983 5162 1086 5223; x_wconf 75' lang='lat' dir='ltr'><strong>Geseh.</strong></span> <span class='ocrx_word' id='word_1_367' title='bbox 1112 5162 1164 5221; x_wconf 83' lang='lat' dir='ltr'><strong>der</strong></span> <span class='ocrx_word' id='word_1_368' title='bbox 1185 5161 1275 5222; x_wconf 67' lang='lat' dir='ltr'><strong>Auses·</strong></span> <span class='ocrx_word' id='word_1_369' title='bbox 1295 5163 1468 5223; x_wconf 81' lang='lat' dir='ltr'><strong>Reiotenoo</strong></span> <span class='ocrx_word' id='word_1_370' title='bbox 1489 5161 1523 5239; x_wconf 88' lang='grc'><strong>2)</strong></span> <span class='ocrx_word' id='word_1_371' title='bbox 1547 5164 1599 5223; x_wconf 86' lang='grc'><strong>39.</strong></span> <span class='ocrx_word' id='word_1_372' title='bbox 1626 5194 1664 5205; x_wconf 92' lang='grc'>-</span> <span class='ocrx_word' id='word_1_373' title='bbox 1689 5162 1862 5235; x_wconf 72' lang='lat' dir='ltr'><strong>Felsetunp</strong></span> <span class='ocrx_word' id='word_1_374' title='bbox 1885 5161 1935 5220; x_wconf 85' lang='lat' dir='ltr'><strong>des</strong></span> <span class='ocrx_word' id='word_1_375' title='bbox 1957 5161 2163 5221; x_wconf 78' lang='lat' dir='ltr'><strong>Reielsenoner</strong></span> 
     </span>
     <span class='ocr_line' id='line_1_38' title="bbox 618 5263 2163 5345; baseline -0.001 -20"><span class='ocrx_word' id='word_1_376' title='bbox 618 5263 723 5326; x_wconf 81' lang='lat' dir='ltr'><strong>Custos</strong></span> <span class='ocrx_word' id='word_1_377' title='bbox 749 5265 890 5327; x_wconf 79' lang='lat' dir='ltr'><strong>Odolrtch</strong></span> <span class='ocrx_word' id='word_1_378' title='bbox 914 5265 1108 5345; x_wconf 80' lang='lat' dir='ltr'><strong>(urkundliols</strong></span> <span class='ocrx_word' id='word_1_379' title='bbox 1129 5266 1331 5327; x_wconf 77' lang='lat' dir='ltr'><strong>mohweiebor</strong></span> <span class='ocrx_word' id='word_1_380' title='bbox 1352 5268 1577 5336; x_wconf 79' lang='grc'><em>1142-1166,</em></span> <span class='ocrx_word' id='word_1_381' title='bbox 1613 5265 1735 5325; x_wconf 78' lang='lat' dir='ltr'><strong>Brundi</strong></span> <span class='ocrx_word' id='word_1_382' title='bbox 1757 5265 1776 5325; x_wconf 89' lang='lat' dir='ltr'><strong>l.</strong></span> <span class='ocrx_word' id='word_1_383' title='bbox 1800 5282 1823 5324; x_wconf 91' lang='lat' dir='ltr'><strong>c.</strong></span> <span class='ocrx_word' id='word_1_384' title='bbox 1848 5270 1879 5336; x_wconf 86' lang='lat'><strong>1,</strong></span> <span class='ocrx_word' id='word_1_385' title='bbox 1904 5263 1969 5342; x_wconf 88' lang='lat'><strong>69),</strong></span> <span class='ocrx_word' id='word_1_386' title='bbox 2005 5264 2058 5323; x_wconf 88' lang='lat' dir='ltr'><strong>der</strong></span> <span class='ocrx_word' id='word_1_387' title='bbox 2079 5265 2163 5323; x_wconf 82' lang='lat' dir='ltr'><strong>nebat</strong></span> 
     </span>
     <span class='ocr_line' id='line_1_39' title="bbox 617 5365 2163 5444; baseline -0.002 -16"><span class='ocrx_word' id='word_1_388' title='bbox 617 5369 750 5429; x_wconf 77' lang='lat' dir='ltr'><strong>anderen</strong></span> <span class='ocrx_word' id='word_1_389' title='bbox 772 5370 849 5429; x_wconf 79' lang='lat' dir='ltr'><strong>anch</strong></span> <span class='ocrx_word' id='word_1_390' title='bbox 872 5369 921 5429; x_wconf 84' lang='lat' dir='ltr'><strong>die</strong></span> <span class='ocrx_word' id='word_1_391' title='bbox 935 5370 1144 5444; x_wconf 73' lang='lat' dir='ltr'><strong>Fulsotanpen</strong></span> <span class='ocrx_word' id='word_1_392' title='bbox 1165 5375 1201 5428; x_wconf 73' lang='grc' dir='ltr'><strong>ιιο</strong></span> <span class='ocrx_word' id='word_1_393' title='bbox 1215 5373 1280 5431; x_wconf 83' lang='grc'><strong>232</strong></span> <span class='ocrx_word' id='word_1_394' title='bbox 1301 5370 1365 5429; x_wconf 80' lang='lat' dir='ltr'><strong>und</strong></span> <span class='ocrx_word' id='word_1_395' title='bbox 1384 5372 1449 5430; x_wconf 86' lang='grc'><strong>285</strong></span> <span class='ocrx_word' id='word_1_396' title='bbox 1472 5367 1536 5440; x_wconf 80' lang='lat' dir='ltr'><strong>osef</strong></span> <span class='ocrx_word' id='word_1_397' title='bbox 1554 5368 1609 5427; x_wconf 84' lang='lat' dir='ltr'><strong>den</strong></span> <span class='ocrx_word' id='word_1_398' title='bbox 1629 5369 1748 5430; x_wconf 84' lang='lat' dir='ltr'><strong>Nomen</strong></span> <span class='ocrx_word' id='word_1_399' title='bbox 1762 5368 1856 5427; x_wconf 78' lang='lat' dir='ltr'><strong>Koria</strong></span> <span class='ocrx_word' id='word_1_400' title='bbox 1871 5367 1900 5429; x_wconf 79' lang='lat' dir='ltr'><strong>d.</strong></span> <span class='ocrx_word' id='word_1_401' title='bbox 1921 5366 1975 5428; x_wconf 80' lang='lat' dir='ltr'><strong>Gr.</strong></span> <span class='ocrx_word' id='word_1_402' title='bbox 1992 5365 2163 5441; x_wconf 74' lang='lat' dir='ltr'><strong>anfertipte.</strong></span> 
     </span>
     <span class='ocr_line' id='line_1_40' title="bbox 614 5471 2166 5551; baseline -0.002 -19"><span class='ocrx_word' id='word_1_403' title='bbox 614 5474 680 5533; x_wconf 86' lang='lat' dir='ltr'><strong>Der</strong></span> <span class='ocrx_word' id='word_1_404' title='bbox 704 5473 854 5534; x_wconf 85' lang='lat' dir='ltr'><strong>Wortlout</strong></span> <span class='ocrx_word' id='word_1_405' title='bbox 876 5476 916 5534; x_wconf 77' lang='lat' dir='ltr'><strong>iet</strong></span> <span class='ocrx_word' id='word_1_406' title='bbox 931 5492 1003 5534; x_wconf 74' lang='lat' dir='ltr'><strong>enm</strong></span> <span class='ocrx_word' id='word_1_407' title='bbox 1022 5481 1177 5548; x_wconf 73' lang='lat' dir='ltr'><strong>presseran</strong></span> <span class='ocrx_word' id='word_1_408' title='bbox 1195 5474 1280 5534; x_wconf 73' lang='lat' dir='ltr'><strong>eneis</strong></span> <span class='ocrx_word' id='word_1_409' title='bbox 1302 5474 1355 5533; x_wconf 85' lang='lat' dir='ltr'><strong>der</strong></span> <span class='ocrx_word' id='word_1_410' title='bbox 1368 5474 1541 5547; x_wconf 59' lang='lat' dir='ltr'><strong>Fusciano</strong></span> <span class='ocrx_word' id='word_1_411' title='bbox 1558 5479 1594 5531; x_wconf 80' lang='grc' dir='ltr'><strong>ιιο</strong></span> <span class='ocrx_word' id='word_1_412' title='bbox 1606 5476 1673 5535; x_wconf 84' lang='grc'><strong>232</strong></span> <span class='ocrx_word' id='word_1_413' title='bbox 1687 5474 1769 5550; x_wconf 88' lang='lat' dir='ltr'><em>(VU.</em></span> <span class='ocrx_word' id='word_1_414' title='bbox 1786 5471 1821 5551; x_wconf 90' lang='lat' dir='ltr'><strong>I)</strong></span> <span class='ocrx_word' id='word_1_415' title='bbox 1839 5477 2035 5542; x_wconf 71' lang='lat' dir='ltr'><strong>enstnommen</strong></span> <span class='ocrx_word' id='word_1_416' title='bbox 2058 5472 2166 5530; x_wconf 74' lang='lat' dir='ltr'><strong>natent</strong></span> 
     </span>
     <span class='ocr_line' id='line_1_41' title="bbox 615 5576 2164 5656; baseline -0.001 -19"><span class='ocrx_word' id='word_1_417' title='bbox 615 5579 678 5637; x_wconf 77' lang='lat' dir='ltr'><strong>sich</strong></span> <span class='ocrx_word' id='word_1_418' title='bbox 709 5579 781 5637; x_wconf 83' lang='lat' dir='ltr'><strong>uber</strong></span> <span class='ocrx_word' id='word_1_419' title='bbox 813 5596 854 5637; x_wconf 90' lang='lat' dir='ltr'><strong>on</strong></span> <span class='ocrx_word' id='word_1_420' title='bbox 887 5580 969 5636; x_wconf 74' lang='grc' dir='ltr'>ειίιον</span> <span class='ocrx_word' id='word_1_421' title='bbox 998 5577 1086 5638; x_wconf 83' lang='lat' dir='ltr'><strong>Stella</strong></span> <span class='ocrx_word' id='word_1_422' title='bbox 1108 5576 1267 5656; x_wconf 87' lang='lat' dir='ltr'><strong>(Potsmioo</strong></span> <span class='ocrx_word' id='word_1_423' title='bbox 1299 5577 1481 5638; x_wconf 87' lang='lat' dir='ltr'><strong>fiseo—laci</strong></span> <span class='ocrx_word' id='word_1_424' title='bbox 1516 5577 1615 5653; x_wconf 88' lang='lat' dir='ltr'><strong>situm)</strong></span> <span class='ocrx_word' id='word_1_425' title='bbox 1644 5578 1726 5635; x_wconf 82' lang='lat' dir='ltr'><strong>mehr</strong></span> <span class='ocrx_word' id='word_1_426' title='bbox 1758 5577 1848 5636; x_wconf 86' lang='lat' dir='ltr'><strong>deren</strong></span> <span class='ocrx_word' id='word_1_427' title='bbox 1876 5577 1995 5635; x_wconf 78' lang='lat' dir='ltr'><strong>aweiter</strong></span> <span class='ocrx_word' id='word_1_428' title='bbox 2032 5576 2164 5650; x_wconf 74' lang='lat' dir='ltr'><strong>Vorlope,</strong></span> 
     </span>
     <span class='ocr_line' id='line_1_42' title="bbox 615 5678 2166 5761; baseline -0.001 -19"><span class='ocrx_word' id='word_1_429' title='bbox 615 5685 709 5742; x_wconf 82' lang='lat' dir='ltr'><strong>einem</strong></span> <span class='ocrx_word' id='word_1_430' title='bbox 732 5682 864 5742; x_wconf 83' lang='lat' dir='ltr'><strong>anderen</strong></span> <span class='ocrx_word' id='word_1_431' title='bbox 885 5683 1030 5742; x_wconf 81' lang='lat' dir='ltr'><strong>Fabrieot</strong></span> <span class='ocrx_word' id='word_1_432' title='bbox 1056 5681 1211 5743; x_wconf 80' lang='lat' dir='ltr'><strong>Odolrichs</strong></span> <span class='ocrx_word' id='word_1_433' title='bbox 1228 5681 1436 5761; x_wconf 79' lang='lat' dir='ltr'><strong>(Monteacner</strong></span> <span class='ocrx_word' id='word_1_434' title='bbox 1450 5684 1522 5756; x_wconf 72' lang='lat' dir='ltr'><strong>Rep.</strong></span> <span class='ocrx_word' id='word_1_435' title='bbox 1539 5680 1648 5758; x_wconf 83' lang='grc'><em>1701),</em></span> <span class='ocrx_word' id='word_1_436' title='bbox 1672 5680 1736 5739; x_wconf 71' lang='lat' dir='ltr'><strong>decu</strong></span> <span class='ocrx_word' id='word_1_437' title='bbox 1759 5681 1836 5739; x_wconf 72' lang='lat' dir='ltr'><strong>ouon</strong></span> <span class='ocrx_word' id='word_1_438' title='bbox 1858 5679 1907 5738; x_wconf 81' lang='lat' dir='ltr'><strong>die</strong></span> <span class='ocrx_word' id='word_1_439' title='bbox 1928 5678 2166 5740; x_wconf 75' lang='lat' dir='ltr'><strong>interuenienten</strong></span> 
     </span>
     <span class='ocr_line' id='line_1_43' title="bbox 614 5783 2165 5860; baseline -0.003 -13"><span class='ocrx_word' id='word_1_440' title='bbox 614 5786 744 5847; x_wconf 76' lang='lat' dir='ltr'><strong>entlelent</strong></span> <span class='ocrx_word' id='word_1_441' title='bbox 765 5785 851 5859; x_wconf 80' lang='lat' dir='ltr'><strong>eind;</strong></span> <span class='ocrx_word' id='word_1_442' title='bbox 874 5786 922 5845; x_wconf 80' lang='lat' dir='ltr'><strong>die</strong></span> <span class='ocrx_word' id='word_1_443' title='bbox 942 5786 1062 5846; x_wconf 84' lang='lat' dir='ltr'><strong>Nomen</strong></span> <span class='ocrx_word' id='word_1_444' title='bbox 1084 5786 1137 5845; x_wconf 84' lang='lat' dir='ltr'><strong>der</strong></span> <span class='ocrx_word' id='word_1_445' title='bbox 1155 5787 1349 5860; x_wconf 71' lang='lat' dir='ltr'><strong>pesetenkten</strong></span> <span class='ocrx_word' id='word_1_446' title='bbox 1375 5787 1472 5846; x_wconf 84' lang='lat' dir='ltr'><strong>Vitlen</strong></span> <span class='ocrx_word' id='word_1_447' title='bbox 1494 5790 1603 5847; x_wconf 78' lang='lat' dir='ltr'><strong>sonent</strong></span> <span class='ocrx_word' id='word_1_448' title='bbox 1626 5785 1683 5845; x_wconf 81' lang='lat' dir='ltr'><strong>den</strong></span> <span class='ocrx_word' id='word_1_449' title='bbox 1706 5784 1932 5844; x_wconf 79' lang='lat' dir='ltr'><strong>Hondwertern</strong></span> <span class='ocrx_word' id='word_1_450' title='bbox 1955 5783 2005 5843; x_wconf 84' lang='lat' dir='ltr'><strong>des</strong></span> <span class='ocrx_word' id='word_1_451' title='bbox 2029 5784 2165 5843; x_wconf 84' lang='lat' dir='ltr'><strong>Klosters</strong></span> 
     </span>
    </p>
   </div>
   <div class='ocr_carea' id='block_1_11' title="bbox 591 5969 2165 6194">
    <p class='ocr_par' dir='ltr' id='par_1_15' title="bbox 591 5969 2165 6194">
     <span class='ocr_line' id='line_1_44' title="bbox 591 5969 2165 6095; baseline -0.005 -66"><span class='ocrx_word' id='word_1_452' title='bbox 591 5972 652 6029; x_wconf 70' lang='lat' dir='ltr'><strong>m</strong></span> <span class='ocrx_word' id='word_1_453' title='bbox 668 5972 829 6095; x_wconf 50' lang='lat' dir='ltr'><strong>ppduritpps</strong></span> <span class='ocrx_word' id='word_1_454' title='bbox 841 5970 877 6041; x_wconf 88' lang='lat' dir='ltr'><strong>B,</strong></span> <span class='ocrx_word' id='word_1_455' title='bbox 895 5971 1032 6027; x_wconf 65' lang='lat' dir='ltr'><strong>mussent</strong></span> <span class='ocrx_word' id='word_1_456' title='bbox 1050 5973 1122 6027; x_wconf 82' lang='lat' dir='ltr'><strong>uach</strong></span> <span class='ocrx_word' id='word_1_457' title='bbox 1139 5972 1268 6027; x_wconf 66' lang='lat' dir='ltr'><strong>oendubt</strong></span> <span class='ocrx_word' id='word_1_458' title='bbox 1287 5988 1342 6027; x_wconf 83' lang='lat' dir='ltr'><strong>oue</strong></span> <span class='ocrx_word' id='word_1_459' title='bbox 1354 5976 1489 6039; x_wconf 82' lang='lat' dir='ltr'><strong>curtibus3</strong></span> <span class='ocrx_word' id='word_1_460' title='bbox 1508 5976 1587 6026; x_wconf 82' lang='lat' dir='ltr'><strong>sonet</strong></span> <span class='ocrx_word' id='word_1_461' title='bbox 1605 5969 1637 6025; x_wconf 85' lang='lat' dir='ltr'><strong>in</strong></span> <span class='ocrx_word' id='word_1_462' title='bbox 1651 5969 1782 6025; x_wconf 82' lang='lat' dir='ltr'><strong>Formein</strong></span> <span class='ocrx_word' id='word_1_463' title='bbox 1801 5970 1874 6025; x_wconf 73' lang='lat' dir='ltr'><strong>oncle</strong></span> <span class='ocrx_word' id='word_1_464' title='bbox 1892 5986 1952 6022; x_wconf 88' lang='lat' dir='ltr'><strong>eum</strong></span> <span class='ocrx_word' id='word_1_465' title='bbox 1965 5969 2090 6022; x_wconf 88' lang='lat' dir='ltr'><strong>omnibus</strong></span> <span class='ocrx_word' id='word_1_466' title='bbox 2109 5972 2165 6021; x_wconf 86' lang='lat' dir='ltr'><strong>suis</strong></span> 
     </span>
     <span class='ocr_line' id='line_1_45' title="bbox 703 6058 835 6096; baseline 0.008 -1"><span class='ocrx_word' id='word_1_467' title='bbox 703 6058 780 6096; x_wconf 69' lang='lat' dir='ltr'><strong>1⁸00ss</strong></span> <span class='ocrx_word' id='word_1_468' title='bbox 794 6060 835 6096; x_wconf 79' lang='lat' dir='ltr'><strong>ns.</strong></span> 
     </span>
     <span class='ocr_line' id='line_1_46' title="bbox 1960 6143 2012 6194; baseline 0.019 -1"><span class='ocrx_word' id='word_1_469' title='bbox 1960 6143 2012 6194; x_wconf 72' lang='lat'><strong>40⁹</strong></span> 
     </span>
    </p>
   </div>
   <div class='ocr_carea' id='block_1_12' title="bbox 0 0 2840 7156">
    <p class='ocr_par' dir='ltr' id='par_1_16' title="bbox 0 0 2840 7156">
     <span class='ocr_line' id='line_1_47' title="bbox 0 0 2840 7156; baseline 0 0"><span class='ocrx_word' id='word_1_470' title='bbox 0 0 2840 7156; x_wconf 95' lang='lat' dir='ltr'><strong> </strong></span> 
     </span>
    </p>
   </div>
  </div>
 </body>
</html>
