5642 7159
1050 648 1169 710 KABIr
1195 649 1283 710 DER
1306 649 1474 710 GBOSBE
1497 646 1569 712 772.

586 834 724 922 Signum
746 834 864 901 Karoli
886 840 953 915 (n.)
975 835 1207 923 gloriosissimi
1228 836 1316 921 regis
1324 845 1344 902 ¹.

585 957 679 1024 Rado
703 957 851 1023 advicem
875 956 1059 1024 Lindberdi
1081 961 1269 1045 recognovi.

586 1098 709 1161 Datum
733 1098 767 1162 in
795 1119 906 1162 mense
930 1098 1016 1161 maio
1046 1119 1132 1162 anno
1162 1107 1279 1184 quarto
1306 1100 1399 1183 regni
1426 1101 1546 1183 nostri3
1585 1111 1694 1165 actum
1718 1097 1977 1165 Theodonevilla
2005 1099 2130 1185 palatio

488 1201 633 1289 publico;
656 1202 805 1287 feliciter.

452 1448 467 1499 s
1277 1426 1339 1503 68.

486 1586 578 1656 Karl
592 1586 656 1658 der
674 1584 802 1659 Grosse
815 1586 974 1677 beste'i'te'pt
992 1588 1069 1658 mm
1082 1585 1226 1659 Ktoeter
1244 1586 1273 1657 S
1278 1593 1300 1657 t.
1321 1586 1483 1657 Militat
1500 1587 1550 1657 de
1569 1584 1622 1655 M
1623 1606 1810 1676 ersoope
1828 1585 1884 1656 die
1906 1584 2129 1657 Immuoittit.

1767 1724 1904 1800 Dripione
1926 1725 1991 1784 772
2011 1724 2087 1785 Mai.

591 1913 833 1975 Uhortularooe
856 1915 909 1974 der
929 1917 1052 1974 eweiten
1075 1914 1183 1987 Halfte
1205 1917 1254 1975 dee
1276 1919 1328 1976 12.
1346 1916 1399 1977 Jt.
1424 1914 1449 1989 f.
1474 1918 1548 1977 486
1570 1917 1613 1972 im
1634 1912 1980 1987 Dtpartementolorehio
2000 1932 2041 1972 su
2056 1915 2133 1973 Bar-

589 2020 698 2078 le·Dao
720 2018 774 2095 (B)
797 2040 839 2073 =
863 2019 1028 2079 Chanulor
1049 2038 1106 2079 aas
1130 2020 1183 2079 der
1204 2022 1328 2079 aweiten
1351 2019 1458 2092 Hdlfte
1481 2021 1531 2080 des
1554 2023 1605 2079 16.
1630 2019 1685 2080 Jlr.
1705 2037 1737 2092 p.
1762 2022 1805 2078 37
1837 2021 1871 2076 in
1893 2019 1945 2077 der
1967 2018 2134 2078 Bibliothek

588 2141 643 2183 oon
667 2122 710 2184 St.
735 2123 843 2181 Meam
865 2121 925 2201 (O).

587 2261 735 2321 Matilica
757 2260 902 2320 Analecta
923 2263 996 2331 401,
1021 2264 1050 2323 2.
1074 2262 1120 2321 ed.
1145 2264 1207 2323 354
1238 2259 1634 2338 recommissum)
1655 2282 1697 2313 =
1730 2260 1777 2320 Ire
1800 2257 1901 2320 Ooime
1926 2259 2009 2323 Aac.
2032 2266 2062 2331 7,
2093 2261 2134 2321 43

588 2382 627 2423 aa
649 2366 713 2424 805
736 2365 835 2435 rw,
861 2386 901 2417 =
925 2364 1063 2439 Boaquet
1086 2369 1116 2435 5,
1141 2370 1204 2428 722
1225 2374 1259 2424 n⁰
1273 2369 1325 2436 16,
1350 2388 1391 2421 =
1413 2367 1516 2441 lllipne
1539 2365 1651 2425 Patrol.
1669 2368 1720 2437 97,
1744 2367 1805 2425 921
1829 2370 1864 2422 κθ
1879 2368 1909 2424 9.
1926 2398 1968 2407 -
1991 2365 2036 2424 De
2051 2360 2131 2423 i’Isle

589 2470 667 2529 Hist.
692 2469 728 2527 de
751 2464 882 2543 l’obboye
904 2470 939 2527 ele
961 2471 1004 2532 st.
1029 2470 1137 2529 Mihiel
1159 2474 1232 2531 426.
1257 2504 1299 2515 -
1320 2471 1515 2530 Mthlhceher
1537 2471 1608 2543 Res.
1632 2472 1696 2529 147
1720 2468 1820 2547 (144).

589 2608 674 2666 Ascli
696 2606 750 2665 der
772 2606 925 2667 Schrader
946 2623 1002 2664 aon
1025 2607 1054 2663 B
1075 2608 1127 2666 luat
1150 2611 1260 2668 seiaem
1280 2610 1594 2682 grammatitolisehen
1619 2607 1732 2681 Gefstlsl
1754 2607 1848 2666 dareta
1869 2604 2037 2678 mehrfaelae
2062 2604 2132 2665 θον-

590 2716 725 2770 reoturen
747 2709 908 2769 ausdruck
928 2712 1071 2783 repetem·
1106 2710 1189 2771 esst
1212 2714 1326 2771 wertlos
1349 2713 1412 2772 aad
1434 2714 1544 2772 tommt
1566 2729 1627 2770 aar
1650 2710 1706 2783 far
1728 2711 1776 2769 die
1802 2715 1918 2783 epotare
1940 2710 2033 2768 Form
2056 2711 2135 2768 eines

594 2814 785 2874 Ortsaamens
808 2817 841 2872 in
863 2814 1013 2874 Betraeht.
1037 2847 1080 2859 —
1108 2815 1242 2888 Versaest
1265 2819 1341 2875 nach
1364 2818 1486 2875 ditarem
1508 2816 1673 2875 Formular
1694 2815 1761 2893 (sapt.
1785 2815 1833 2872 die
1854 2814 1996 2874 Urleunda
2020 2812 2135 2873 Childe-

591 2921 665 2977 ceres
688 2919 748 2976 ΠΙ
766 2917 811 2975 Μ.
839 2917 875 2977 G.
900 2918 969 2977 DD.
996 2918 1119 2980 Merow.
1144 2922 1184 2979 64
1207 2926 1242 2979 a⁰
1266 2924 1308 2980 72
1337 2922 1401 2979 aad
1430 2921 1521 2979 Koria
1545 2921 1573 2978 ci.
1601 2919 1655 2980 Gr.
1688 2918 1743 2991 fair
1765 2917 1809 2978 St.
1840 2906 1967 2977 ilicone
1990 2914 2137 2991 cl'Anyers

589 3030 623 3080 n⁰
646 3021 700 3099 60)
724 3025 779 3081 mit
802 3021 1020 3095 Eineeholtanp
1044 3022 1098 3080 der
1119 3022 1326 3097 Bestimmunq
1349 3026 1423 3081 tiber
1444 3022 1624 3082 Aceeeltlaee
1654 3023 1708 3080 der
1729 3020 2006 3094 Episcopulpewolt,
2040 3020 2138 3079 Siekel

591 3126 685 3185 Beitr.
708 3144 736 3187 s.
760 3126 843 3198 Dipl.
867 3126 930 3197 ΙΙΙ,
954 3127 1006 3184 IV
1032 3128 1148 3187 Wiener
1170 3127 1231 3189 SR.
1256 3132 1306 3198 47,
1331 3128 1403 3199 197,
1429 3130 1501 3197 589,
1542 3126 1604 3186 UD.
1630 3128 1694 3185 133
1722 3126 1757 3183 K
1774 3126 1826 3184 13.
1871 3124 1936 3183 Der
1961 3124 2059 3182 Nema
2087 3124 2137 3182 des

592 3228 806 3289 Aesetellortee
832 3232 872 3289 ist
894 3230 1132 3290 wahreehee'nle'eh
1164 3249 1220 3291 aas
1244 3233 1396 3293 Theodoro
1419 3228 1649 3308 (Diedenhofen)
1677 3228 1819 3297 cerdati,
1853 3227 2047 3286 Mohlbmher
2068 3228 2088 3287 l.
2112 3245 2136 3285 o.

591 3418 736 3483 Karolus
759 3420 867 3504 gratia
883 3418 955 3483 dei·
977 3442 1036 3483 rex
1053 3419 1255 3483 Francorum
1280 3421 1330 3484 vir
1344 3418 1480 3483 illuster.
1585 3417 1680 3482 Tunc
1701 3415 1822 3503 regalis
1838 3415 1998 3480 celsitudo
2023 3414 2138 3479 sunda-

474 3530 599 3586 menta
615 3523 662 3586 eui
687 3521 840 3586 culminis
856 3521 1060 3603 corroborat,
1085 3522 1217 3608 quando
1233 3521 1449 3607 petitionibus
1466 3521 1677 3587 sacerdotum
1693 3519 1804 3585 studet
1825 3539 2013 3606 procorum
2030 3520 2139 3604 quiete

472 3624 540 3690 vel
563 3626 728 3690 iuvamina
752 3625 909 3691 obaudire
933 3626 1032 3691 etad
1056 3625 1205 3691 effectum
1240 3629 1273 3690 in
1297 3625 1348 3692 dei
1372 3628 1503 3691 nomine
1526 3626 1725 3711 mancipare.
1768 3624 1914 3710 Ideoque
1940 3622 2140 3689 venerabilis

467 3729 540 3793 vir
555 3728 831 3813 Hermengaudus
856 3728 944 3794 abba
968 3731 1035 3793 sive
1051 3733 1228 3817 episcopus
1253 3732 1292 3795 de
1316 3732 1518 3796 monasterio
1543 3728 1744 3794 Castellione
1766 3730 1800 3793 in
1823 3750 1910 3814 pago
1932 3727 2143 3795 Virdunense

364 3826 421 3878 ²⁶
469 3830 522 3899 in
544 3834 609 3899 fine
633 3830 858 3914 widiniaeab,
882 3833 938 3898 ubi
962 3837 1132 3921 consurgit
1153 3836 1293 3900 fluvius⁰
1317 3837 1497 3920 hlarsupia,
1532 3857 1628 3920 quem
1651 3833 1789 3898 inluster
1811 3833 1861 3897 vir
1883 3831 2083 3897 Woliaudus
2106 3843 2139 3896 et

456 3939 629 4002 coniunx
654 3960 715 4002 sua
732 3937 916 4002 Adalsinda
939 3940 973 4002 in
996 3960 1108 4003 eorum
1132 3941 1333 4024 proprietate
1356 3944 1389 4004 in
1414 3939 1537 4003 honore
1562 3940 1668 4003 sancti
1693 3936 1881 4020 archangeli
1898 3936 2070 4002 Michaelis
2086 3936 2138 4001 vel

451 4052 665 4107 ceterorum
689 4041 882 4106 domnorum
917 4052 1117 4126 sanctorum,
1152 4042 1209 4107 ubi
1237 4046 1308 4129 ipse
1343 4065 1417 4107 cum
1447 4065 1562 4108 norma
1596 4042 1736 4128 plurima
1769 4061 1965 4105 conversare
1992 4040 2129 4121 videtur,

451 4146 630 4210 noscitur
645 4148 882 4228 construxisse,
906 4149 1033 4230 integra
1049 4148 1227 4211 emunitate
1244 4147 1285 4211 de
1302 4169 1414 4211 omnes
1434 4128 1509 4211 res‘¹
1533 4146 1584 4211 vel
1600 4145 1786 4217 facultates,
1804 4143 1961 4230 quicquid
1981 4155 2131 4229 presente

451 4252 630 4336 tempore
654 4251 688 4315 in
711 4271 933 4336 quaecumque
956 4251 1050 4335 pagis
1074 4261 1173 4337 atque
1197 4252 1398 4316 terraturiis‘*
1421 4253 1453 4314 in
1477 4246 1595 4333 reguar
1616 4248 1677 4313 deo
1702 4249 1844 4333 propitio
1860 4256 1973 4311 nostra
1997 4257 2066 4311 tam
2089 4271 2132 4313 ex

344 4336 401 4393 ³⁰
452 4354 582 4419 alode
605 4374 705 4438 quam
729 4363 762 4417 et
784 4353 825 4418 de
847 4363 1040 4439 comparato
1064 4354 1116 4419 vel
1140 4354 1180 4419 de
1205 4354 1351 4439 qualibet
1374 4362 1538 4418 attractoss
1560 4374 1617 4416 seu
1640 4375 1682 4416 ex
1698 4373 1833 4415 munere
1855 4372 1969 4435 regum
1985 4358 2133 4436 presenti

449 4462 632 4545 ternpore
655 4457 785 4523 videtur
807 4456 929 4523 habere
952 4468 1011 4523 aut
1034 4458 1123 4543 quod
1146 4460 1280 4522 inantea
1303 4457 1478 4522 adtrahere
1500 4458 1554 4523 vel
1577 4456 1767 4522 emeliorare
1789 4457 1933 4540 potuerit
1955 4465 1988 4519 et
2010 4456 2097 4541 quod
2112 4478 2133 4520 a

450 4558 546 4630 deo
571 4561 763 4627 timentibus
787 4560 976 4627 hominibus
1001 4561 1122 4627 ibidem
1159 4561 1308 4626 additum
1331 4560 1383 4625 vel
1407 4558 1597 4626 conlatuml
1620 4561 1728 4641 suerit,
1763 4580 1823 4643 pro
1846 4559 1996 4623 mercede
2019 4569 2133 4623 nostra

445 4669 547 4731 visi
571 4668 694 4731 fuimus
711 4668 927 4747 concessisse,
952 4667 1037 4729 sicut
1052 4665 1137 4751 bono
1161 4668 1316 4751 memorie
1333 4665 1472 4730 domnus
1496 4675 1529 4730 et
1544 4667 1673 4750 genitor
1688 4673 1801 4729 noster
1816 4664 1951 4748 Pipinus
1968 4664 2133 4748 quondam

448 4785 544 4836 rex
567 4772 656 4851 fecit,
680 4780 717 4835 ut
739 4769 847 4834 nullus
871 4770 972 4835 iudex
996 4769 1147 4855 publicus
1171 4792 1231 4835 nee
1254 4771 1297 4834 ad
1320 4791 1440 4834 causas
1463 4769 1661 4834 audiendum
1685 4793 1745 4834 nec
1766 4765 1865 4833 freta¹
1887 4767 2051 4853 exigenda
2073 4791 2133 4832 nec

349 4859 403 4911 ³5
451 4876 674 4938 mansiones
690 4883 749 4938 aut
764 4883 900 4958 paratas
916 4873 1085 4938 faciendas
1100 4897 1160 4939 nee
1176 4874 1261 4938 ullas
1278 4873 1491 4939 redibitiones
1513 4870 1748 4960 requirendas¹1
1769 4894 1831 4938 nec
1846 4870 2050 4936 exactandas
2073 4894 2134 4935 nec

457 4978 532 5041 ad
545 4978 694 5042 homines
712 4998 789 5041 suos
806 4986 873 5041 tarn
890 4977 933 5041 ad
950 4978 1108 5061 ingenuos
1123 5000 1221 5062 qnam
1237 4978 1280 5043 ad
1297 4980 1486 5062 servientes,
1503 4980 1558 5064 qui
1575 5002 1672 5064 super
1684 4988 1805 5044 terram
1821 4978 1925 5062 ipsius
1937 4976 2135 5041 monasterie

459 5098 695 5159 commanere
711 5081 872 5155 videntur,
897 5080 1181 5167 [distringendum]
1198 5107 1258 5148 nec
1281 5083 1490 5149 fideiussores
1507 5082 1685 5148 tollendum
1701 5082 1781 5148 inibi
1797 5082 1970 5147 iudiciaria
1985 5089 2135 5165 potestas

462 5186 619 5263 penitus
642 5185 814 5271 ingredere
848 5209 914 5251 non
937 5198 1116 5271 presumat,
1153 5188 1217 5251 nisi
1240 5188 1305 5251 iam
1340 5188 1449 5251 dictus
1472 5187 1747 5272 Hermengaudus
1778 5187 1953 5271 episcopus
1977 5193 2034 5249 ant
2057 5205 2134 5268 pars

468 5284 593 5370 ipsius
615 5289 813 5373 monasterie
846 5312 959 5355 omnes
982 5314 1033 5355 ree
1062 5290 1113 5355 vel
1136 5291 1312 5355 facultates
1348 5312 1425 5355 suas
1449 5291 1509 5354 sub
1535 5292 1721 5355 emunitatis
1756 5291 1886 5354 nomine
1913 5310 1986 5353 cum
2022 5309 2134 5351 omnes

390 5383 436 5437 *ὓ
471 5387 590 5457 fretos
613 5413 790 5458 concessos
814 5392 934 5458 debeat
956 5396 1127 5480 possidere
1150 5406 1183 5459 et
1206 5396 1382 5459 dominare.
1408 5391 1502 5459 ldeo¹
1525 5417 1583 5479 per
1605 5404 1787 5480 presentem
1812 5394 2057 5480 preceptionem
2082 5390 2134 5455 de·

585 5580 625 5635 17.
644 5581 668 5648 s)
686 5581 731 5636 die
750 5580 935 5650 Sipaamseile
952 5597 998 5635 aar
1016 5580 1119 5637 Raude
1137 5582 1281 5637 rubricirt.

587 5686 627 5740 68.
646 5688 732 5749 aldai
751 5691 838 5753 gratia
857 5686 884 5740 Β
993 5688 1021 5749 bl
1038 5687 1255 5740 VindemiacsG
1366 5689 1392 5754 c)
1409 5688 1517 5751 fluvius,
1534 5686 1602 5740 siber
1619 5690 1629 5736 i
1648 5686 1694 5739 cio
1711 5704 1727 5738 o
1746 5686 1813 5739 tiber
1833 5682 1990 5739 esohricben
2009 5682 2040 5736 Β

644 5756 671 5822 d)
689 5756 811 5810 dorothee
830 5772 884 5811 ooo
902 5756 978 5809 eirrer
998 5756 1088 5809 Harrei
1108 5758 1156 5810 dee
1175 5761 1217 5811 16.
1236 5758 1282 5811 Jh.
1302 5764 1328 5809 et
1346 5758 1426 5809 villas
1445 5755 1472 5809 Β
1584 5758 1610 5822 e)
1627 5759 1793 5808 terreaturiis
1952 5754 2063 5819 neore.
2083 5767 2137 5804 aaa

454 5874 481 5924 lo
644 5826 775 5948 {effug
879 5826 913 5911 ug)
930 5826 997 5879 oter
1013 5825 1159 5947 ¹derfereile
1176 5841 1229 5905 aare
1256 5826 1409 5948 iiridfbe'i,
1418 5825 1732 5948 Heerpmrpuelapetgoppta
1751 5826 1790 5904 B·
1827 5896 1884 5946 fred
1898 5823 1927 5890 h)
1935 5838 2014 5946 lim
2033 5821 2136 5958 izcop:

647 5912 790 6031 qauirpndw
808 5964 836 6018 B
878 5897 898 5963 ι)
916 5910 1096 6031 olprgdean'e
1116 5914 1140 5959 a,
1157 5912 1208 5949 wee
1227 5911 1279 5963 epo
1295 5913 1317 5949 er
1353 5912 1381 5948 re
1411 5912 1475 5948 esea
1550 5912 1580 5947 os
1600 5912 1639 5948 aa
1728 5912 1760 5946 us
1779 5910 1811 5946 aa
1886 5911 1916 5945 as
2095 5910 2105 5942 r

1930 6063 1980 6113 lo·
