5642 7159
1154 422 1274 481 KARL
1296 422 1384 481 Dllli
1408 421 1578 479 GROSSE
1603 416 1675 480 775.
2172 417 2230 481 137

753 503 802 517 A*

635 531 692 547 A

518 557 593 577 A
687 611 789 684 mariq
811 612 879 671 Re.
894 614 944 681 19,
969 612 1032 670 956
1054 614 1123 670 a⁰8
1146 627 1202 668 aas
1218 608 1256 670 A.
1283 642 1320 652 -
1346 610 1484 683 Bouqact
1502 611 1531 680 5,
1556 612 1619 669 732
1641 612 1730 668 a⁰28
1754 626 1768 666 c
1790 609 1903 667 schedis
1925 609 2097 668 Mobilloait
2118 611 2231 669 uaooll-

687 715 805 788 std‘adip
823 714 951 791 (Baptae
974 714 1027 773 der
1047 714 1188 775 Urluadc
1211 714 1274 771 aad
1291 712 1489 790 Eeclrotolcoll)
1507 735 1548 767 =
1571 712 1673 785 Mipac
1696 714 1807 774 Pctrol.
1824 718 1876 784 97,
1901 719 1965 774 947
1986 718 2086 785 n⁰27,
2110 719 2232 788 erponet

688 837 743 877 aas
766 823 800 876 a⁰
818 823 870 878 17.
902 850 940 861 -
973 816 1121 891 Sclopllia
1151 818 1215 877 Als.
1240 817 1313 889 dipl.
1337 821 1367 887 1,
1396 820 1438 876 48
1460 822 1494 873 η’)
1514 820 1556 876 50
1584 835 1619 876 ea
1641 819 1733 877 cltart.
1760 818 1859 877 llari.
1886 817 1943 896 (C).
1975 852 2017 861 -
2038 818 2233 878 Mithlbacltcr

687 925 758 997 ileu.
782 927 846 983 182
870 922 971 1001 (178).

688 1062 753 1119 Dus
776 1061 963 1121 Esclatolcoll
985 1079 1041 1120 voa
1072 1062 1208 1135 Wicbold
1232 1063 1285 1118 ertit
1310 1062 1454 1120 bldsscrcr
1479 1063 1574 1133 Tintc,
1612 1063 1665 1120 der
1688 1061 1811 1122 Conteat
1839 1062 2055 1120 concederem
2079 1061 2232 1122 Sclrcibcr

688 1164 784 1242 (HD),
809 1166 857 1223 dic
880 1166 1059 1225 tironlscltea
1082 1165 1180 1223 Notca
1199 1182 1279 1237 pone
1301 1166 1451 1235 cerblusst,
1475 1184 1540 1223 vom
1556 1166 1651 1239 Sicpcl
1671 1185 1734 1224 aar
1755 1169 1804 1224 cia
1820 1167 2008 1225 Braclstltclc
2031 1167 2171 1226 erboltcn.
2189 1196 2231 1219 -0

692 1269 815 1343 Vorloce
838 1270 885 1328 clle
913 1270 1054 1330 Urlaade
1077 1270 1169 1329 Karls
1192 1270 1220 1328 d.
1249 1271 1303 1332 Gr.
1326 1277 1360 1328 a⁰
1375 1274 1426 1330 64.
1450 1270 1750 1343 Dorsuolaafsclrift
1778 1272 1828 1329 des
1850 1274 1904 1332 10.
1928 1271 1999 1331 Ji„-
2044 1272 2129 1331 Sexta
2151 1274 2232 1330 carta

688 1375 787 1433 Karoli
816 1376 893 1450 regis
916 1378 969 1434 snb
998 1378 1124 1451 tempore
1148 1376 1315 1436 Amichonis
1343 1375 1456 1435 abbatis
1484 1393 1539 1433 con
1568 1376 1716 1434 dersclbca
1747 1376 1846 1448 Hand,
1882 1375 1984 1434 welche
2014 1375 2061 1433 dic
2085 1374 2229 1433 Dorsacl-

687 1481 864 1553 bcmcrlraap
887 1482 920 1537 ia
941 1485 975 1537 a⁰
990 1482 1030 1539 64
1053 1481 1175 1538 soluieb.

689 1668 747 1747 (0.)
771 1666 911 1732 Carolus
926 1667 1036 1751 gratia
1060 1666 1112 1730 dei
1129 1688 1187 1730 rex
1204 1665 1407 1730 Francorum
1432 1676 1465 1730 et
1481 1666 1786 1752 Langobardorum.
1893 1682 2044 1747 Principale
2060 1682 2165 1746 quidem
2182 1682 2232 1733 cle-

589 1789 698 1837 mentiae
722 1792 878 1837 cunctorum
902 1786 977 1837 decet
992 1785 1165 1836 accomodare
1189 1800 1279 1836 aurem
1296 1788 1446 1852 benignam,
1470 1788 1613 1852 precipuae
1636 1803 1688 1852 qne
1704 1803 1751 1850 pro
1775 1787 1925 1851 conpendio
1941 1788 2089 1837 animarum
2111 1803 2129 1837 a
2143 1804 2232 1851 prece-

590 1892 710 1942 dentibus
726 1893 833 1959 regibus
849 1893 1064 1943 antecessoribus
1080 1893 1177 1942 nostris
1190 1890 1224 1941 ad
1240 1891 1299 1941 loca
1315 1891 1487 1941 ecclesiarum
1500 1892 1644 1955 probamus
1661 1908 1719 1942 esse
1734 1891 1876 1954 indultum,
1892 1892 1990 1941 devota
2004 1898 2090 1942 mente
2107 1891 2233 1943 debemus

591 1996 747 2062 perpendere
771 2002 797 2047 et
828 2012 946 2063 congrua
968 1996 1107 2059 beneficia,
1141 2002 1172 2045 ut
1194 2012 1341 2047 mereamur
1370 1997 1403 2045 ad
1428 1997 1574 2047 mercedem
1599 2014 1657 2047 esse
1686 1999 1839 2062 participes,
1873 2013 1927 2047 non
1950 2012 2056 2062 negare,
2086 1996 2133 2047 sed
2155 1998 2233 2046 robu-

592 2102 701 2151 stissimo
724 2102 782 2151 iure
805 2118 853 2166 pro
877 2103 974 2152 nostris
998 2101 1114 2151 oraculis
1137 2101 1302 2152 confirmare.
1326 2102 1412 2167 Igitur
1436 2102 1596 2152 venerabilis
1620 2104 1660 2151 vir
1678 2084 1794 2152 Amico
1819 2101 1919 2152 donum
1942 2102 1984 2151 dei
2001 2103 2072 2152 abba
2095 2102 2127 2151 de
2144 2116 2233 2151 mona-

386 2208 423 2252 1
438 2208 495 2253 5
593 2206 667 2256 sterio
690 2206 803 2257 Uinario
819 2206 1032 2273 Peregrinorum,
1055 2207 1102 2272 qui
1116 2208 1226 2272 ponitur
1241 2208 1268 2255 in
1292 2222 1360 2273 pago
1377 2207 1522 2257 alsacense
1545 2222 1624 2271 super
1648 2206 1758 2255 flavium
1777 2206 1914 2268 Morbach,
1938 2208 1984 2271 qui
2003 2211 2043 2255 est
2065 2210 2234 2256 constructus

584 2310 729 2361 inhonore
745 2316 837 2361 sancto
853 2303 1042 2376 Leodegario⁵
1057 2317 1084 2361 et
1106 2312 1190 2360 sancti
1207 2311 1278 2360 Petri
1302 2312 1419 2375 apostoli
1434 2311 1477 2361 vel
1499 2317 1608 2361 sanctae
1626 2311 1728 2360 Mariae
1746 2326 1793 2360 seu
1817 2316 2016 2375 ceterorumque
2032 2290 2234 2369 [sanctorum]¹',

582 2415 633 2463 ubi
655 2406 732 2479 ipse⁸
756 2430 815 2465 cum
838 2415 919 2464 turba
940 2414 1055 2479 plurima
1072 2414 1262 2465 monachorum
1286 2414 1419 2466 deservire
1436 2417 1562 2476 noscitur,
1586 2416 1742 2467 clementiae
1758 2418 1832 2482 regni
1851 2418 1936 2465 nostri
1951 2417 2091 2481 suggessit,
2115 2414 2234 2480 eoquod

580 2524 767 2570 antecessores
790 2522 873 2569 nostri
892 2518 1025 2585 quondam
1042 2535 1089 2583 per
1104 2536 1196 2569 eorum
1212 2521 1385 2571 auctoritates
1402 2519 1508 2569 illorum
1531 2521 1654 2569 manibus
1670 2521 1828 2584 subscriptis
1845 2520 1877 2569 de
1893 2519 1964 2568 villis
1979 2520 2063 2583 ipsius
2080 2520 2232 2569 monasterii

577 2624 637 2684 sni,
665 2623 737 2688 quod
761 2622 794 2672 ad
817 2640 926 2689 presens
950 2622 1105 2687 possidebat
1127 2628 1181 2673 tam
1205 2640 1237 2674 ex
1260 2626 1417 2675 muneribus
1440 2626 1590 2689 principum
1615 2641 1661 2674 sou
1685 2625 1825 2685 Ebroardi,
1860 2626 1905 2689 qui
1928 2625 2015 2687 ipsum
2044 2624 2233 2673 monasterium

375 2712 473 2761 ΞΟ
573 2726 617 2775 in
638 2742 686 2777 sua
708 2728 873 2791 aelymosina
896 2728 1026 2790 fundavit,
1051 2744 1128 2793 quam
1153 2745 1185 2779 ex
1210 2729 1332 2795 largitate
1356 2730 1513 2795 pagensium
1530 2730 1572 2778 vel
1595 2727 1659 2793 quid
1675 2729 1784 2778 inantea
1806 2744 1822 2777 a
1837 2727 1886 2777 deo
1910 2728 2066 2777 timentibus
2080 2726 2233 2776 hominibus

563 2830 683 2881 ibidem
709 2831 859 2898 delegatum
883 2832 970 2894 inerit,
987 2833 1092 2898 integra
1115 2835 1330 2884 aemmunitatem
1348 2836 1550 2894 concessissent,
1568 2838 1597 2881 ut
1620 2833 1710 2882 nullus
1735 2833 1816 2883 iudex
1838 2832 1963 2897 publicus
1987 2833 2014 2880 in
2038 2831 2110 2879 villis
2132 2830 2175 2879 vel
2190 2846 2233 2879 res

562 2934 670 2998 ipsius
693 2937 846 2985 monasterii
870 2937 912 2986 sui
935 2952 984 2986 nec
1008 2936 1041 2985 ad
1065 2952 1160 2986 causas
1183 2938 1330 2987 audiendas
1355 2953 1403 2987 nee
1419 2937 1495 2985 freda
1518 2937 1649 3001 exigenda
1664 2953 1712 2987 nec
1736 2939 1886 2987 mansiones
1902 2940 1950 2985 aut
1972 2941 2078 2999 paratas
2096 2934 2234 2985 faciendas

561 3052 635 3090 trec
657 3040 827 3091 fideiussores
850 3041 998 3091 tollendum
1022 3058 1071 3091 nec
1094 3042 1214 3092 homines
1231 3044 1315 3107 ipsius
1338 3043 1491 3091 monasterii
1516 3041 1548 3090 dc
1564 3042 1730 3106 quibuslibet
1753 3043 1841 3091 causis
1858 3040 2069 3105 distringendum
2092 3055 2142 3089 nec
2161 3039 2236 3089 nulla

560 3144 781 3196 redibutionem
804 3146 992 3211 requirendum
1015 3146 1114 3196 ibidem
1137 3146 1275 3213 ingredere
1299 3164 1353 3196 non
1376 3146 1481 3198 debeat.
1503 3145 1582 3195 Unde
1605 3154 1632 3195 et
1654 3148 1738 3210 ipsam
1761 3147 1958 3210 preceptionem
1982 3146 2035 3194 iam
2059 3144 2138 3194 dictis
2161 3150 2233 3194 ante-

565 3253 738 3301 cessoribus
767 3253 864 3301 nostris
895 3268 941 3301 scu
971 3258 997 3301 et
1026 3250 1251 3302 confirmationem
1282 3252 1432 3301 antedictus
1467 3254 1536 3301 abba
1561 3236 1675 3299 Amico
1707 3257 1793 3301 rector
1816 3251 1848 3300 de
1882 3251 1941 3314 ipso
1973 3251 2134 3300 monasterio
2157 3250 2236 3298 nobis

562 3355 736 3405 (ostendedit
758 3355 792 3405 ad
814 3355 970 3421 relegendas
999 3362 1024 3405 at
1053 3357 1130 3419 ipsud
1158 3356 1317 3406 beneficium
1341 3359 1413 3407 circa
1442 3358 1553 3407 eundem
1577 3357 1619 3405 vel
1649 3338 1841 3406 memoratamd
1868 3355 2006 3405 ecclesiam
2036 3356 2122 3418 ipsius
2150 3369 2235 3418 usque

562 3470 658 3509 nuuc
681 3459 781 3509 adserit
803 3475 861 3509 esse
885 3466 1085 3523 conservatnrrr;
1109 3460 1155 3510 sed
1171 3476 1219 3524 pro
1243 3460 1407 3509 adfirmantis
1424 3461 1541 3510 studium
1565 3462 1642 3524 petiit
1657 3452 1863 3509 celsitudinem⁰
1886 3464 2012 3517 nostram,
2036 3463 2066 3507 ut
2081 3458 2133 3508 boc
2148 3457 2235 3508 denuo

560 3566 658 3613 eirca
680 3566 739 3628 ipso
762 3565 924 3613 monasterio
948 3564 990 3613 vel
1013 3564 1086 3627 ipsos
1110 3564 1254 3613 monachos
1278 3570 1370 3614 nostra
1393 3566 1502 3615 deberet
1524 3566 1654 3614 autoritas
1676 3564 1836 3629 generaliter
1860 3561 2025 3612 confirmare.
2063 3562 2147 3611 Cuius
2170 3563 2235 3625 peti-

562 3672 686 3721 tionem
710 3686 758 3734 pro
775 3670 924 3719 reverentia
946 3670 1031 3733 ipsius
1048 3669 1108 3729 loci,
1132 3672 1162 3716 ut
1179 3684 1326 3719 mereamur
1349 3668 1382 3718 ad
1398 3669 1547 3719 mercedem
1570 3670 1680 3730 sociare,
1704 3668 1859 3731 plenissima
1881 3667 2047 3716 voluntatem
2062 3667 2114 3715 visi
2136 3666 2237 3715 luimus

561 3754 778 3835 praeterimus‘
798 3772 841 3823 rel
857 3774 886 3821 in
901 3774 1025 3823 omnibus
1042 3773 1229 3824 confirmamus
1246 3776 1408 3839 cognuscite.
1432 3775 1615 3838 Pracipientes
1631 3790 1694 3838 ergo
1711 3774 1840 3832 iubemus,
1864 3777 1895 3820 ut
1909 3771 2000 3820 nullus
2015 3770 2096 3820 iudex
2111 3769 2237 3834 publicus

558 3874 615 3927 in
637 3894 678 3928 res
707 3878 749 3927 vel
773 3878 915 3928 facultates
938 3880 1023 3941 ipsius
1046 3878 1176 3928 ecclesiae
1199 3894 1248 3928 nec
1271 3878 1306 3927 ad
1329 3894 1424 3927 causas
1447 3877 1595 3928 audiendas
1618 3893 1667 3927 nec
1689 3876 1764 3925 freda
1787 3875 1918 3941 exigenda
1945 3890 1994 3924 nec
2017 3875 2169 3923 mansiones
2190 3877 2237 3922 eut

556 3988 693 4040 paratas
721 3981 859 4031 iaciendas
882 3997 932 4031 nec
960 3980 1130 4031 fideiussores
1160 3981 1306 4031 tollendum
1330 3998 1379 4031 neo
1411 3982 1532 4031 homines
1554 3982 1639 4045 ipsius
1669 3981 1797 4030 ecclesiae
1820 3979 1862 4030 vel
1893 3979 2045 4028 monasterii
2074 3979 2158 4041 ipsius
2182 3982 2236 4025 tarn

555 4079 738 4151 ingenuos⁸
760 4101 840 4151 quam
862 4092 889 4136 et
912 4102 1011 4147 servos,
1035 4088 1079 4151 qui
1097 4102 1177 4151 super
1200 4102 1289 4135 eorum
1307 4090 1390 4134 terras
1415 4085 1456 4135 vel
1473 4087 1547 4134 mitio
1571 4100 1739 4135 cummanere
1755 4084 1887 4144 videntur,
1911 4084 1956 4148 qui
1972 4082 2070 4132 ibidem
2093 4082 2235 4145 aspiciunt,

556 4186 621 4237 (le
642 4190 809 4255 quibuslibet
831 4192 918 4239 causis
942 4190 1153 4255 distringendum
1177 4206 1226 4240 nec
1250 4190 1324 4239 nulla
1346 4190 1519 4240 redibucione
1543 4189 1731 4254 requirendum
1754 4187 1853 4237 ibidem
1877 4187 2015 4253 ingredere
2038 4203 2091 4236 non
2114 4185 2237 4246 debeant,

562 4294 637 4343 ssd
659 4297 728 4345 sicut
752 4296 835 4360 ipsius
857 4294 1005 4345 beneficius
1030 4312 1045 4344 a
1068 4296 1120 4345 iarn
1144 4295 1222 4345 dictis
1246 4296 1460 4344 antecessoribus
1484 4296 1582 4344 nostris
1606 4295 1739 4357 inspectas
1763 4294 1880 4355 priorum
1904 4293 2055 4356 principum
2078 4291 2235 4339 autoritates

561 4398 623 4446 ad
646 4400 696 4448 iam
720 4398 792 4449 dicto
816 4401 977 4449 monasterio
1001 4414 1086 4464 usque
1110 4416 1181 4449 nunc
1204 4382 1276 4449 fuith
1299 4406 1494 4461 conservatam,
1517 4401 1556 4447 ita
1572 4404 1598 4449 at
1621 4397 1746 4462 deinceps
1762 4414 1809 4461 per
1831 4404 1949 4446 nostram
1973 4397 2142 4445 autoritatem
2158 4410 2236 4460 gene·

558 4503 679 4553 rariter
701 4510 809 4555 maneat
831 4506 1032 4569 inconvulsum
1071 4510 1096 4555 et
1119 4505 1246 4570 quicquid
1270 4505 1365 4556 exinde
1388 4504 1468 4555 fiscus
1492 4511 1583 4554 noster
1605 4508 1709 4568 poterat
1731 4506 1862 4563 exactare,
1897 4503 1924 4549 iu
1953 4499 2130 4549 luminaribus
2153 4498 2237 4561 ipsius

564 4603 678 4657 domni
701 4608 862 4675 Leodogarii
886 4608 928 4659 vel
953 4616 1062 4659 sanctae
1086 4610 1187 4659 Mariae
1211 4626 1259 4673 pro
1282 4610 1456 4659 stabilitatem
1480 4609 1555 4674 regni
1578 4609 1662 4658 nostri
1685 4607 1807 4672 proficiat
1830 4608 1857 4654 in
1882 4610 2062 4669 arrgmentarn.
2085 4602 2120 4651 Et
2144 4605 2174 4650 nt
2189 4600 2238 4648 bec

565 4713 719 4763 autoritas
742 4720 796 4763 tarn
818 4715 988 4778 presentibus
1012 4728 1091 4779 quam
1115 4718 1141 4763 et
1164 4714 1261 4764 laturis
1285 4714 1449 4777 temporibus
1473 4714 1557 4777 possit
1580 4717 1709 4773 constare,
1734 4726 1815 4760 manu
1831 4715 1922 4760 nostra
1944 4708 2035 4757 subter
2051 4706 2237 4757 roboravimus

569 4824 621 4863 et
642 4816 739 4867 annulo
762 4822 853 4867 nostro
877 4817 995 4883 sigillare
1020 4818 1154 4867 iussimus.

691 4958 705 5041 l
728 4954 864 5041 Signum
890 4960 980 5033 (iil.)
1003 4954 1114 5021 Caroli
1138 4956 1370 5042 gloriosissimi
1392 4958 1489 5043 regis.
1514 4960 1528 5044 ξ

693 5094 749 5176 (G.)
772 5094 786 5179 ξ
809 5093 1018 5179 Uuigbaldus
1041 5094 1192 5159 advicem
1216 5095 1360 5159 Hitherii
1382 5097 1559 5180 recognovi
1584 5103 1616 5159 et
1637 5098 1651 5177 l
1674 5097 1740 5170 (SR.
1760 5096 1847 5171 ΝΤ.)ι
1873 5096 1930 5169 (SI.
1956 5092 1997 5169 1).

695 5232 782 5296 Data
806 5234 910 5318 pridie
934 5254 1039 5297 nonas
1064 5233 1177 5319 aprilis
1192 5256 1278 5298 anno
1305 5235 1443 5319 septimo
1461 5242 1493 5296 et
1516 5234 1620 5317 primo
1638 5228 1770 5315 [regni]¹
1791 5231 1911 5311 nostri3
1935 5238 2046 5293 actum
2063 5225 2235 5307 carisiago

584 5324 752 5421 [palatio]¹
775 5337 926 5422 publico;
949 5340 982 5403 in
1007 5338 1058 5403 dei
1082 5339 1214 5403 nomine
1239 5337 1385 5403 feliciter.

536 5500 568 5549 ⁴⁵
686 5525 726 5577 ti.
746 5526 772 5589 ι)
790 5540 862 5578 corr.
882 5538 936 5577 aas
956 5521 1118 5590 beodegaris
1188 5524 1215 5589 b)
1234 5522 1306 5575 aucit
1326 5522 1356 5574 in
1377 5522 1427 5574 der
1442 5521 1560 5591 Vorlapc
1578 5520 1761 5589 aaspclaeaea
1830 5519 1855 5585 c)
1873 5521 1958 5587 ipsius
1978 5519 2013 5580 A,
2031 5519 2090 5583 ipse
2112 5513 2169 5568 VU.

744 5594 772 5661 d)
790 5610 832 5645 me
852 5592 918 5645 aaa
937 5592 986 5647 der
1006 5592 1081 5645 Zeile
1099 5607 1152 5644 nort
1172 5592 1313 5644 dersclbea
1333 5591 1425 5643 Hand
1443 5591 1650 5659 rmcbpetrapca
1754 5590 1780 5654 e)
1797 5585 2022 5640 celsitudimenA
2127 5584 2149 5647 l)
2166 5599 2237 5649 pres·

745 5665 915 5724 stetissimus,
933 5664 982 5713 issi
1002 5661 1093 5715 durch
1112 5662 1297 5739 elberpesetetc
1309 5659 1421 5713 Prtrtkle
1439 5660 1536 5739 petilpt
1619 5729 1624 5739 ,
1647 5660 1676 5726 g)
1694 5674 1766 5737 corr:
1785 5673 1837 5711 aaa
1856 5661 1991 5725 ingenuus
2096 5654 2124 5717 h)
2142 5652 2190 5703 fiat
2205 5653 2239 5713 A,

743 5730 919 5785 noeaaeirct
938 5730 987 5783 der
1010 5729 1066 5785 VU.
1086 5729 1334 5799 rracbpcsclacebea
1439 5732 1459 5795 i)
1477 5729 1523 5781 dcc
1542 5728 1651 5795 Schreft
1669 5727 1840 5796 obpeubera

640 5833 870 5887 Kaisemrknnden
885 5834 908 5884 Ι.
2040 5824 2070 5873 18
