5642 7159
1082 743 1202 803 uest
1223 743 1311 802 nult
1333 742 1497 803 GBOSSE
1520 738 1592 804 782.
2099 741 2160 804 195

617 949 658 989 an
679 931 770 990 Stella
792 932 843 990 des
873 933 934 990 ilem
955 933 1234 990 ononstendlicten
1255 932 1396 1009 patricius
1418 934 1469 990 hut
1500 932 1552 990 ἄεν
1575 931 1675 1004 eopist
1698 932 1851 1008 Imperator
1877 935 1986 1005 gesem
2008 932 2064 1006 opt.
2088 934 2162 992 eber

617 1037 666 1095 die
686 1036 829 1110 Faseanp
850 1037 927 1095 auco
950 1035 1046 1098 dictet
1068 1037 1163 1096 Beitr.
1186 1055 1213 1096 ε.
1237 1035 1322 1109 Dipl.
1346 1037 1400 1095 III
1428 1037 1547 1097 Wiener
1570 1035 1630 1096 SB.
1655 1039 1706 1104 47,
1731 1037 1803 1096 230.
1835 1036 1997 1110 Hariborgo
2019 1037 2060 1095 iat
2080 1038 2162 1096 nieht

621 1138 786 1211 Ortsnome,
817 1140 947 1199 sordem
968 1138 1102 1198 tedeatet
1124 1140 1189 1197 tier
1210 1140 1285 1197 noct
1315 1140 1369 1197 der
1390 1140 1566 1212 Ertleruno
1589 1138 1722 1198 Edwurd
1745 1137 1903 1198 sitrooers
1926 1139 2165 1198 Mititdrstutioa

616 1243 671 1316 opt.
696 1244 743 1302 die
762 1243 865 1304 Glosse
886 1243 984 1316 statio,
1007 1247 1104 1303 eastra
1126 1245 1171 1302 hei
1189 1242 1572 1313 (iruffAlthocisdeatseter
1587 1243 1846 1318 sarcitectores,
1871 1245 1932 1304 175
1956 1243 2021 1302 and
2042 1243 2162 1303 Ferate-

618 1365 712 1406 morm
737 1347 917 1409 Orteoumen
939 1350 1012 1418 740,
1040 1347 1206 1420 spruehie'ch
1235 1348 1341 1420 rictus
1370 1353 1451 1407 νεᾶνε
1479 1347 1635 1422 heribergo
1656 1346 1787 1424 puhlica;
1827 1347 1867 1406 da
1889 1347 1977 1427 Kurl,
2006 1347 2059 1406 ἄεν
2085 1348 2163 1406 tarr

622 1453 726 1511 uerter
747 1470 788 1511 aa
810 1451 863 1511 ἄεν
888 1452 989 1528 Qualia
1010 1451 1064 1510 der
1085 1451 1185 1524 Lippa
1211 1451 1273 1527 (uhi
1296 1450 1401 1527 Lippia
1423 1450 1582 1526 consurgit,
1607 1449 1688 1512 Aua.
1711 1469 1737 1510 r.
1761 1451 1873 1509 Fruar.
1898 1454 1971 1521 782,
1995 1453 2031 1510 ad
2054 1451 2163 1511 fontem

620 1556 752 1632 hippias,
789 1557 868 1613 Aen.
892 1555 984 1614 uini,
1014 1555 1057 1613 εᾶ.
1088 1554 1192 1613 Karre
1215 1557 1266 1624 58,
1295 1554 1350 1630 59)
1379 1556 1444 1612 eine
1471 1554 1797 1626 Reietsversemmlunp
1822 1554 1957 1626 geleiten
1986 1555 2079 1626 hatte,
2114 1571 2164 1612 um

618 1663 671 1721 28.
696 1659 767 1720 ἄνᾶν·
788 1661 822 1717 in
844 1656 988 1730 Herefeld
1010 1658 1170 1728 artandet,
1200 1657 1268 1731 lieet
1290 1657 1431 1716 vielleicht
1454 1659 1518 1716 eine
1545 1657 1733 1730 Verderhoeo
1755 1657 1805 1716 des
1829 1657 2046 1732 Taresduloms
2069 1657 2163 1717 claret

619 1766 704 1823 εἰειενι
734 1762 928 1823 Atectreioer
953 1780 1007 1821 εον
1034 1763 1117 1841 (VIII
1143 1766 1217 1822 stati
1242 1764 1312 1823 XIII
1339 1761 1427 1840 hah),
1463 1764 1591 1836 weniper
1619 1762 1859 1822 wahrscteirile'ch
1889 1764 1928 1821 ist
1957 1766 2074 1836 epotare
2106 1763 2165 1822 Be-

618 1867 802 1940 erimusne
831 1864 940 1945 (Sickel
972 1867 1035 1926 UL.
1066 1866 1159 1944 237)‚·
1197 1867 1301 1939 Sietel,
1330 1867 1402 1940 Rau,
1434 1870 1494 1928 255
1523 1867 1634 1938 1192,
1663 1871 1805 1926 vermatet
1834 1867 1891 1925 den
1918 1866 2096 1926 Ausetellort
2123 1884 2164 1924 on

619 1973 714 2030 εἰειενη
741 1970 885 2043 Hersfetd
911 1971 1167 2044 omhstqeteoenen
1196 1972 1452 2042 Zasummeattuss
1483 1971 1534 2030 ἄεν
1562 1971 1668 2044 Lippa
1713 1969 1754 2030 Ia
1781 1971 1837 2030 den
1864 1974 2002 2044 sptteren
2032 1969 2167 2043 Speterer

624 2075 788 2135 Urkoaderi
810 2075 927 2134 werden
948 2076 997 2135 die
1018 2077 1084 2135 hier
1104 2076 1271 2135 erlosaenere
1292 2075 1527 2148 Fiscalahqaben
1548 2076 1629 2133 nicht
1651 2075 1735 2133 mehr
1756 2075 1896 2135 ενεεᾶἄνᾶ.

621 2244 761 2310 Carolus
784 2247 898 2330 gracia
921 2246 973 2311 dei
996 2269 1057 2310 rex
1079 2245 1286 2312 Francorum
1308 2255 1341 2311 et
1362 2244 1662 2332 Longobardorum
1690 2242 1905 2330 (imperator)
1931 2243 2163 2309 Romanorum.

619 2349 803 2416 Maximum
832 2349 927 2415 nobis
955 2350 1120 2417 credimus
1148 2351 1183 2416 in
1212 2351 1265 2416 dei
1294 2353 1427 2416 nomine
1455 2371 1613 2436 generare
1641 2347 1874 2433 conpendium,
1910 2348 1937 2411 si
1967 2347 2061 2412 iustis
2085 2347 2166 2434 peti-

464 2471 496 2519 16
518 2451 669 2519 cionibus
694 2452 902 2520 sacerdotum
924 2452 977 2519 vel
996 2452 1200 2539 clericorum,
1223 2456 1258 2521 in
1282 2478 1345 2542 quo
1369 2456 1491 2519 nostris
1513 2453 1634 2518 fuerint
1656 2450 1792 2517 auribus
1814 2451 1972 2537 prolate⁸,
1996 2466 2167 2531 perduciinus

517 2573 706 2642 adessemus,
730 2569 763 2625 et
785 2558 968 2624 mercedem
991 2559 1083 2625 lucra
1106 2561 1336 2647 conquerimus
1359 2559 1412 2624 vel
1436 2559 1483 2624 eis
1507 2556 1650 2624 delectet
1671 2579 1731 2642 pro
1748 2555 1928 2621 stabilitate
1950 2558 2043 2642 regni
2061 2557 2166 2622 nostri

519 2661 641 2728 domini
665 2663 925 2729 misericordiam
948 2664 1157 2750 frequencius
1181 2687 1329 2735 exorare.
1368 2679 1457 2744 Atque
1480 2679 1540 2728 ideo
1564 2688 1709 2743 cognoscar
1731 2676 1887 2742 magnitudo
1910 2693 1926 2724 ι
1949 2681 2046 2740 vestra,
2074 2659 2165 2748 [qua-

516 2765 602 2849 liter]
624 2766 827 2852 apostolicus
850 2769 901 2833 vir
923 2768 1045 2834 Fraido
1069 2771 1246 2856 episeopus
1274 2768 1369 2833 nobie
1392 2769 1545 2847 innotuit,
1575 2789 1615 2832 eo
1639 2765 1727 2851 quod
1750 2774 1979 2831 antecessores
2002 2766 2108 2830 nostri
2132 2780 2167 2830 ad

518 2886 657 2937 ecclesiam
680 2887 775 2937 domne
790 2887 875 2938 Maris
890 2889 934 2939 val
957 2889 1046 2940 domni
1062 2888 1191 2954 Stephani
1208 2875 1243 2939 ln
1258 2874 1395 2939 civitate
1410 2889 1569 2939 Nemeteuss
1593 2869 1672 2937 seub
1689 2869 1853 2956 spirense,
1877 2886 1924 2936 ubi
1947 2872 2018 2956 lpee
2041 2869 2165 2935 Freldo

462 2989 496 3038 ao
518 2995 605 3039 nunc
619 2984 767 3061 tempore
781 2978 931 3062 pontifex
947 3009 1004 3044 sess
1020 2994 1176 3056 dinoscitur,
1200 2985 1233 3042 et
1247 2976 1344 3043 nobis
1360 2978 1432 3062 ipse
1450 2974 1571 3041 Fraido
1588 2976 1739 3048 innotuit,
1763 2996 1802 3039 eo
1826 2973 1915 3060 quod
1937 2983 2165 3039 antecessores

517 3099 612 3164 reges
628 3100 687 3144 seu
705 3088 738 3145 et
753 3080 892 3146 domnus
908 3089 968 3147 ac⁰
990 3083 1119 3167 genitor
1134 3089 1246 3146 noster
1260 3081 1419 3166 Pippinue
1436 3078 1601 3166 quondam
1618 3103 1679 3144 rex
1694 3102 1753 3165 pro
1769 3078 1930 3144 mercedis
1946 3078 2165 3164 conpendium

519 3202 632 3247 omnes
655 3182 798 3265 debitus,
822 3185 911 3271 quod
934 3185 979 3250 ad
1001 3186 1073 3250 fisci
1096 3184 1282 3251 dicionibus
1304 3183 1443 3250 reddere
1467 3183 1650 3265 debuerint,
1675 3205 1733 3268 pro
1756 3182 1954 3248 retributore
1978 3182 2110 3247 domino
2134 3192 2167 3247 et

518 3285 677 3353 scelerum
699 3289 908 3354 remissiones
924 3288 969 3353 ad
990 3290 1099 3374 ipsam
1115 3289 1342 3376 supradictam
1357 3287 1552 3354 ecclesiam‘¹
1576 3309 1772 3355 concesserunt.
1800 3287 1904 3354 Simili
1927 3287 2025 3353 modo
2049 3299 2082 3354 st
2104 3308 2165 3352 nos

518 3411 577 3475 pro
606 3392 824 3477 conpendium
857 3395 966 3459 anime
995 3402 1106 3460 nostre
1139 3403 1172 3458 et
1200 3415 1259 3479 pro
1290 3393 1474 3458 stabilitate
1507 3395 1599 3478 regni
1628 3393 1733 3456 nostri
1761 3391 1804 3457 ad
1831 3394 1939 3477 ipsam
1974 3391 2166 3457 ecelesiam⁶

462 3510 496 3558 as
519 3477 633 3560 sancte
655 3495 760 3561 Maris
782 3496 836 3562 vel
860 3500 966 3563 sancti
990 3497 1148 3586 Stephani
1181 3498 1390 3585 supradictos
1414 3496 1544 3564 debitos
1572 3495 1791 3581 indulgemus,
1821 3517 1860 3560 ea
1885 3495 2011 3560 scilicet
2032 3495 2166 3560 racione

517 3600 565 3662 ita
586 3620 618 3664 ut
631 3591 723 3666 nullus
744 3617 827 3668 index
842 3617 968 3682 publicus
983 3634 999 3666 ι
1021 3620 1049 3667 in
1065 3602 1161 3668 villae
1186 3602 1376 3688 supradicte
1393 3617 1514 3680 ecclesie,
1537 3611 1605 3666 tam
1622 3601 1656 3666 in
1672 3599 1828 3686 Spirense
1851 3623 1948 3687 quam
1964 3602 1996 3665 in
2015 3599 2165 3666 Worma·

518 3703 628 3769 elense
657 3704 710 3770 vel
741 3722 903 3788 ubicumque
931 3705 1120 3773 dominare¹
1141 3706 1303 3789 videntur,
1332 3728 1394 3772 nee
1422 3721 1497 3771 freda
1519 3737 1569 3772 nec
1592 3712 1709 3784 stopha⁸
1730 3736 1779 3772 nec
1801 3721 1970 3771 harebannus
1993 3736 2008 3768 e
2031 3721 2166 3785 sequitere

518 3837 572 3872 non
593 3829 737 3888 presumat,
767 3811 841 3894 niel,
871 3827 941 3876 sicut
963 3827 1086 3890 diximus,
1113 3828 1165 3892 ipsi
1187 3827 1308 3877 homines
1332 3809 1520 3896 supradicte
1543 3806 1677 3875 ecclesieh
1701 3825 1750 3874 sub
1774 3806 1860 3874 omni¹
1882 3825 2028 3875 emunitate
2051 3824 2166 3875 debeant

518 3928 662 3978 consistere
684 3928 728 3978 vel
749 3929 873 3980 roaldere.
896 3931 1067 3996 Quapropter
1080 3947 1097 3980 s
1120 3931 1286 3981 decernimus
1309 3945 1341 3980 ac
1363 3930 1494 3992 iuhemus,
1517 3935 1547 3979 ut
1569 3929 1660 3978 nullus
1682 3928 1764 3979 iudex
1786 3927 1910 3992 publicus
1933 3927 1966 3978 de
1989 3928 2071 3977 curtis
2093 3934 2164 3997 pre·

460 4029 495 4078 30
518 4013 605 4080 (liele
627 4031 739 4083 ecclesie
761 4033 920 4085 Nemetense
941 4042 1004 4085 nee
1026 4035 1102 4086 Ireda
1123 4052 1174 4086 nec
1196 4017 1313 4100 stopha¹¹
1335 4051 1385 4086 nec
1406 4035 1560 4086 herebanno
1584 4051 1600 4082 s
1623 4034 1728 4098 exigere
1751 4049 1805 4082 non
1827 4013 1984 4097 presumat¹,
2013 4031 2060 4081 sed
2082 4046 2165 4097 quan-

517 4138 688 4200 tumcumque
710 4135 745 4185 ad
772 4141 874 4201 partem
897 4137 955 4188 fisci
983 4141 1067 4189 nostri
1089 4139 1200 4190 reddere
1229 4139 1386 4201 debuerunt,
1415 4140 1472 4203 ipse
1495 4138 1615 4202 pontifex
1644 4153 1745 4202 sueque
1768 4135 1879 4187 ecclesie
1909 4151 1942 4186 ex
1964 4141 2056 4186 nostra
2079 4136 2163 4184 muni-

517 4237 629 4290 ficencia
657 4240 747 4291 valeat
775 4242 874 4293 habere
897 4259 1053 4294 concessum
1076 4249 1156 4310 atque
1179 4243 1321 4293 indultum.
1365 4243 1402 4292 Et
1430 4247 1460 4292 ut
1481 4243 1531 4293 hac
1562 4227 1741 4290 auctoritas
1768 4224 1894 4290 firmior
1922 4223 2086 4289 habeatur
2112 4224 2164 4288 vel

517 4327 680 4394 diuturnis
703 4330 908 4416 temporibus
937 4332 1055 4398 melius
1085 4342 1306 4414 conservetur,
1335 4362 1416 4398 manu
1440 4330 1572 4417 propria
1596 4346 1688 4396 subter
1710 4360 1768 4396 sam
1796 4343 1962 4394 deersviinus
1984 4343 2110 4394 roborare
2133 4335 2166 4392 et

517 4431 558 4497 de
581 4433 680 4498 anulo
702 4444 817 4499 nostro
840 4437 997 4502 iussimus
1022 4436 1180 4522 sigillare.

461 4585 495 4633 so
621 4568 759 4657 Signum
783 4577 850 4652 (Μ.)
875 4571 985 4640 Caroli
1009 4574 1240 4660 gloriosissimi
1264 4573 1392 4659 regiam.

619 4691 710 4757 Data
732 4710 797 4757 vm
819 4693 886 4759 kal.
910 4696 1044 4780 augusti
1067 4717 1154 4761 anno
1177 4713 1258 4760 x1111
1281 4704 1411 4760 etvini
1434 4696 1525 4782 regni
1550 4697 1667 4778 nostri3
1690 4704 1801 4760 actum
1824 4694 1998 4780 heribergo
2022 4693 2164 4781 publico,

515 4792 571 4860 ubi
595 4794 739 4881 Lippia¹¹
757 4797 901 4863 confluit.

1308 5022 1394 5098 itt.

514 5157 610 5230 Karl
636 5161 700 5232 der
725 5158 852 5233 Grosse
879 5164 1018 5236 scheott
1037 5165 1115 5236 dem
1135 5163 1280 5236 Kioster
1306 5164 1351 5234 H
1354 5187 1423 5236 ers
1429 5163 1453 5253 s
1453 5165 1524 5236 eld
1549 5165 1605 5236 die
1625 5164 1757 5235 Kirclee
1783 5166 1833 5235 im
1853 5164 1980 5235 Fiscus
2000 5163 2164 5236 Schoene-

459 5302 493 5350 ιο
515 5280 607 5353 heim
632 5283 708 5355 uod
734 5285 889 5356 ενεᾶειενε
915 5284 1047 5358 Besite.

1721 5389 1866 5463 Hersfeld
1888 5393 1953 5451 782
1975 5390 2046 5451 ἄνᾶν·
2066 5394 2120 5452 28.

619 5557 758 5634 original
779 5561 832 5641 (Α)
855 5563 920 5622 uod
942 5561 1109 5623 Gloriatur
1130 5581 1187 5623 ores
1209 5565 1262 5624 ἄεν
1283 5563 1371 5623 Mitte
1393 5565 1444 5623 des
1467 5567 1519 5623 12.
1536 5562 1588 5623 Jh.
1614 5561 1638 5635 s.
1663 5554 1714 5624 17'
1739 5558 1793 5641 (9')
1819 5557 1870 5645 (C)
1894 5566 1937 5622 im
1961 5563 2165 5625 Stuutsmtio

616 5681 659 5722 ru
680 5663 837 5740 Morbum.

590 5829 649 5886 tte
668 5833 696 5898 a)
713 5836 812 5900 prolati
831 5833 912 5888 Boe
978 5836 1007 5901 b)
1024 5836 1069 5888 vel
1081 5835 1112 5889 E
1178 5838 1204 5905 c)
1221 5845 1249 5890 et
1261 5837 1291 5891 E
1358 5839 1386 5903 d)
1404 5838 1438 5889 ad
1456 5839 1516 5904 ipsa
1533 5837 1686 5903 supradicta
1704 5835 1887 5887 scclssIastica
1905 5835 1934 5888 Ε
2002 5836 2028 5902 a)
2046 5838 2164 5903 ipserum

457 5899 491 5948 4⁵
667 5903 841 5956 eeclesiarum
854 5905 885 5958 E
951 5905 973 5970 i)
990 5907 1090 5957 donne
1103 5906 1133 5959 E
1200 5908 1229 5973 g)
1240 5908 1343 5975 scoplia
1355 5907 1386 5960 E
1453 5908 1481 5974 b)
1500 5905 1553 5959 das
1565 5903 1694 5973 fulgendo
1712 5908 1761 5957 sub
1775 5908 1849 5956 omni
1867 5906 2165 5958 emunitate-ecclesis

666 5971 698 6024 Ζ.
708 5974 742 6024 31
756 5971 825 6037 fehlt
837 5974 867 6027 E
933 5975 955 6040 i)
967 5991 1046 6027 omne
1058 5974 1085 6028 B
1153 5977 1183 6043 k)
1195 5975 1332 6045 scophsO
1397 5976 1419 6041 l)
1431 5981 1587 6044 presumant
1599 5973 1651 6028 ΒΟ
1718 5976 1754 6042 m)
1767 5973 1814 6028 die
1827 5973 2011 6044 Signumret'le
2023 5973 2093 6039 fehlt
2106 5973 2162 6038 Be,

667 6039 699 6093 ier
716 6039 748 6094 E
763 6041 836 6096 steht
854 6044 896 6096 sie
913 6044 986 6097 nach
1005 6043 1055 6098 der
1074 6044 1224 6116 Datiruop
1329 6047 1358 6113 n)
1376 6047 1465 6113 Lippa
1482 6041 1516 6098 Β.

1953 6143 2006 6195 25*
