5642 7159
995 784 1113 841 KARb
1137 783 1225 842 ΗΕΒ
1247 782 1413 843 euossu
1438 777 1510 843 775.
2015 778 2076 845 129

530 975 627 1035 Boot
653 974 704 1032 die
725 976 919 1047 Recogm'tion
942 973 1040 1049 Hiddy
1063 971 1214 1048 episeopus
1237 972 1390 1048 recognovi
1420 972 1484 1030 aad
1506 974 1540 1030 irs
1570 972 1623 1030 der
1644 971 1799 1045 Dotimng
1822 990 1896 1032 auno
1919 973 1954 1046 V,
1985 969 2078 1031 ouis

531 1081 605 1137 eina
621 1078 678 1135 der
693 1083 831 1150 sperares
851 1077 1015 1137 Urbsmdca
1030 1074 1086 1148 [ἂν
1101 1075 1244 1148 Hersseld
1260 1081 1463 1135 entaommeae
1478 1076 1669 1150 Recoom'to'on
1685 1077 1746 1151 Ego
1763 1076 1934 1151 wigbaldus
1950 1076 2077 1137 advioem

533 1181 656 1242 Batonis
680 1182 834 1256 recognovi
857 1179 921 1240 aad
944 1179 992 1238 die
1006 1178 1161 1253 Dotimo
1184 1182 1260 1239 Data
1283 1180 1426 1240 carisiaco
1450 1198 1526 1240 anno
1549 1181 1648 1241 nostro
1672 1183 1783 1256 quarto.
1807 1212 1848 1225 -
1873 1180 2076 1253 Selbstdadipe

535 1286 679 1358 Fossmse.
710 1287 802 1345 Ueber
823 1286 880 1343 den
903 1284 1003 1343 Induit
1020 1283 1115 1344 Siolrel
1137 1284 1231 1343 Beitr.
1248 1303 1274 1344 a.
1292 1284 1420 1358 Diptl,
1445 1284 1497 1344 IV
1523 1284 1643 1345 Wiener
1664 1284 1724 1346 SB.
1742 1287 1793 1356 36,
1818 1286 1901 1358 370‚·
1924 1288 1975 1357 47,
2000 1287 2073 1345 585.

378 1484 390 1530 s
539 1471 586 1552 (0.)
609 1468 752 1536 Carolus
775 1472 888 1555 gracia
911 1469 964 1535 dei
993 1493 1053 1536 rex
1075 1471 1279 1536 Francorum
1302 1478 1335 1535 et
1358 1469 1656 1555 Langobardorum
1683 1472 1740 1534 vir
1760 1470 1899 1535 inluster
1924 1472 2076 1537 omnibus

404 1574 589 1660 episcopis
604 1572 835 1659 a[bba]tibus⁸
850 1573 989 1639 ducibus
1005 1574 1181 1640 comitibus
1198 1575 1320 1640 nostris
1337 1573 1507 1655 Franciae,
1530 1573 1792 1659 Longobardiae.
1882 1573 2076 1641 Coniunctis

403 1673 599 1764 carisiago
621 1675 753 1764 palacio
787 1679 921 1765 publico
952 1688 1064 1745 nostro
1101 1679 1258 1746 senedum
1282 1680 1435 1763 inigentis
1465 1676 1575 1763 ibique
1611 1680 1744 1743 veniens
1773 1680 1823 1743 vir
1851 1677 2074 1762 [venlerabilis

400 1776 568 1845 domnus
589 1791 621 1846 et
644 1782 849 1867 apostolicus
866 1782 964 1847 Lullo
981 1782 1207 1868 Mog[onci]ae
1231 1784 1408 1869 episcopus
1433 1780 1529 1846 nobis
1552 1783 1703 1864 innotuit,
1729 1805 1767 1847 eo
1792 1782 1880 1869 quod
1902 1782 2075 1848 cenubium

398 1880 545 1969 aliquo
565 1887 647 1951 infra
670 1908 774 1972 regna
796 1896 911 1953 nostra
932 1896 1027 1953 vasto
1051 1888 1086 1952 in
1109 1888 1183 1953 loco
1208 1910 1270 1973 que
1294 1886 1414 1952 dicitur
1431 1884 1672 1951 Haireulfisfelt
1695 1909 1794 1972 super
1815 1886 1953 1952 fluvium
1967 1885 2076 1951 Fulda

355 1998 380 2045 ro
396 1992 660 2055 monasterium
678 1990 888 2056 aedificasset
902 1992 937 2056 in
953 2014 1013 2056 sua
1028 1990 1256 2077 prolpr]ietate
1280 1990 1454 2055 inhonore
1477 1990 1649 2055 beatorum
1666 1990 1890 2076 apostolorum
1907 1989 2075 2074 Si[monis]

395 2096 435 2150 et
457 2089 594 2158 Tatbei
615 2103 648 2158 et
663 2093 711 2159 ibi
734 2116 884 2161 normam
900 2094 1138 2161 monachorum
1162 2092 1416 2177 constit[uis]set
1432 2102 1465 2157 et
1488 2093 1548 2158 sub
1566 2095 1717 2159 instituta
1733 2104 1864 2180 patrum
1879 2116 1937 2159 eos
1954 2094 2075 2160 ibidem

394 2195 645 2283 conlocasset,
680 2209 714 2264 et
737 2198 793 2263 illo
827 2203 1025 2266 monasterio
1050 2222 1116 2264 una
1139 2220 1214 2263 cum
1236 2198 1335 2263 rebus
1360 2199 1428 2262 suis
1452 2198 1495 2261 ad
1524 2220 1559 2262 se
1592 2198 1832 2284 pertinentibus
1861 2199 1893 2262 in
1923 2197 2075 2264 manibus

393 2302 552 2364 nostris
572 2300 718 2384 tradidit,
754 2300 917 2387 quasliter]
951 2302 1011 2367 sub
1034 2312 1183 2368 nostram
1206 2302 1406 2367 tudicionem
1433 2300 1641 2387 filiorumque
1671 2303 1849 2367 nostriset
1877 2300 2076 2387 g[en]elogia

393 2410 546 2469 nostra
566 2404 684 2470 adesse
707 2403 885 2470 debuisset.
931 2405 1106 2491 Expetivit
1127 2405 1223 2471 nobis
1246 2405 1415 2490 predictus
1439 2406 1597 2490 pontifex,
1630 2415 1666 2470 ut
1688 2404 1797 2470 nullus
1821 2404 2074 2471 archidiaconus

351 2512 375 2559 15
392 2512 469 2566 aut
495 2512 618 2574 missus
634 2512 864 2596 episcoporum
877 2509 1082 2595 Mogonciae,
1098 2510 1261 2591 Austriae,
1274 2510 1452 2594 Toringiae
1468 2510 1577 2594 ipsum
1592 2510 1820 2575 monastirium
1835 2530 1896 2574 neo
1909 2508 2074 2591 abbatem,

393 2608 466 2685 qui
503 2613 626 2679 ibidem
648 2610 839 2678 institutusl’
862 2616 971 2696 fuerit,
997 2637 1054 2699 per
1076 2624 1268 2701 preceptum
1292 2625 1324 2679 et
1346 2615 1526 2679 iussionem
1548 2637 1663 2699 regum
1687 2615 1864 2699 episcopus
1888 2622 1945 2679 aut
1968 2613 2074 2678 archi·

392 2702 587 2782 diaeonus
620 2718 653 2781 in
679 2718 780 2783 rebus
807 2739 920 2783 eorum
954 2720 1212 2784 mansionaticus
1243 2718 1485 2805 preparandum
1520 2740 1580 2782 nec
1611 2717 1797 2783 faciendum
1831 2740 1938 2804 neque
1971 2719 2076 2783 comis

391 2827 535 2898 ¹1eque
554 2820 653 2886 iudex
678 2820 830 2906 publicus
858 2844 965 2906 neque
989 2823 1079 2886 missi
1109 2822 1213 2887 nostri
1238 2811 1454 2887 discurrentis
1482 2823 1514 2886 in
1540 2820 1669 2887 vilabus
1700 2845 1811 2889 eorum
1835 2844 1895 2887 nec
1919 2824 1953 2886 in
1976 2820 2074 2886 rebus

391 2930 540 2989 0⁰¹·um
563 2948 597 2990 se
620 2934 813 3011 presumant
835 2924 961 3012 aliquid
985 2929 1175 3013 contingere
1199 2949 1305 3011 neque
1329 2927 1588 2991 mansionaticus
1605 2925 1849 3012 preparandum
1872 2948 1933 2990 nec
1949 2924 2075 2991 nullum

350 3024 376 3071 ro
390 3011 684 3101 inpedimentum
707 3050 764 3093 eos
787 3031 897 3094 facere
914 3027 1139 3115 presum[an]t‚
1163 3031 1227 3093 nisi
1244 3029 1305 3094 sub
1329 3039 1444 3095 nostra
1461 3029 1653 3095 defensione
1677 3038 1709 3095 et
1725 3030 1919 3116 priolegium
1943 3040 2074 3115 patrum

389 3113 576 3196 instituta
604 3134 761 3197 niminem
794 3132 914 3218 aliquis
944 3135 1173 3219 episcoporum
1204 3140 1265 3197 'aut
1293 3133 1547 3199 archidiaconus
1582 3155 1696 3198 eorum
1725 3133 1769 3198 ad
1802 3134 1875 3218 ipsa
1904 3155 1985 3197 casa
2020 3131 2073 3197 dei

388 3236 606 3302 monachus
628 3235 674 3301 ibi
697 3236 856 3301 institutis
880 3236 1096 3321 preiudicium
1119 3246 1152 3301 et
1175 3237 1282 3322 legem
1299 3239 1490 3302 canonicam
1515 3258 1572 3301 eos
1590 3246 1790 3320 contangere
1813 3257 1878 3300 non
1894 3245 2073 3321 presumat.

387 3318 443 3389 Et
481 3340 757 3426 quandoquidem
788 3340 894 3405 abbas
924 3340 964 3405 de
993 3343 1066 3427 ipso
1101 3341 1240 3406 cenubio
1273 3342 1314 3407 de
1341 3342 1404 3406 hac
1439 3342 1512 3407 luce
1540 3342 1741 3427 migraverit,
1776 3350 1855 3406 tunc
1884 3364 1926 3406 ex
1960 3350 2075 3406 nostra

387 3445 622 3509 *uctoritate
657 3445 830 3510 licenciam
859 3444 1005 3509 babeant
1039 3444 1219 3510 secundum
1249 3448 1442 3511 canonicam
1478 3456 1510 3509 et
1539 3445 1651 3530 regule
1681 3446 1788 3511 sancti
1810 3446 1981 3510 Benedicti
2012 3444 2074 3510 sibi

347 3537 372 3585 ²⁶
387 3528 580 3644 lbbatem
604 3550 776 3613 instituere
800 3548 840 3613 de
864 3550 937 3634 ipsa
960 3550 1215 3634 congregatione
1238 3558 1281 3631 et,
1305 3551 1332 3613 si
1357 3548 1479 3613 ibidem
1503 3548 1635 3613 minime
1658 3558 1809 3633 repertus
1832 3549 1940 3631 fuerit,
1969 3550 2074 3634 quiin

386 3652 492 3718 ¹9⁸0
525 3649 595 3716 loco
619 3651 804 3737 condignus
828 3652 1007 3717 ascendere
1030 3674 1096 3717 non
1113 3653 1229 3737 possit,
1253 3661 1331 3716 tunc
1348 3652 1411 3716 sibi
1434 3654 1508 3738 ipsa
1524 3654 1753 3738 congregacio,
1778 3651 1818 3716 de
1836 3652 2075 3739 qualecumque

384 3755 504 3815 ⁰⁸⁸8.
530 3756 580 3821 dei
595 3755 752 3821 abbatem
774 3756 958 3841 regularem
981 3756 1173 3841 spiritaliter
1196 3755 1323 3841 elegere
1346 3756 1522 3839 voluerint,
1545 3756 1718 3821 licenciam
1741 3755 1887 3821 babeant
1910 3767 1942 3821 et
1965 3754 2074 3822 nullus

384 3849 654 3944 tpiseoporum
678 3848 785 3945 neque
808 3859 1131 3924 aecclesiasticorum
1166 3881 1272 3944 neque
1296 3859 1337 3924 de
1369 3860 1617 3926 successoribus
1641 3862 1763 3925 nostris
1793 3883 1854 3925 nec
1879 3859 1970 3925 nulla
1993 3859 2074 3925 iudi-

384 3946 531 4025 eiaria
552 3971 700 4048 potestas
724 3963 892 4028 licentiam
916 3962 1060 4028 habeant
1075 3963 1163 4028 bunc
1185 3964 1378 4049 priolegium
1396 3973 1429 4027 et
1453 3966 1604 4030 instituta
1619 3976 1750 4051 patrum
1774 3974 1807 4029 et
1822 3965 2075 4030 confirmacione

345 4056 574 4129 ³⁰¹¹08tram
597 4088 656 4130 seu
685 4067 866 4131 cessionem
902 4068 1100 4153 inrumpere.
1145 4067 1351 4133 Pontificium
1388 4092 1453 4132 non
1482 4067 1638 4149 habeant,
1675 4070 1916 4133 ordinacionis⁰
1944 4090 2021 4133 vero
2043 4077 2076 4132 et

385 4155 559 4233 tabulas
588 4168 783 4236 benedicere
811 4169 938 4256 absque
971 4170 1167 4236 munuscula
1190 4174 1367 4257 episcopus
1400 4172 1441 4236 de
1470 4171 1667 4255 Mogonciae
1698 4172 1824 4257 absque
1858 4168 2075 4235 munuscula*¹

385 4260 571 4336 ll'ibuere
593 4273 722 4338 debeat.
754 4274 798 4338 Et
821 4274 848 4337 si
872 4276 904 4338 iu
928 4277 1000 4360 ipso
1024 4276 1224 4341 monasterio
1248 4275 1361 4361 aliqua
1384 4274 1578 4340 deescordia
1602 4277 1757 4348 evenerit,
1781 4286 1859 4339 tunc
1883 4275 1946 4360 ipsi
1970 4274 2074 4339 abbas

389 4369 434 4423 02
467 4376 634 4441 monachi
664 4377 705 4442 de
728 4377 795 4442 alia
823 4379 1027 4443 monasteria
1060 4378 1245 4462 regularem
1268 4379 1400 4444 abbatis
1429 4388 1462 4443 et
1496 4380 1687 4464 episcopum
1711 4380 1917 4456 canonicum,
1952 4379 2073 4463 inquo

390 4459 497 4535 ¹⁰00
530 4501 580 4543 eos
602 4483 802 4563 convenerit,
838 4483 1040 4566 coniungant
1062 4493 1095 4547 et
1116 4482 1161 4548 ibi
1199 4482 1388 4567 spiritaliter
1414 4481 1482 4567 [ald
1504 4484 1597 4568 pacis
1620 4483 1798 4548 concordia
1822 4483 1886 4547 sint
1909 4483 2073 4563 revocati;

353 4582 378 4631 ³⁵
395 4576 437 4631 02
471 4582 515 4643 si
538 4582 665 4667 ibidem,
689 4584 778 4670 quod
801 4585 899 4668 absit,
923 4609 958 4650 se
974 4586 1149 4671 pacificare
1173 4608 1237 4651 non
1255 4587 1432 4672 potuerint,
1458 4596 1536 4651 tunc
1552 4586 1594 4651 ad
1619 4586 1774 4652 senedum
1791 4596 1939 4651 nostrum
1962 4586 2074 4649 venire

398 4668 579 4751 debeant.
623 4690 668 4753 Et
690 4699 727 4754 ut
749 4689 832 4754 haec
856 4692 1038 4755 auctoritas
1061 4691 1184 4755 firmior
1207 4689 1368 4755 habeatur
1391 4700 1424 4755 et
1446 4713 1505 4776 per
1534 4700 1683 4775 tempora
1706 4691 1822 4757 melius
1847 4699 2073 4771 conservetur,

402 4794 535 4853 mnu
553 4802 661 4857 nostra
684 4792 893 4887 decrevimus
916 4793 1075 4858 roborare
1099 4803 1132 4858 et
1156 4794 1196 4859 de
1220 4794 1319 4859 anulo
1343 4803 1457 4859 nostro
1481 4796 1637 4859 iussimus
1662 4794 1838 4880 siggillare.

538 4926 701 5017 {Signum
725 4936 816 5009 (Mu.)
840 4930 951 4997 Caroli
973 4932 1224 5018 gloriosissimi⁶
1247 4936 1345 5019 regis.
1368 4932 1383 5013 ξ

540 5069 587 5148 (0.)
608 5068 622 5150 ξ
644 5070 815 5136 Hitberius
838 5073 1014 5157 recognovi
1039 5081 1072 5135 et
1092 5074 1106 5154 }{
1129 5074 1289 5148 (SR.N'1'.:
1313 5075 1472 5134 Hitberius
1495 5073 1681 5151 subscripsi).
1705 5074 1762 5148 (Sl.
1788 5074 1836 5147 D.)

390 5207 415 5255 ll
542 5202 652 5274 Datavi
675 5210 710 5274 in
734 5230 820 5274 anno
844 5228 894 5273 vu
916 5210 1008 5295 regni
1031 5212 1136 5274 nostri
1160 5210 1220 5276 sub
1246 5210 1298 5275 die
1321 5233 1427 5275 nonas
1450 5212 1631 5291 ianoarias3
1668 5209 1802 5274 hactum
1831 5207 1875 5274 ad
1899 5205 2071 5272 Oariciaco

438 5291 550 5370 ll⁸l⁸tii
568 5311 705 5395 publici,
727 5312 761 5376 in
784 5312 837 5377 dei
860 5313 991 5377 nomine
1014 5313 1163 5378 feliciter.

534 5491 567 5549 ὅθ.
583 5503 607 5560 a)
629 5500 675 5554 dic
694 5500 954 5569 dooenomooertao
972 5499 1152 5554 Barbatobea
1170 5500 1231 5554 hier
1249 5502 1311 5556 aad
1329 5502 1367 5555 im
1387 5500 1536 5571 folgenden
1555 5500 1647 5555 durch
1659 5498 1867 5555 Foltenbrucbe
1885 5502 2004 5552 cersidrt

581 5569 606 5634 b)
623 5573 734 5622 institua
754 5570 780 5622 A
883 5572 909 5634 c)
927 5573 956 5621 ni
980 5584 1033 5622 voa
1057 5569 1200 5623 derselbeo
1218 5568 1311 5624 Haeo
1329 5586 1383 5625 aas
1407 5589 1432 5622 m
1450 5586 1522 5625 corr.
1542 5571 1566 5624 A
1672 5570 1701 5636 d)
1718 5568 1765 5623 dic
1788 5568 2004 5636 Wieoeruozoap
2023 5566 2073 5621 der

587 5638 677 5693 Worte
695 5640 797 5706 absque
815 5640 975 5691 munuscula
997 5638 1133 5692 Versebca
1151 5638 1200 5692 des
1220 5638 1379 5695 Solorsibers
1486 5640 1512 5707 e)
1531 5640 1677 5707 glorissimi
1695 5640 1730 5693 A
2152 5646 2156 5653 '
