5642 7159
778 774 837 836 110
1377 772 1806 833 KAISERURKUNDEN.

877 965 940 1023 [tort
957 963 1108 1038 unpefrtlrr
1129 967 1170 1023 ior
1187 965 1325 1023 Februor
1341 970 1403 1024 773
1418 963 1486 1035 auf,
1510 963 1702 1021 Muttoocher
1724 963 1794 1035 Rae.
1813 964 1877 1020 152
1900 959 2019 1038 (149)“.
2045 957 2250 1033 Gtrodepanqs
2277 957 2421 1018 Urttmde

874 1088 929 1128 coa
952 1070 1015 1128 757
1039 1068 1107 1127 Mae·
1129 1072 1179 1139 18,
1205 1071 1252 1128 die
1273 1088 1344 1128 eum
1369 1068 1518 1129 lucitas
1546 1068 1666 1139 Vorlope
1686 1068 1794 1137 cliente,
1817 1066 1863 1123 bet
1885 1063 2090 1123 D'Herbomee
2111 1065 2131 1124 t.
2155 1082 2178 1123 e.
2203 1069 2222 1122 9
2244 1067 2324 1122 91⁰4.

874 1241 1018 1307 Karolus
1042 1242 1148 1325 gratia
1164 1240 1216 1305 dei
1231 1264 1291 1305 rex
1306 1240 1510 1303 Francorum
1526 1238 1575 1302 vir
1597 1237 1755 1302 inluster·
1771 1234 1923 1300 omnibus
1944 1237 2110 1321 episcopis
2126 1234 2305 1299 abbatibus
2321 1236 2420 1298 comi·

771 1344 860 1409 tibus
883 1346 981 1410 etiarn
1006 1346 1115 1409 missis
1138 1354 1237 1429 atque
1260 1344 1422 1409 universis
1445 1343 1598 1408 fidelibus
1620 1344 1744 1407 nostris
1760 1352 1828 1406 tam
1852 1340 2058 1427 presentibus
2082 1362 2180 1425 quam
2203 1340 2332 1405 futuris.

772 1448 807 1513 si
830 1450 1011 1534 peticiones
1037 1449 1244 1514 sacerdotum
1269 1469 1309 1512 ac
1332 1470 1501 1513 servorum
1526 1445 1609 1529 deib,
1644 1448 1760 1532 inquo
1785 1446 1907 1510 nostris
1936 1445 2070 1509 auribus
2095 1454 2342 1527 suggesserunt,
2377 1444 2421 1508 ad
2443 1461 2460 1511 o

772 1554 921 1617 effectum
945 1553 1164 1639 perducimus,
1194 1553 1320 1638 regiam
1343 1550 1633 1617 consuetudinem⁰
1656 1571 1847 1614 exercemus
1870 1559 1979 1634 atque,
2014 1548 2075 1632 [ut]
2098 1570 2157 1634 pro
2182 1548 2287 1613 salute
2310 1550 2421 1613 anime

772 1678 811 1720 ac
835 1656 1017 1722 stabilitate
1040 1658 1132 1743 regni
1154 1658 1259 1721 nostri
1289 1657 1414 1721 domini
1437 1655 1695 1720 misericordiam
1720 1663 1867 1735 exorent,
1902 1674 2014 1718 eorum
2042 1654 2169 1718 animos
2192 1654 2421 1719 exhortemus.

770 1761 877 1846 Igitur
899 1761 1045 1826 sollertia
1079 1771 1190 1826 vestra
1218 1762 1346 1825 noverit
1374 1759 1595 1824 venerabilem
1629 1760 1737 1823 virum
1760 1759 1980 1823 Theomarum
2015 1756 2170 1821 abbatem
2194 1757 2238 1823 ad
2272 1768 2421 1823 nostram

771 1866 945 1931 advenisse
967 1867 1178 1952 presentiam,
1203 1867 1257 1951 qui
1282 1864 1404 1929 detulit
1421 1863 1518 1928 nobis
1543 1862 1751 1949 privilegium
1776 1872 1888 1927 sancte
1914 1859 2151 1925 recordationis
2174 1859 2420 1947 Chrodegaugi,

770 1968 1009 2057 archiepiscopi
1033 1970 1246 2035 Mettensium
1269 1968 1369 2051 urbis,
1406 1967 1606 2054 quodcirca
1640 1969 1875 2032 monasterium
1900 1965 2021 2029 Gorzie
2055 1965 2101 2029 ibi
2130 1988 2234 2051 usque
2262 1968 2297 2030 in
2319 1968 2420 2031 finem
2446 1988 2468 2034 ιι

771 2074 872 2140 seculi
896 2074 1121 2140 habitantibus
1145 2071 1419 2159 conscripserstd,
1453 2074 1508 2139 ubi
1532 2072 1705 2138 tenebatur
1734 2075 1903 2153 insertum,
1941 2070 2082 2155 qualiter
2110 2094 2169 2157 per
2191 2093 2369 2137 commeatum
2392 2094 2420 2138 et

769 2193 935 2244 voluntatem
959 2179 1070 2244 domni
1103 2188 1136 2243 et
1159 2180 1315 2264 genitoris
1349 2179 1455 2243 nostri
1483 2193 1591 2257 Pippini
1625 2178 1791 2262 quondam
1818 2197 1896 2260 regie,
1931 2180 2029 2244 etiam
2061 2187 2094 2243 et
2122 2209 2254 2244 censensu
2283 2199 2416 2242 suorum

770 2282 979 2347 sacerdotum
1003 2292 1035 2347 et
1058 2283 1249 2348 elericorum
1274 2282 1498 2367 supradictum
1525 2299 1715 2347 monasterium
1737 2315 1753 2346 s
1775 2300 1804 2347 in
1826 2298 1927 2348 honore
1948 2315 1965 2347 s
1987 2299 2171 2363 apostolorum
2192 2298 2265 2348 Petri
2289 2306 2315 2349 et
2338 2300 2419 2349 Pauli

769 2396 900 2450 constat
921 2402 1080 2465 edificatum,
1115 2387 1170 2451 ubi
1194 2397 1227 2451 et
1249 2396 1363 2472 postea
1387 2388 1585 2451 sanctissimi
1609 2408 1730 2471 corpus
1754 2385 1913 2471 Gorgouii
1936 2387 2042 2452 Roma
2071 2386 2279 2471 deportatum
2302 2411 2416 2453 recon-

769 2488 861 2573 didit,
895 2522 926 2557 eu
949 2506 1050 2557 scilicet
1078 2507 1238 2569 conditione,
1274 2512 1303 2556 ut
1325 2508 1353 2557 in
1382 2508 1439 2571 ipso
1467 2509 1628 2557 monasterio
1662 2507 1784 2556 monachi
1808 2505 1953 2556 secundum
1983 2506 2101 2556 ordinem
2129 2512 2156 2556 et
2183 2505 2303 2572 regulam
2332 2510 2418 2557 sancti
2441 2510 2468 2557 1⁵

769 2611 852 2674 patris
875 2627 891 2658 s
913 2610 1051 2661 Benedicti
1074 2628 1090 2659 s
1118 2594 1340 2681 perhennibus
1365 2611 1528 2674 temporibus
1551 2613 1671 2660 viverent
1699 2603 1798 2679 atque
1821 2626 1869 2675 pro
1893 2626 1921 2661 se
1945 2617 1971 2660 et
1992 2626 2040 2675 pro
2064 2610 2125 2660 aliis
2148 2594 2269 2659 domini
2293 2597 2417 2661 miseri·

769 2699 917 2764 cordiam
941 2700 1163 2765 indesinenter
1198 2732 1307 2767 exorare
1332 2698 1507 2765 studerent.
1553 2699 1678 2763 Tamen
1710 2699 1752 2763 ad
1787 2698 2044 2763 confirmandum
2074 2698 2171 2763 huius
2200 2698 2278 2763 boni
2308 2702 2417 2785 operis

768 2812 858 2868 certa
880 2803 1090 2887 men[tione]⁰
1119 2807 1333 2890 cognovimus
1357 2804 1503 2868 diversas
1526 2826 1578 2868 res
1602 2803 1645 2867 ad
1668 2803 1807 2867 eundern
1831 2799 2001 2867 sanctum‘
2020 2801 2128 2867 locum
2158 2803 2324 2888 prefatum
2347 2806 2415 2889 epi·

768 2929 903 2994 scopum
921 2908 1092 2994 delegasse
1108 2920 1206 2995 atque
1223 2912 1270 2973 ita
1287 2910 1510 2991 confirmasse,
1527 2917 1564 2971 ut
1578 2906 1734 2994 deinceps
1751 2929 1811 2973 uec
1827 2907 1869 2972 ab
1887 2908 1958 2991 ipso
1976 2908 2144 2992 episcopo,
2162 2908 2232 2970 suis
2253 2908 2414 2992 siquidem

768 3012 1014 3077 successoribus
1038 3022 1095 3078 aut
1116 3012 1359 3078 archidiaconis
1383 3033 1442 3077 seu
1458 3013 1574 3077 ceteris
1592 3012 1729 3076 ecclesie
1746 3011 1991 3076 ordinatoribus
2007 3010 2119 3095 aliquo
2136 3020 2282 3096 tempore
2298 3013 2416 3077 fuisset
2436 3028 2465 3077 to

767 3116 937 3200 irruptum.
961 3114 1057 3180 Unde
1073 3117 1193 3180 asserit
1216 3116 1363 3201 prefatus
1380 3116 1562 3180 Teomarue
1585 3115 1691 3180 abbas
1714 3116 1829 3200 suique
1852 3114 2003 3179 monachi
2027 3114 2091 3179 boc
2114 3114 2323 3201 privilegium
2341 3136 2416 3180 cou-

768 3227 930 3283 servatum
956 3228 989 3284 et
1022 3219 1083 3284 hec
1107 3220 1218 3285 omnia
1252 3221 1361 3304 quicto
1387 3219 1500 3284 ordine
1529 3242 1564 3284 se
1587 3220 1771 3306 possidere3
1818 3219 1875 3283 sed
1900 3240 1958 3304 pro
1988 3219 2153 3284 firmitatis
2183 3219 2292 3284 studio
2322 3221 2417 3304 petiit

766 3321 992 3388 celsitudinem
1010 3333 1167 3406 nostram,
1191 3333 1227 3387 ut
1244 3325 1332 3388 circa
1349 3324 1511 3409 prefatum
1533 3325 1769 3389 monasterium
1793 3324 1929 3408 eiusque
1952 3332 2095 3388 rectores
2111 3332 2257 3388 nostram
2275 3323 2416 3410 denique

767 3427 1048 3492 confirmationem
1071 3449 1130 3513 pro
1155 3428 1315 3493 mercedis
1332 3438 1509 3513 augmento
1533 3427 1740 3493 conscribere
1753 3437 1852 3513 atque
1875 3429 2067 3492 confirmare
2085 3426 2288 3492 deberemus.
2313 3425 2416 3493 Cuius

765 3531 965 3616 peticionem
988 3531 1151 3617 denegare
1174 3534 1392 3619 nequivimus,
1428 3532 1487 3598 sed
1510 3532 1626 3597 libenti
1649 3533 1758 3596 animo
1783 3532 1867 3596 hanc
1896 3534 2102 3617 prestitissess
2123 3531 2175 3597 vel
2199 3533 2415 3597 confirmasse
2437 3550 2468 3596 ao

766 3636 964 3721 cognoscite.
990 3636 1211 3722 Precipientes
1235 3638 1322 3701 enim
1338 3637 1501 3719 iubemus,
1525 3647 1561 3700 ut
1583 3637 1767 3721 inspectum
1783 3638 1849 3700 iam
1873 3636 1997 3701 dictum
2015 3636 2229 3722 privilegium,
2254 3638 2340 3702 sicut
2356 3659 2415 3723 per

765 3737 929 3805 eundemh
953 3739 1150 3817 declaratur,
1174 3741 1258 3804 sicut
1281 3738 1322 3805 ab
1347 3742 1421 3825 ipso
1446 3742 1601 3825 episcopo
1625 3764 1684 3826 per
1699 3763 1873 3807 eemnreatum
1890 3763 1916 3806 et
1938 3756 2102 3807 veluntatem
2119 3742 2230 3806 domni
2253 3743 2414 3827 genitoris

765 3846 869 3908 nostri
894 3866 951 3909 seu
975 3844 1183 3909 sacerdotum
1207 3866 1247 3908 ac
1270 3844 1461 3908 clericorum
1485 3844 1609 3909 factum
1633 3855 1691 3927 est,
1717 3845 1806 3932 quod
1830 3846 2027 3910 sanctissimi
2051 3846 2198 3930 episcopi
2221 3863 2249 3909 in
2265 3844 2415 3932 publica¹

764 3948 976 4013 firmaverunt
999 3964 1110 4028 senode,
1133 3950 1181 4013 ita
1203 3970 1275 4013 cum
1301 3948 1353 4012 dei
1377 3959 1410 4013 et
1432 3958 1546 4014 nostra
1569 3951 1676 4034 gratia
1700 3950 1797 4014 sitin
1822 3948 1974 4014 omuibus
1997 3958 2228 4014 conservatum
2253 3959 2285 4015 et
2308 3972 2414 4035 neque

765 4075 785 4117 a
809 4051 1019 4138 pontificibus
1035 4052 1245 4117 Mettensium
1269 4061 1327 4117 aut
1349 4052 1484 4138 reliquis
1508 4052 1654 4117 eiusdem
1678 4054 1816 4118 ecclesie
1838 4053 2020 4119 rectoribus
2044 4077 2093 4136 ea,
2120 4077 2183 4139 que
2206 4056 2239 4119 in
2261 4055 2325 4120 hoc
2347 4057 2412 4141 pri·
2434 4072 2466 4119 so

764 4156 918 4241 vilegium
943 4158 1161 4238 continentur,
1185 4156 1354 4220 confracta
1377 4153 1462 4221 neck
1485 4177 1616 4242 quoquo
1641 4157 1739 4223 modo
1763 4158 1942 4243 aliquando
1964 4160 2126 4243 irruptum
2150 4159 2203 4240 sit,
2230 4157 2298 4241 sed,
2329 4160 2415 4223 sicut

765 4262 912 4347 prefatus
936 4259 1086 4345 pontifex
1110 4282 1169 4345 pro
1194 4259 1292 4324 laude
1315 4269 1348 4323 et
1370 4261 1503 4325 servitio
1528 4262 1761 4347 omnipotentis
1785 4260 1837 4325 dei
1861 4262 2023 4347 prefatum
2048 4272 2200 4326 sanctum
2223 4261 2333 4327 locum
2358 4262 2412 4327 ad-

765 4364 939 4437 ordinavit,
974 4395 1021 4443 pre
1045 4366 1209 4428 communi
1242 4363 1368 4429 scilicet
1390 4387 1451 4428 sua
1480 4387 1658 4450 regumque
1683 4375 1782 4451 atque
1804 4366 2008 4431 Francorum
2036 4381 2157 4431 mercede
2179 4367 2213 4429 iu
2236 4368 2414 4431 nostriset

764 4470 881 4533 futuris
905 4483 1069 4547 temporibus
1093 4466 1298 4553 perducetur,
1334 4470 1491 4553 quatinus
1515 4470 1631 4534 melius
1662 4470 1802 4535 delectet
1831 4469 1976 4534 eiusdem
2007 4469 2145 4534 ecclesie
2173 4478 2317 4535 rectores
2340 4492 2414 4535 oum

764 4575 839 4659 ipsa
864 4581 980 4637 sancta
1003 4570 1125 4637 turma¹
1149 4572 1384 4639 monachorum
1407 4606 1455 4654 pro
1480 4574 1585 4639 salute
1610 4577 1715 4659 patrie
1737 4574 1789 4639 vel
1805 4590 1951 4641 stabilitus
1974 4592 2048 4655 regni
2067 4577 2171 4639 nostri
2195 4590 2297 4640 domini
2313 4591 2411 4641 miseri·
2433 4588 2463 4638 so

765 4692 882 4743 cordiam
906 4676 1086 4762 deprecari.

867 4816 1003 4901 Signum
1027 4819 1092 4895 (M.)
1116 4816 1254 4900 [Karoli]
1279 4817 1506 4902 gloriosissimi
1530 4819 1627 4902 regis.

1564 5062 1624 5135 7⁷.

761 5202 855 5272 Korl
882 5205 946 5274 der·
977 5201 1104 5273 Grossc
1132 5201 1275 5291 bosieblt
1318 5206 1383 5275 ttae
1422 5205 1486 5274 der
1512 5203 1786 5275 Sclrotteultircbe
1825 5204 1897 5291 uuf
1924 5204 1987 5274 der
2020 5203 2118 5274 lueet
2145 5201 2190 5272 H
2193 5226 2310 5274 occu
2342 5209 2413 5274 eut-

764 5326 932 5415 sierudote
964 5323 1037 5395 Get
1064 5324 1353 5416 eererseteeqeoee.
2433 5342 2464 5390 ro

2163 5422 2372 5508 [772-7741.

865 5598 1020 5672 Abschrift
1044 5600 1094 5660 des
1111 5605 1161 5660 17.
1179 5602 1231 5662 Jt.
1250 5602 1299 5659 des
1316 5602 1407 5660 Liber
1428 5602 1518 5659 culae
1541 5601 1604 5660 eccl.
1621 5618 1645 5660 s.
1660 5601 1743 5659 Petri
1765 5605 1792 5658 et
1811 5601 1900 5658 orico.
1919 5601 2042 5675 Arqcct.
2060 5620 2087 5659 a.
2106 5604 2200 5671 1143,
2227 5601 2288 5660 CL.
2308 5603 2415 5661 17197

869 5705 893 5777 f.
918 5708 982 5765 102
1002 5710 1036 5762 o⁰
1051 5710 1093 5766 12
1114 5708 1148 5763 ia
1170 5706 1222 5765 der
1243 5706 1546 5766 Notionolbibliotltet
1567 5723 1608 5763 aa
1630 5705 1721 5764 Par-is
1744 5700 1812 5786 (Β).

858 5874 898 5927 ib.
919 5874 945 5935 a)
964 5874 1077 5925 illustris
1096 5874 1122 5927 Β
1228 5876 1255 5941 b)
1272 5890 1344 5927 corr.
1363 5890 1417 5927 ores
1436 5877 1469 5926 de
1558 5876 1583 5939 c)
1602 5875 1836 5926 mansuetudinem
1855 5874 1881 5926 B
1986 5876 2013 5941 d)
2031 5890 2102 5927 corr.
2123 5888 2177 5926 aus
2195 5878 2413 5941 conscripserant

916 5944 942 6008 e)
960 5952 1094 5995 certamen
1120 5945 1181 5997 und
1200 5944 1328 5997 darriaclr
1354 5944 1440 5997 leerer
1458 5944 1553 5997 Reum
1580 5943 1922 6010 fetro-813uclretobea5
1949 5949 2029 5996 soeret
2056 5942 2225 6011 perodbalicb
2252 5951 2326 5995 certa
2345 5944 2413 5995 rela-
2435 5940 2466 5989 4⁶

916 6016 1001 6074 tions;
1024 6012 1120 6065 Gallia
1139 6014 1233 6067 oltrist.
1254 6012 1390 6065 emendirt
1409 6020 1532 6079 coeptum
1637 6014 1748 6076 ficorr.
1768 6028 1822 6066 uus
1841 6015 1963 6064 eumdem
2074 6014 2102 6078 g)
2121 6027 2193 6067 corr.
2213 6028 2269 6066 aas
2291 6017 2417 6082 prestisse

916 6084 944 6149 h)
962 6084 1084 6133 eumdem
1103 6082 1128 6134 Β
1232 6084 1252 6148 i)
1270 6098 1341 6136 corr.
1362 6098 1415 6135 tous
1434 6083 1542 6151 publico
1648 6084 1677 6148 k)
1695 6098 1729 6134 ns
1748 6082 1774 6134 Β
1879 6084 1899 6148 l)
1917 6084 1995 6134 turba
2014 6084 2048 6137 B.
