5642 7159
656 756 721 822 244
1258 760 1693 830 Kslsuuonuunuun.

759 943 991 1010 Ercanbaldns
1014 944 1164 1010 advioem
1190 943 1373 1028 [Rodoni]m
1395 943 1582 1031 recognovi.

758 1083 849 1148 Data
871 1101 935 1147 xm
959 1082 1026 1148 kal.
1049 1082 1187 1148 martias
1215 1105 1301 1148 anno
1332 1101 1461 1147 xxvrnr
1485 1093 1518 1148 et
1540 1099 1615 1148 xxv
1642 1084 1735 1167 regni
1758 1085 1878 1164 nostri;
1916 1093 2028 1150 actum
2051 1084 2157 1171 Aquis
2180 1085 2305 1172 palatio

657 1196 775 1252 nostro
799 1186 948 1273 publioo;
972 1187 1005 1251 in
1028 1186 1081 1252 dei
1104 1186 1234 1252 nomine
1257 1185 1397 1252 feliciter
1420 1209 1526 1252 amen.

1445 1495 1531 1571 181.

655 1656 751 1727 Korl
777 1658 841 1728 der
872 1653 1000 1727 Gnosso
1026 1654 1200 1725 restitutit
1227 1656 1303 1726 und
1329 1653 1487 1746 bestdtipt
1518 1656 1595 1727 dem
1630 1653 1767 1744 Grofen
1797 1655 1938 1729 Tbcod
1945 1657 2034 1743 old,
2076 1657 2242 1730 nocbdem
2269 1681 2345 1730 crs

655 1779 728 1850 siclt
760 1801 826 1849 von
860 1779 938 1849 dem
972 1776 1143 1848 Vcrdacbt
1176 1777 1240 1847 der
1275 1775 1500 1848 Tlseilnobme
1533 1801 1580 1848 on
1615 1779 1679 1848 der
1712 1777 1983 1869 Verecbsnb‘runp
2009 1779 2161 1871 Pippins
2196 1783 2307 1853 durch

654 1901 711 1971 cin
744 1897 993 1971 Gottosnrtbcil
1016 1897 1186 1989 pereinipt
1211 1897 1315 1984 butte,
1343 1899 1417 1970 sein
1444 1898 1654 1987 confisoirtes
1682 1899 1867 1992 Idipcnpnt.

675 2019 678 2022 ’
1604 2039 1724 2097 sanson
1748 2034 1997 2119 797[1lor131
2022 2071 2064 2083 -
2088 2039 2177 2113 April
2199 2036 2263 2122 12]-

765 2227 904 2302 Ortpinol
924 2245 982 2288 aas
1006 2227 1049 2290 St.
1073 2228 1169 2287 Dente
1191 2228 1235 2286 im
1256 2228 1505 2289 Nottcnotorcbiu
1526 2247 1567 2288 su
1591 2229 1683 2288 Poris
1707 2223 1772 2310 (A).

759 2367 905 2427 Mobillon
933 2365 1010 2426 Acta
1040 2365 1093 2427 88.
1118 2370 1148 2437 4,
1178 2368 1240 2426 623
1269 2372 1305 2424 n⁰
1325 2371 1376 2436 14,
1403 2370 1434 2427 2.
1460 2367 1504 2426 cd.
1529 2371 1559 2438 4,
1589 2370 1651 2428 564
1679 2373 1714 2426 n⁰
1736 2372 1776 2428 14
1807 2371 1862 2428 mit
1891 2388 1917 2428 a.
1941 2387 2001 2445 rag.
2026 2371 2148 2438 XXVIII,
2175 2373 2204 2430 ot
2226 2371 2305 2430 XXII
2332 2383 2365 2431 ιο

760 2488 817 2530 aas
832 2469 872 2532 A.
895 2501 938 2512 -
959 2469 1105 2530 Mobillon
1119 2469 1301 2544 Deredtpt.
1318 2473 1487 2531 5041059
1503 2451 1604 2531 aus'A
1628 2495 1668 2525 =
1693 2473 1830 2548 Bouqnct
1847 2476 1876 2545 5,
1902 2477 1964 2535 758
1981 2481 2016 2534 n⁰
2032 2477 2084 2537 75.
2112 2507 2145 2518 -
2172 2475 2308 2534 Felibicn

760 2575 840 2635 Har.
865 2575 901 2634 dc
923 2574 968 2636 St.
990 2575 1093 2649 Dcnys
1111 2593 1163 2648 pr.
1187 2579 1229 2635 43
1250 2582 1285 2634 n⁰
1299 2578 1341 2636 63
1369 2593 1427 2636 sas
1455 2574 1494 2637 A.
1527 2610 1563 2620 -
1597 2575 1713 2650 Tardis
1731 2579 1814 2640 Mon.
1839 2578 1906 2637 bist.
1932 2583 1970 2638 71
2002 2585 2038 2636 n⁰
2052 2581 2094 2639 96
2123 2596 2180 2638 aus
2202 2577 2241 2639 A.
2268 2611 2306 2621 -

761 2679 922 2739 Facsimilc
943 2682 998 2739 mit
1025 2681 1098 2739 Text
1113 2679 1226 2739 Album
1242 2678 1500 2755 poldopraplsiqnc
1516 2682 1562 2755 pl.
1580 2685 1631 2754 16,
1657 2680 1883 2756 Schriftprobcn
1908 2683 2075 2756 Tbompson
2092 2683 2259 2742 Hondboolr
2274 2681 2313 2754 of

759 2783 982 2858 palaeoproplsy
1003 2786 1068 2844 298
1096 2805 1137 2837 =
1159 2784 1293 2843 Rcaseas
1315 2772 1468 2845 Elbmetts
1497 2785 1534 2843 de
1554 2783 1765 2860 paldoproplsic
1787 2787 1839 2858 88,
1867 2784 1973 2846 Maste
2002 2787 2052 2846 des
2075 2787 2155 2848 arob.
2177 2790 2240 2846 ant.
2265 2791 2308 2846 33

759 2893 795 2944 a⁰
809 2890 852 2947 42
874 2887 1103 2963 (Recopnition).
1129 2921 1170 2929 -
1193 2887 1389 2948 Mttblbocbcr
1409 2889 1482 2964 Ray.
1506 2892 1570 2949 336
1592 2888 1693 2967 (327).
1735 2905 1736 2910 ’
2334 2905 2366 2951 ro

760 3026 826 3086 Das
842 3026 1029 3086 Escbutotoll
1043 3043 1099 3086 voa
1114 3027 1295 3099 Erconbald,
1312 3027 1365 3086 der
1380 3026 1508 3087 Cantent
1523 3046 1578 3088 son
1597 3028 1743 3088 (tenerius
1756 3029 1950 3106 pescbriebcn,
1972 3029 2019 3090 dic
2032 3029 2133 3088 Raute
2148 3029 2190 3087 im
2207 3027 2310 3087 Mono-

758 3149 876 3205 prnmm
899 3133 954 3191 mit
976 3130 1138 3190 bedcutcnd
1160 3130 1306 3190 bldsscrcr
1323 3131 1410 3190 Tintc
1433 3133 1629 3206 einqetropcn
1653 3150 1695 3192 aa
1717 3132 1769 3191 der
1786 3131 1962 3206 Steqelstelle
1984 3134 2033 3191 ein
2050 3131 2149 3202 sctricf
2164 3131 2312 3206 pestclltcr

762 3235 982 3294 Krearsclmitt.
1007 3266 1048 3278 -
1072 3233 1274 3308 Sctbstdndiqc
1295 3235 1447 3308 Fassunq,
1472 3235 1522 3306 die,
1541 3235 1662 3309 Areopa
1684 3253 1740 3295 aas
1763 3236 1867 3296 Form.
1890 3236 2032 3308 Marcelli
2054 3236 2082 3315 I,
2111 3232 2181 3315 14⁶,
2204 3235 2249 3296 11.
2273 3236 2310 3296 c.

761 3340 864 3400 Form.
889 3342 941 3400 52.
964 3339 1043 3398 Eine
1062 3339 1264 3399 obweicbeadc
1286 3338 1408 3411 Lesnnq
1431 3338 1485 3397 der
1507 3340 1686 3399 tironiscben
1707 3340 1805 3399 Noton
1826 3357 1882 3398 uon
1905 3339 2002 3400 dictet
2024 3337 2230 3417 (Maginlridus
2253 3357 2311 3398 aur·

765 3440 917 3520 basciavit)
941 3445 975 3501 in
1002 3443 1233 3515 Mittbettanyen
1262 3443 1312 3502 des
1340 3442 1483 3502 Instttnts
1511 3441 1535 3514 f.
1560 3447 1614 3503 det.
1641 3442 1707 3502 GF.
1731 3447 1761 3515 8,
1786 3447 1848 3505 490
1883 3443 1948 3502 und
1974 3461 2029 3503 oon
2057 3444 2153 3503 Havet
2184 3443 2310 3522 (Megin
2332 3457 2367 3505 *ιο

763 3546 896 3626 phridus)
920 3548 954 3605 tn
976 3547 1054 3606 Bibl.
1080 3547 1116 3606 dc
1144 3534 1254 3606 l'E'cole
1276 3547 1327 3607 des
1349 3548 1463 3606 chortes
1486 3550 1537 3620 48,
1563 3550 1636 3609 599.
1681 3548 1729 3607 Im
1755 3549 1954 3623 Taqesdutum
1977 3551 2016 3609 ist
2037 3551 2113 3609 nacla
2135 3549 2226 3624 pridie
2249 3553 2312 3608 cnt-

763 3652 859 3711 wedcr
879 3652 936 3711 kal.
960 3650 1030 3710 oder
1051 3668 1120 3713 ιιοιι.
1137 3650 1209 3710 oder
1230 3652 1269 3713 id.
1286 3650 1482 3725 omyesallen,
1507 3652 1556 3710 die
1576 3652 1719 3712 Urbande
1740 3653 1823 3711 kann
1845 3653 1908 3712 also
1931 3671 1981 3712 am
2002 3657 2054 3713 31.
2071 3654 2172 3724 Mors,
2197 3657 2225 3712 4.
2242 3653 2313 3711 oder

700 3789 703 3793 ·
763 3760 815 3817 12.
833 3755 922 3829 April
936 3756 1105 3830 cassarent
1120 3757 1195 3815 scia
1219 3756 1278 3816 Dic
1298 3756 1529 3829 Verscbwbruap
1543 3756 1673 3829 Ptppins
1689 3756 1754 3814 und
1769 3756 1818 3814 die
1834 3754 2022 3830 Bostrasnnp
2037 3757 2135 3817 seincr
2149 3753 2313 3828 Antunner

764 3879 827 3920 war
855 3862 945 3923 sebon
968 3864 1032 3921 792
1061 3859 1179 3934 crsolpt,
1207 3859 1417 3921 Abchtmson
1438 3860 1518 3919 Karl
1540 3860 1568 3920 d.
1597 3860 1651 3920 Gr.
1673 3863 1705 3932 2,
1729 3865 1781 3921 39.
1830 3860 1915 3933 Grnf
1936 3861 2083 3922 Ibcodold
2109 3861 2225 3920 sclrenbt
2249 3864 2313 3920 797

763 3965 923 4024 December
937 3967 979 4024 20
1006 3963 1109 4037 (inter,
1133 3964 1190 4024 wol
1203 3982 1260 4024 sus
1283 3965 1348 4024 dem
1363 3967 1425 4024 itm
1447 3965 1511 4024 bier
1525 3965 1800 4040 suracbpeqcbcnsn
1816 3966 1928 4036 Besits,
1951 3984 1992 4024 aa
2006 3965 2052 4026 St.
2069 3966 2173 4036 Dente,
2201 3961 2315 4035 Tordtf
2333 3977 2367 4026 at

765 4070 784 4128 l.
809 4088 832 4130 c.
857 4073 900 4131 72
920 4075 956 4128 n⁰
969 4072 1020 4129 97.

766 4262 824 4337 (0.)
845 4255 860 4336 Ε
882 4255 1021 4322 Carolus
1044 4257 1154 4341 gratia
1176 4255 1229 4322 dei
1251 4280 1311 4322 rex
1336 4257 1542 4323 Francorum
1565 4267 1598 4322 et
1621 4257 1918 4344 Langobardorum
1949 4279 1989 4324 ac
2014 4245 2312 4346 patricius'Roma·

662 4385 790 4428 norum.
895 4362 1070 4447 Prespioue
1093 4360 1286 4446 conpendiis
1308 4359 1477 4446 regalibus
1500 4361 1583 4426 illud
1606 4361 1817 4436 adscribitur,
1843 4362 1931 4448 quod
1954 4384 2013 4449 pro
2037 4360 2314 4448 contemplatione

664 4467 787 4532 servitii
810 4462 824 4547 ξ
845 4464 999 4530 fidelibus
1030 4465 1098 4530 suis
1122 4464 1283 4548 largiente
1314 4464 1716 4531 domino'consultissime
1744 4475 1945 4531 muneratur.
1992 4466 2206 4552 Quapropter
2235 4464 2312 4530 dum

666 4568 720 4654 [ab
745 4568 931 4653 o]mnibus⁸
958 4591 1024 4633 non
1055 4566 1195 4633 babetur
1223 4569 1438 4653 incognitum,
1474 4567 1615 4655 qualiter
1644 4569 1804 4635 suadente
1832 4567 2008 4653 [dia]bolob
2037 4570 2196 4656 Pippinus
2224 4567 2311 4632 filius
2335 4583 2369 4630 30

664 4683 776 4738 noster
799 4695 874 4737 cunr
897 4672 1063 4757 aliquibus
1087 4671 1139 4736 dei
1163 4671 1352 4737 infidelibus
1375 4692 1415 4738 ac
1438 4674 1559 4737 nostris
1582 4673 1616 4737 iu
1638 4673 1707 4738 vita
1731 4682 1764 4738 et
1786 4695 1887 4760 regno
1904 4673 2000 4738 nobis
2023 4695 2044 4737 a
2067 4672 2129 4737 deo
2153 4691 2311 4736 concesso

665 4778 765 4864 impie
794 4785 934 4841 conatus
957 4783 1009 4840 est
1038 4784 1239 4840 tractasset
1268 4774 1400 4840 domino
1429 4775 1506 4840 Iesu
1531 4772 1661 4868 Christo
1690 4777 1867 4842 miseraute
1895 4775 1975 4840 nihil
2006 4774 2171 4862 prevaluit
2200 4794 2312 4839 eorum

665 4880 813 4968 perfidia.
846 4878 1017 4963 [Fue]ruut
1040 4901 1181 4964 namque
1204 4878 1306 4964 aliqui
1331 4901 1373 4943 ex
1397 4880 1479 4965 ipsis
1502 4879 1535 4944 in
1559 4888 1673 4945 nostra
1696 4879 1885 4966 praesentia
1907 4881 2051 4945 convicti
2076 4889 2109 4945 et
2132 4878 2313 4944 secundum

664 4984 821 5049 iudicium
843 4984 1045 5048 Francorum
1068 4981 1251 5065 diiudicati,
1285 4983 1386 5070 aliqui
1410 5005 1488 5049 vero
1512 4983 1626 5049 fideles
1650 5007 1708 5070 per
1730 4984 1887 5050 iudicium
1911 4984 1962 5050 dei
1988 5005 2023 5049 se
2046 4983 2166 5049 exinde
2189 4982 2314 5050 idonia-

665 5096 793 5170 verunt,
817 5087 913 5151 sicuti
929 5084 1143 5151 Theodoldus
1166 5086 1270 5150 comis
1293 5086 1401 5151 tidelis
1424 5095 1538 5152 noster
1560 5089 1650 5152 visus
1673 5097 1723 5152 est
1746 5087 1875 5153 fecisse.
1900 5086 1961 5153 Oui
1984 5095 2017 5152 et
2038 5108 2099 5151 nos
2123 5107 2236 5154 omnes
2259 5107 2312 5150 res
2336 5099 2369 5148 ³5

665 5192 876 5279 proprietatis
900 5213 981 5255 suae
997 5190 1093 5255 iuxta
1108 5191 1177 5255 eius
1195 5189 1505 5275 depraecationem⁰
1527 5201 1560 5256 et
1577 5193 1710 5257 servitio
1727 5212 1767 5256 ac
1783 5194 1907 5257 meritis
1923 5190 2186 5278 conpellentibus
2206 5189 2314 5256 denuo

666 5319 709 5362 ex
732 5305 845 5361 nostro
867 5294 1033 5381 largitatis
1059 5315 1203 5377 munere,
1232 5303 1533 5382 quantumcumque
1556 5318 1598 5360 ex
1621 5295 1803 5361 hereditate
1827 5305 1998 5383 parentum
2023 5302 2080 5359 aut
2103 5294 2144 5359 de
2167 5283 2315 5381 qualibet

666 5398 853 5465 adtractum
878 5399 964 5463 iuste
988 5406 1021 5463 et
1043 5395 1291 5463 racionabiliter
1313 5408 1412 5464 autea
1435 5398 1632 5484 possiderat,
1667 5419 1741 5463 cum
1765 5398 1816 5464 dei
1840 5408 1873 5464 et
1895 5408 2011 5464 nostra
2038 5399 2147 5483 gratia
2170 5399 2239 5463 iure
2262 5397 2314 5461 lir-

666 5505 812 5570 missimo
836 5503 879 5568 ad
892 5502 1071 5589 legitimam
1093 5503 1295 5588 proprietate
1310 5500 1403 5567 reddi
1427 5503 1564 5568 fecimus
1582 5511 1614 5567 et
1630 5525 1688 5588 per
1704 5503 1933 5567 auctoritatem
1950 5510 2096 5566 nostram
2122 5500 2315 5586 plenissima

667 5607 904 5674 deliberatione
932 5608 1207 5672 confirmavimus.
1254 5605 1444 5672 Statuentes
1473 5628 1550 5690 ergo
1580 5604 1742 5687 iubemus,
1778 5613 1814 5670 ut
1843 5605 2000 5692 quicquid
2028 5628 2070 5670 ex
2106 5604 2314 5670 successione
2337 5619 2371 5666 40

667 5721 839 5800 parentum
862 5711 915 5777 vel
937 5734 996 5798 per
1019 5719 1202 5776 strumenta
1217 5719 1383 5775 cartarum
1407 5720 1485 5775 tunc
1501 5718 1657 5795 tempore,
1680 5717 1717 5774 ut
1733 5709 1887 5793 diximus,
1911 5711 1995 5774 iuste
2012 5700 2045 5774 et
2067 5706 2317 5774 racionabiliter

744 5901 803 5956 11⁰.
823 5901 860 5969 m)
878 5899 927 5954 der
945 5899 1032 5954 Nurac
1049 5899 1089 5954 ist
1108 5916 1161 5955 aas
1185 5901 1319 5954 Versebea
1338 5899 1539 5970 auspebliebcn,
1558 5899 1597 5952 da
1614 5899 1665 5952 mit
1682 5900 1803 5952 advicsm
1823 5897 1868 5952 dic
1887 5897 1962 5950 Zeile
1980 5896 2094 5952 scbloss.

744 6004 804 6062 181.
823 6006 850 6072 s)
868 6005 913 6059 dic
925 6005 1186 6076 eisspeklommcrtcn
1198 6004 1378 6058 Bacbstaben
1392 6002 1531 6058 vcrblnsst
1601 6005 1629 6072 b)
1647 6003 1692 6057 dic
1710 6001 1971 6072 cirspeltlammcrtea
1983 6000 2165 6056 Bucbataboa
2177 5999 2238 6053 bier
2256 5999 2318 6053 arrd

826 6073 858 6128 in
875 6076 906 6128 Z.
925 6078 961 6128 33
979 6075 1069 6129 durch
1087 6074 1194 6128 Lbcber
1213 6074 1252 6126 im
1269 6074 1436 6142 Perpoment
1454 6077 1573 6127 serslbrt
1654 6075 1679 6140 c)
1696 6074 1777 6141 depra
1796 6089 1849 6126 von
1867 6069 2008 6125 dersclbea
2027 6069 2119 6125 Hand
2137 6070 2195 6135 aas
2209 6069 2316 6124 Rasna
