5642 7159
626 751 688 816 198
1238 752 1664 812 Kalsuuuuuuuuuu.

623 940 881 1007 misericordiam
911 940 1070 1005 attentius
1098 961 1246 1005 exorare.
1286 940 1330 1003 Et
1356 949 1393 1003 ut
1420 937 1481 1023 hec
1511 937 1671 1024 (regalis)
1696 939 1863 1024 preceptio
1891 935 2022 1017 (nostra
2043 947 2155 1022 nostre
2179 938 2268 1004 vide·

623 1043 701 1110 licet
722 1045 915 1111 tradicionis
940 1052 974 1109 et
996 1043 1175 1109 oblationis
1198 1053 1231 1108 et
1254 1041 1531 1128 confirmationis>
1558 1042 1727 1108 meliorem
1749 1052 1848 1129 atque
1870 1044 2047 1110 firmiorem
2070 1045 2105 1107 iu
2131 1043 2270 1108 firtura'

623 1156 773 1234 tempora
795 1147 944 1214 obtineat
973 1145 1164 1211 stabilitatis
1187 1148 1346 1231 vigorem,
1375 1167 1477 1210 mauu
1500 1147 1636 1232 propria
1666 1145 1779 1210 subter
1802 1145 2008 1212 decrevimus
2036 1144 2214 1211 roborare¹
2237 1156 2270 1212 et

626 1252 787 1335 <nominis
810 1252 915 1316 nostri
940 1260 1107 1324 caractere
1130 1271 1197 1314 una
1219 1248 1338 1333 eum>y
1361 1249 1452 1315 anuli
1474 1250 1578 1314 nostri
1604 1245 1749 1335 <sigillo)
1777 1250 1983 1336 precepimus
2005 1250 2165 1346 insigniri.

724 1390 860 1476 Signum
883 1389 994 1459 Caroli
1019 1390 1086 1470 (ll.)
1110 1390 1197 1476 regis
1223 1388 1479 1475 <Francorum>.
1981 1475 1985 1482 Ι
2292 1407 2308 1453 t

731 1528 840 1615 (Ego)
869 1529 997 1616 Wigolt
1019 1529 1171 1595 advicem
1194 1528 1361 1594 Redonis¹
1383 1528 1571 1615 recognovi.

725 1669 816 1734 Data
839 1686 860 1731 v
883 1667 951 1733 kal.
975 1690 1068 1753 aug.;
1092 1677 1204 1732 aetum
1226 1667 1437 1733 Herfeldensi
1461 1665 1671 1732 monasterio.

1410 1959 1496 2034 tto.

622 2120 717 2190 Kurl
743 2121 807 2191 der
838 2118 966 2191 Grosse
993 2119 1150 2210 bestritipt
1176 2120 1254 2190 dem
1280 2119 1426 2191 Kloster
1451 2117 1594 2207 Furfo
1620 2119 1676 2189 die
1702 2139 1768 2188 ocu
1796 2114 1936 2206 Herzop
1962 2114 2191 2206 Hildeproud
2214 2137 2270 2206 pe-

623 2239 781 2313 richtlialt
807 2242 1003 2311 eretritteue
1029 2241 1105 2312 uad
1131 2241 1240 2311 dultia
1267 2240 1424 2332 verpabte
1451 2227 1739 2310 Illiolroelsloirulo
1767 2238 1818 2308 bei
1845 2237 1951 2308 Riott.
2295 2261 2325 2309 ro

1800 2378 1922 2436 Heratel
1946 2381 2010 2438 782
2031 2377 2152 2452 August
2175 2381 2227 2438 18.

725 2570 899 2643 Ropistrum
922 2567 1072 2641 Farfeuse
1093 2587 1150 2627 uus
1173 2570 1239 2627 dem
1262 2569 1349 2627 Euris
1371 2569 1421 2628 des
1445 2574 1496 2628 11.
1521 2569 1574 2629 le.
1598 2571 1641 2626 im
1665 2567 1733 2629 Cod.
1763 2569 1854 2628 Vatis.
1879 2570 1966 2628 8487
1988 2566 2012 2639 f.
2031 2561 2082 2626 45'
2103 2573 2138 2625 u⁰
2152 2571 2215 2628 153
2238 2569 2271 2626 in

722 2672 778 2731 der
806 2674 1028 2733 Vaticanischen
1050 2674 1218 2732 Bibliotlrek
1241 2691 1282 2732 ru
1304 2673 1382 2732 Rom
1406 2673 1471 2751 (Β).

654 2878 656 2881 ,
725 2808 877 2889 (Galletti)
901 2811 1047 2869 Memoria
1069 2811 1101 2869 di
1122 2812 1204 2869 Itieti
1226 2814 1266 2871 50
1289 2829 1347 2870 aas
1371 2811 1408 2872 B.
1434 2843 1475 2853 —
1497 2812 1622 2884 Iteyesto
1646 2811 1678 2869 aa·
1700 2809 1803 2882 Furfo
1819 2813 1848 2880 2,
1873 2814 1936 2869 117
1958 2815 1993 2868 u⁰
2006 2814 2070 2870 139
2094 2827 2149 2868 aas
2174 2809 2212 2869 B.
2231 2843 2272 2852 -

714 2915 917 2983 ‚Mambouta
938 2916 1012 2988 Rea.
1035 2916 1101 2976 257
1123 2914 1221 2992 (248),
2296 2929 2326 2974 15

725 3054 786 3113 Der
807 3053 904 3113 Name
926 3053 977 3113 des
1001 3054 1258 3127 Reooynosceuten
1279 3057 1319 3115 ist
1341 3073 1398 3114 aus
1422 3057 1592 3131 Wigbaldus
1614 3056 1756 3116 verderbt.

722 3240 867 3306 Karolus
890 3242 997 3327 gratia
1020 3241 1072 3307 dei
1094 3264 1155 3308 rex
1177 3242 1381 3308 Francorum
1405 3253 1438 3308 et
1460 3242 1757 3328 Langobardorum
1788 3265 1828 3307 ae
1851 3243 2010 3329 patricius
2034 3242 2268 3307 Romanorum.

723 3342 760 3410 Si
782 3365 832 3426 ea,
856 3367 919 3430 que
942 3367 963 3409 a
986 3344 1084 3410 deum
1106 3346 1300 3411 timentibus
1316 3346 1505 3413 hominibus
1528 3347 1608 3412 locis
1630 3345 1875 3412 venerabilibus
1900 3345 2021 3433 largita
2036 3354 2122 3428 suut,
2144 3347 2268 3410 nostris

620 3447 873 3515 auctoritatibus
895 3449 1140 3531 confirmamus,
1171 3448 1233 3515 hoc
1257 3448 1353 3514 nobis
1376 3450 1421 3516 ad
1442 3449 1603 3516 mercedis
1626 3459 1839 3534 augmentum
1862 3448 1916 3514 vel
1939 3448 2153 3514 stabilitatem
2175 3449 2277 3534 regni

620 3553 724 3617 nostri
745 3552 910 3637 pertinere
932 3550 1137 3618 confidimus.
1173 3552 1279 3637 Igitur
1300 3563 1416 3620 notum
1438 3555 1482 3620 sit
1506 3552 1658 3621 omnibus
1681 3553 1834 3619 fidelibus
1857 3555 1980 3619 nostris
2003 3551 2211 3640 presentibus
2234 3561 2268 3617 et
2292 3567 2326 3616 20

619 3656 752 3738 futuris,
776 3655 919 3742 qualiter
941 3655 1093 3722 monachi
1116 3679 1158 3721 ex
1175 3659 1376 3723 monasterio
1401 3668 1514 3724 sancte
1529 3659 1634 3743 Mario
1651 3656 1835 3732 Sabinensi,
1860 3657 1948 3744 quod
1969 3667 2019 3722 est
2040 3666 2267 3723 constructum

619 3761 653 3824 in
675 3758 749 3824 loco
766 3759 822 3844 qui
845 3759 965 3826 dicitur
979 3759 1178 3843 Acutianus,
1201 3759 1258 3825 ubi
1281 3763 1330 3826 vir
1353 3762 1551 3828 venerabilis
1567 3763 1818 3849 Ragambaldus
1842 3762 1947 3827 abbas
1970 3785 2102 3848 preesse
2125 3761 2266 3842 videtur,

619 3874 810 3952 preceptum
825 3865 1044 3955 Hildeprandi
1061 3867 1156 3932 ducis
1166 3864 1200 3950 ¹),
1224 3867 1324 3932 etiam
1340 3875 1373 3932 et
1392 3867 1539 3934 iudicata
1555 3868 1630 3944 duo,
1656 3889 1757 3933 unum
1774 3878 1890 3933 contra
1907 3866 2111 3948 sinoaldum,
2129 3866 2268 3950 Reatina

618 3968 757 4053 ecclesie
773 3970 966 4055 episcopum
974 3966 1009 4052 ²),
1033 3980 1066 4035 et
1080 3969 1222 4035 alterum
1237 3980 1353 4035 eontra
1367 3970 1590 4052 Pandonem⁸)
1608 3971 1660 4037 vel
1677 3971 1813 4056 heredes
1829 3992 1916 4047 suos,
1940 3969 2037 4036 nobis
2053 3969 2269 4035 ostenderunt

617 4072 805 4159 relegenda,
843 4073 984 4158 qualiter
1006 4073 1182 4158 eeclesiam
1212 4077 1319 4140 sancti
1342 4075 1533 4161 archangeli
1561 4076 1613 4141 dei
1637 4075 1831 4141 Michahelis
1859 4097 1934 4141 eum
1963 4075 2051 4140 omni
2078 4075 2266 4161 integritate
2289 4086 2323 4136 at

619 4199 690 4259 sua,
715 4199 777 4261 que
801 4186 851 4242 est
872 4187 1065 4243 constructa
1088 4200 1187 4264 super
1208 4178 1345 4244 fluvium
1368 4179 1538 4246 Mellinum
1561 4203 1664 4267 prope
1687 4182 1792 4266 ipsam
1816 4179 1984 4244 civitatem
2006 4179 2191 4262 Reatinam,
2222 4177 2267 4243 ad

617 4290 744 4368 partem
766 4280 881 4367 palatii
905 4281 1010 4360 nostri
1026 4283 1092 4346 iam
1117 4282 1226 4349 dictus
1245 4282 1494 4370 Hildepraudus
1518 4285 1587 4350 dux
1610 4285 1810 4350 evindicavit
1831 4292 1865 4349 et
1887 4305 1946 4368 pro
1971 4283 2131 4349 mercedis
2155 4290 2266 4366 nostre

616 4395 794 4472 augmento
817 4395 936 4472 postea
959 4388 1066 4472 ipsam
1089 4385 1264 4471 ecclesiam
1287 4389 1394 4453 sancti
1419 4388 1607 4473 archangeli
1631 4388 1683 4453 dei
1703 4386 1899 4452 Michahelis
1923 4409 1998 4452 cum
2021 4387 2111 4451 omni
2133 4387 2268 4471 integri-

617 4499 686 4556 tate
716 4489 780 4555 sibi
808 4490 991 4576 pertinente
1018 4489 1063 4556 ad
1090 4492 1328 4556 monasterium
1363 4502 1478 4578 sancte
1507 4492 1561 4559 dei
1594 4493 1762 4579 genitricis
1792 4490 1967 4557 Sabiuensi
1995 4491 2159 4556 territorio
2188 4511 2266 4555 oon·

618 4603 780 4659 structum
802 4616 862 4679 per
884 4616 980 4660 suum
1003 4603 1238 4660 testamentum
1261 4615 1302 4660 ac
1324 4617 1384 4682 per
1405 4604 1596 4682 preceptum
1619 4596 1652 4660 in
1675 4594 1881 4678 helimosina,
1909 4602 1947 4659 ut
1969 4592 2124 4677 diximus,
2151 4603 2266 4659 nostra
2288 4609 2323 4658 to

616 4706 817 4763 memoratus
834 4697 903 4763 dux
919 4698 1093 4784 delegavit.
1117 4698 1184 4764 Sed
1199 4720 1258 4786 pro
1283 4701 1413 4785 integra
1428 4701 1583 4767 firmitate
1606 4701 1772 4788 petierunt
1785 4699 1851 4764 iam
1875 4697 1954 4763 dicti
1972 4696 2126 4762 monachi
2150 4718 2265 4783 supra·

617 4803 731 4887 scripti
753 4803 955 4885 monasterii,
980 4802 1058 4867 dum
1080 4803 1190 4889 ipsum
1212 4814 1404 4890 preceptum
1428 4827 1487 4891 pre
1509 4803 1662 4870 manibus
1685 4802 1846 4868 haberent
1868 4812 1901 4866 et
1923 4801 2045 4866 iudicia
2068 4800 2264 4884 evindicata,

615 4913 653 4970 ut
680 4927 739 4990 per
760 4913 908 4971 nostram
937 4908 1167 4971 auctoritatem
1198 4930 1257 4994 pro
1286 4909 1447 4975 mercedis
1476 4918 1588 4994 nostre
1617 4916 1792 4993 augmento
1821 4907 1931 4992 ipsam
1953 4905 2128 4991 ecelesiam
2159 4906 2265 4969 sancti

616 5008 807 5096 archangeli
837 5010 890 5075 dei
913 5010 1109 5076 Michahelis
1138 5010 1183 5077 ad
1204 5013 1270 5076 iam
1299 5012 1423 5078 dictum
1446 5012 1682 5079 monasterium
1710 5031 1786 5076 eum
1814 5010 1903 5075 omni
1934 5008 2100 5074 soliditate
2124 5031 2266 5095 suaper

615 5123 817 5200 preceptum,
841 5123 879 5178 ut
894 5113 1050 5196 diximus,
1074 5118 1305 5181 auctoritatis·
1326 5127 1438 5201 nostre
1454 5117 1649 5182 confirmare
1665 5113 1869 5196 deberemus,
1894 5113 2011 5177 utiam
2034 5111 2154 5178 exinde
2173 5111 2265 5177 nulla
2287 5127 2321 5176 tt

615 5218 709 5283 fieret
730 5219 893 5300 causatio,
918 5218 977 5284 sed
1000 5218 1044 5283 ad
1066 5219 1207 5285 eundem
1231 5223 1466 5286 monasterium
1490 5243 1549 5308 pro
1573 5222 1643 5286 vita
1664 5227 1698 5284 et
1714 5217 1896 5284 stabilitate
1917 5219 2009 5302 regni
2025 5218 2139 5300 nostri,
2165 5217 2265 5282 etiam

615 5322 766 5406 coniugis
795 5320 848 5387 vel
869 5321 971 5407 prolis
998 5325 1132 5408 nostre)
1154 5325 1322 5410 perpetuis
1351 5335 1500 5390 maneret
1529 5323 1743 5411 temporibus.
1790 5322 1937 5403 Quorum
1966 5322 2182 5408 petitionibus
2205 5345 2265 5408 pro

616 5424 728 5490 divino
751 5425 872 5490 intuitu
896 5424 1061 5511 denegare
1084 5427 1258 5509 noluimus,
1289 5427 1349 5493 sed
1371 5429 1420 5493 ita
1442 5429 1628 5514 prostitisse
1652 5438 1684 5493 et
1706 5427 1920 5493 confirmasse
1943 5428 2143 5512 cognoscite.
2190 5427 2264 5492 Pre-

692 5611 751 5668 145.
770 5612 1018 5737 {Lppptfpturatl
1118 5616 1147 5681 x)
1163 5617 1325 5670 roborariO
1426 5618 1455 5685 y)
1474 5616 1590 5671 disselbe
1617 5615 1827 5685 Isterpotatton
1855 5615 1886 5668 iu
1912 5625 1945 5667 av
1964 5617 2017 5668 106
2121 5616 2147 5683 a)
2169 5618 2193 5667 is
2212 5614 2269 5682 auf
2287 5682 2322 5731 4⁰

691 5802 751 5859 146.
771 5805 969 5928 allaetprtirtsti'p
982 5805 1009 5859 B
1114 5807 1143 5872 b)
1160 5810 1284 5875 coniugis
1302 5810 1385 5876 prolis
1412 5807 1553 5874 (doruoolr
1575 5807 1621 5861 ein
1640 5806 1740 5873 Subest
1764 5807 1862 5861 rudirt
1879 5807 1941 5861 arrd
1966 5814 1994 5859 et
2011 5806 2268 5878 obergeaeltrt'ebea)

770 5890 804 5926 ve
833 5890 882 5925 ns
909 5893 924 5942 ς

720 5996 740 6063 ¹)
758 5994 877 6064 Repeato
891 5995 922 6048 di
934 5994 1032 6061 Furfo
1043 5999 1072 6065 2,
1084 5999 1119 6049 91
1129 6007 1162 6048 av
1177 6001 1232 6052 105
1302 5997 1323 6064 ²)
1343 5999 1362 6052 1
1364 5998 1387 6051 b.
1401 6001 1437 6052 93
1449 6011 1482 6050 av
1495 6002 1548 6053 103
1619 5998 1640 6064 ³)
1658 5998 1678 6052 1
1680 5998 1703 6052 b.
1717 6001 1769 6051 113
1780 6011 1813 6053 u⁰
1827 5991 1888 6063 135,
1908 5999 1953 6053 die
1970 5999 2147 6069 pericbtlielse
2165 5997 2267 6054 Ualer-

614 6064 742 6134 sachunu
760 6064 877 6135 ersolpte
897 6068 947 6119 781
967 6065 1025 6132 aus
1038 6066 1232 6134 personlictea
1250 6066 1349 6134 Befetl
1368 6066 1417 6120 des
1435 6068 1554 6137 Kouipa
1896 6117 1897 6120 ,
