5642 7159
1089 739 1212 799 KABL
1237 737 1325 798 otte
1347 735 1514 796 suessa
1538 730 1610 796 790.
2104 726 2168 792 223

623 927 777 1001 Abscbrs'ft
799 929 850 989 des
872 932 924 989 10.
942 928 996 988 Jt.
1020 930 1062 988 im
1083 928 1214 988 Prtmer
1237 925 1400 988 Obortatur
1423 924 1447 998 s.
1464 930 1503 986 31
1529 926 1562 984 in
1585 924 1640 983 der
1663 922 1907 985 Stadtbs'bls‘otbelc
1927 939 1968 980 su
1993 921 2079 981 crta
2102 918 2167 998 (Β).

621 1069 760 1128 Murteae
777 1069 895 1140 Coll.1‚
912 1070 952 1129 15
970 1072 1073 1128 ecurt
1090 1069 1194 1127 Ram.
1212 1066 1267 1146 (Β)
1292 1089 1332 1121 =
1354 1065 1517 1126 Hontheim
1531 1063 1614 1126 Hist.
1633 1063 1745 1123 Treuir.
1761 1066 1791 1133 1,
1809 1063 1872 1122 142
1891 1066 1925 1120 πο
1939 1063 1980 1122 59
2003 1081 2045 1114 =
2067 1058 2169 1134 diique

621 1173 733 1234 Potrol.
758 1177 809 1244 97,
833 1172 1105 1234 1061a⁰16.-
1130 1169 1241 1232 Gclmet
1265 1172 1345 1232 Hist.
1369 1171 1405 1230 cta
1426 1169 1576 1230 Lorruiue
1597 1162 1645 1239 1⁶,
1669 1170 1743 1238 293,
1767 1169 1798 1228 2.
1815 1165 1859 1226 ed.
1875 1159 1923 1235 2⁶,
1947 1168 2010 1226 119
2033 1163 2102 1244 (aas
2125 1163 2167 1242 Β)

623 1300 663 1331 =
687 1276 836 1336 Betthotet
851 1277 933 1339 Hist.
949 1277 984 1336 de
999 1276 1212 1350 Lacembourq
1226 1269 1274 1346 2⁶,
1291 1277 1342 1335 18.
1368 1306 1407 1318 -
1433 1274 1530 1350 Beyer
1545 1271 1739 1332 Mtttelrbes'u.
1763 1269 1827 1331 ΠΒ.
1846 1273 1874 1342 1,
1891 1272 1932 1330 39
1947 1274 1982 1326 ον’
1995 1269 2037 1330 35
2055 1285 2112 1328 aas
2128 1267 2166 1327 Β.

621 1415 662 1426 -
688 1381 882 1441 uuueacser
903 1381 975 1456 aeq.
999 1384 1065 1442 307
1087 1379 1187 1459 (aas).
2125 1369 2127 1374 '

628 1539 861 1614 Unqewtlmlicb,
888 1540 959 1599 aba
988 1539 1140 1599 durclerus
1171 1537 1383 1611 uaoerddcbts'p
1412 1535 1466 1596 der
1493 1535 1646 1609 Noottroq
1675 1551 1726 1594 cm
1754 1535 1874 1596 Schlass
1904 1533 1954 1593 das
1979 1533 2082 1594 Testes
2111 1532 2166 1607 ool.

623 1642 732 1702 Fictor
754 1643 850 1703 Beitr.
873 1661 901 1705 a.
931 1642 995 1704 ΗΒ.
1018 1646 1049 1714 2,
1074 1644 1125 1703 51.
1152 1641 1358 1716 Topourapbie
1379 1641 1426 1700 bei
1448 1641 1574 1701 Krancr
1599 1638 1679 1714 Oriq.
1703 1638 1794 1699 Noas.
1817 1643 1847 1709 1,
1871 1641 1913 1698 30
1936 1637 1976 1699 N.

624 1853 681 1930 (c.)
704 1847 845 1916 Carolus
860 1849 969 1933 gratia
984 1847 1037 1915 dei
1059 1872 1120 1915 rex
1136 1849 1340 1914 Francorum
1356 1856 1389 1913 et
1403 1844 1701 1934 Langobardorum
1717 1853 1750 1910 et
1765 1844 1924 1938 patricius
1937 1844 2166 1910 Romanorum.

624 1953 791 2038 Quicquid
814 1955 899 2018 enim
915 1953 998 2019 locis
1022 1961 1211 2018 sanctorum
1227 1950 1466 2018 venerabilium
1483 1950 1548 2017 ob·
1569 1971 1713 2015 amorem
1731 1949 1853 2014 domini
1875 1948 1927 2014 vel
1944 1948 2168 2035 oportunitate

465 2078 498 2126 lo
521 2080 690 2124 servorum
714 2057 766 2123 dei
788 2056 946 2123 benivola
969 2055 1206 2123 deliberatione
1229 2056 1377 2122 cedimus
1399 2056 1452 2122 vel
1475 2054 1712 2138 condonamus,
1737 2053 1798 2119 hoc
1821 2052 1917 2119 nobis
1941 2052 1984 2118 ad
2006 2050 2167 2118 mercedis

520 2171 732 2248 augmentum
754 2160 807 2226 vel
836 2160 1051 2226 stabilitatem
1073 2161 1166 2246 regui
1194 2161 1299 2225 nostri
1322 2162 1355 2224 in
1380 2159 1434 2225 dei
1464 2161 1595 2225 nomine
1624 2160 1786 2246 pertinere
1815 2156 2018 2223 confidimus.
2063 2156 2169 2242 Igitur

520 2277 634 2333 notum
658 2267 701 2331 sit
724 2266 869 2331 omnium
890 2265 1037 2331 fidelium
1060 2274 1249 2331 nostrorum
1272 2265 1494 2351 magnitudini
1518 2264 1746 2352 praesenciam
1770 2261 1896 2328 scilicet
1919 2270 1951 2327 et
1974 2261 2166 2341 futurorum,

522 2371 663 2459 qualiter
690 2392 752 2436 nos
782 2391 841 2456 pro
870 2369 981 2435 divino
1011 2370 1132 2435 intuitu
1161 2379 1194 2436 et
1216 2379 1350 2436 aeterna
1378 2367 1641 2434 remuneratione
1671 2368 1833 2434 donamus
1862 2365 1905 2431 ad
1933 2366 2168 2431 monasterium

521 2476 643 2542 domini
674 2485 707 2542 et
741 2474 916 2540 salvatoris
945 2475 1049 2540 nostri
1075 2475 1153 2540 Iesu
1180 2473 1317 2556 Christi,
1353 2473 1443 2560 quod
1471 2473 1559 2539 bona
1589 2467 1769 2537 memoriab
1803 2471 1942 2536 domnus
1971 2490 2011 2534 ac
2039 2469 2168 2555 genitor

467 2597 499 2647 re
521 2590 635 2646 noster
650 2581 809 2666 Pippinus
829 2579 994 2666 quondam
1011 2602 1072 2644 rex
1087 2599 1229 2644 necnon
1245 2577 1367 2644 domna
1384 2587 1417 2643 et
1432 2578 1605 2664 genetrix⁸
1627 2585 1739 2643 nostra
1757 2575 1936 2642 Berterada
1951 2575 2065 2660 regina
2081 2595 2167 2638 novo

522 2706 620 2771 opere
643 2704 664 2747 a
686 2683 909 2776 fundamentis
932 2704 991 2768 pro
1021 2682 1133 2746 futura
1157 2682 1262 2747 salute
1292 2684 1325 2747 in
1349 2681 1422 2747 loco
1446 2683 1501 2769 qui
1531 2682 1650 2747 dicitur
1672 2681 1805 2746 Prumia
1833 2678 1897 2744 visi
1922 2687 1999 2744 sunt
2021 2686 2167 2742 constru-

520 2791 626 2871 xisse,
655 2786 710 2852 uhi
734 2795 867 2872 praeest
893 2787 945 2851 vir
974 2784 1172 2851 venerabilis
1196 2785 1356 2851 Asoarius
1384 2785 1484 2870 abba,
1509 2785 1730 2870 donatumque
1759 2783 1803 2849 ad
1832 2777 1993 2848 eundenr‘¹
2016 2790 2167 2846 sanctum

521 2893 628 2958 locum
651 2893 685 2956 in
708 2899 902 2978 perpetuum
926 2913 999 2956 esse
1021 2889 1174 2955 volumus
1196 2912 1249 2955 res
1273 2889 1402 2977 aliquas
1428 2890 1640 2976 proprietatis
1663 2898 1775 2954 nostre
1790 2889 1823 2952 in
1847 2908 1933 2975 pago
1956 2892 2168 2970 nuncupante

520 2995 703 3083 Logonahe
726 3005 758 3061 et
781 2997 815 3061 in
838 3016 924 3081 pago
948 2997 1003 3081 qui
1028 2995 1146 3060 dicitur
1170 2993 1344 3061 Heinrichi
1372 3003 1405 3059 et
1427 2997 1461 3059 in
1484 2995 1725 3080 Augrisgouue,
1757 3015 1839 3078 quas
1868 2990 2056 3057 antedictus
2080 2988 2168 3055 abba

464 3119 499 3168 ao
521 3112 554 3168 et
569 3100 741 3167 Achardus
759 3101 850 3166 missi
874 3101 978 3165 nostri
995 3101 1082 3164 iusto
1106 3102 1236 3186 tramite
1253 3100 1438 3165 secundum
1460 3099 1565 3185 legem
1583 3100 1615 3164 in
1634 3120 1737 3164 causa
1753 3106 1868 3163 nostra
1891 3118 1990 3182 super
2003 3094 2167 3160 hominem

520 3205 664 3291 aliquem
686 3205 818 3269 nomine
841 3204 1008 3289 Alpadum
1031 3204 1257 3291 adquisissent
1288 3227 1346 3290 per
1374 3205 1447 3271 loca
1471 3204 1683 3271 denominata
1705 3202 1892 3287 Nasongac,
1921 3202 1953 3265 in
1978 3197 2168 3284 Squalbaclr

520 3319 553 3374 et
568 3309 744 3391 Haoostat,
769 3309 803 3372 in
826 3307 1040 3373 Caldenbach
1064 3319 1098 3384 et
1120 3310 1153 3374 in
1170 3309 1366 3375 Boumhaim
1389 3317 1489 3394 atquc
1512 3309 1544 3372 in
1561 3307 1757 3372 Thabernae
1779 3327 1840 3370 noc
1862 3326 1928 3370 non
1951 3305 1984 3369 in
2005 3303 2168 3387 Heringae

521 3414 589 3478 sive
613 3411 800 3498 hendrichq
823 3422 857 3478 et
879 3412 1003 3479 Villare
1027 3436 1084 3479 seu
1108 3415 1142 3478 in
1163 3413 1349 3479 Theodissa
1375 3413 1429 3478 vel
1452 3414 1484 3478 io
1509 3410 1745 3478 Abotisscheid
1774 3419 1872 3496 atque
1901 3409 1932 3473 in
1956 3407 2112 3473 Larhcim
2135 3414 2168 3471 et

521 3537 620 3602 supra
643 3516 791 3581 Hrenum
807 3519 1000 3603 portionem,
1026 3519 1110 3584 sicut
1127 3518 1344 3604 suprascripti
1366 3517 1460 3583 missi
1475 3519 1581 3582 nostri
1596 3523 1687 3582 recto
1712 3514 1825 3580 ordine
1842 3535 1940 3598 super
1963 3513 2028 3576 iam
2045 3508 2167 3577 dictum

465 3637 499 3686 eo
522 3620 688 3706 Alpadum
704 3619 746 3685 ad
764 3641 847 3706 opus
864 3631 1011 3687 nostrum
1029 3623 1092 3687 visi
1108 3632 1185 3688 sunt
1199 3623 1417 3705 evindicasse,
1441 3632 1508 3688 tam
1527 3621 1622 3688 terris
1638 3619 1791 3686 domibus
1811 3617 1972 3683 aediliciis
1988 3613 2168 3681 accolabus

520 3725 695 3810 mancipiis
722 3725 828 3790 vineis
852 3727 978 3810 campis
1007 3727 1097 3792 silvis
1121 3729 1226 3813 pratis
1256 3727 1390 3814 pascuis
1414 3727 1509 3812 aquis
1538 3749 1742 3813 aquarumve
1770 3723 1963 3789 decursibus
1992 3719 2113 3787 mobile
2136 3728 2168 3784 et

521 3827 687 3913 inmobile,
711 3837 815 3894 toturn
831 3839 864 3894 et
886 3828 930 3895 ad
946 3830 1119 3915 integrum,
1143 3831 1187 3898 ad
1204 3832 1387 3916 praefatum
1411 3831 1647 3896 monasterium
1664 3831 1696 3896 in
1720 3828 1921 3896 aelemosina
1944 3836 2056 3892 nostra
2079 3825 2168 3889 iure⁶

519 3932 707 3998 firmissimo
724 3935 892 4019 perpetuis
909 3934 1112 4021 temporibus
1129 3935 1172 4001 ad
1189 3935 1425 4022 possidendum
1437 3935 1670 4001 concessimus.
1689 3932 1898 4019 Quapropter
1914 3954 1972 4017 per
1983 3938 2169 4017 presentem

520 4036 751 4103 auctoritatem
785 4046 932 4102 nostram
968 4037 1172 4103 decernimus
1203 4061 1243 4103 ac
1277 4039 1444 4119 iuhemus,
1480 4038 1566 4124 quod
1601 4036 1836 4125 perpetualiter
1867 4056 2057 4101 mansurum
2095 4055 2168 4098 esse
2280 4040 2282 4043 ’

465 4159 499 4208 eo
521 4142 683 4225 volumus,
706 4150 744 4206 ut
765 4151 966 4208 memoratus
989 4143 1038 4207 vir
1060 4143 1259 4209 venerahilis
1282 4142 1443 4210 Asoarius
1467 4143 1556 4209 abba
1580 4143 1695 4228 suique
1719 4161 1939 4224 successores,
1969 4141 2022 4225 qui
2047 4138 2168 4203 fuerint

520 4270 577 4333 per
600 4254 751 4332 tempora
772 4255 917 4311 rectores
941 4248 1132 4313 monasterii
1157 4249 1264 4312 sancti
1281 4247 1474 4328 Salvatoris‚
1500 4247 1733 4334 suprascriptis
1756 4244 1855 4311 rebus
1878 4267 1952 4310 cum
1977 4244 2064 4308 omni
2086 4243 2168 4306 inte-

519 4352 648 4436 gritate,
677 4350 762 4416 sicut
786 4373 886 4438 supra
908 4353 1175 4436 memoravimus,
1209 4352 1253 4417 ad
1274 4362 1401 4439 partem
1430 4354 1535 4439 ipsius
1559 4354 1664 4417 sancti
1689 4351 1753 4416 loci
1776 4351 1897 4416 nostris
1921 4348 1983 4414 deo
2013 4343 2171 4440 auspice'

519 4456 704 4539 futurisque
727 4454 931 4539 temporibus
955 4465 1089 4521 teneant
1111 4466 1211 4542 atque
1233 4456 1443 4543 possideant3
1477 4465 1510 4521 et
1531 4455 1642 4521 nullus
1665 4453 1821 4542 quislibet
1844 4454 1884 4519 de
1913 4452 2088 4518 fidelibus⁸
2110 4461 2168 4515 aut

520 4557 768 4625 srrccessoribus
799 4560 891 4644 regni
915 4561 1019 4625 nostri
1054 4569 1190 4645 agentes
1223 4560 1327 4647 ipsius
1356 4561 1548 4625 monasterii
1583 4559 1624 4625 de
1652 4559 1862 4646 praescriptis
1892 4557 1990 4623 rebus
2022 4555 2167 4641 aliquam

464 4675 498 4726 eo
521 4661 720 4726 calumniam
744 4684 902 4745 generare
927 4672 986 4729 aut
1009 4663 1294 4728 diminorationem
1325 4664 1434 4730 facere
1458 4664 1547 4729 nullo
1576 4687 1733 4749 umquam
1756 4672 1901 4749 tempore
1927 4669 2166 4748 praesumatur,

521 4763 581 4831 sed
603 4773 640 4829 ut
661 4765 777 4831 melius
802 4765 943 4831 delectet
966 4767 1056 4853 ipsos
1080 4789 1195 4833 servos
1220 4767 1283 4850 dei,
1308 4769 1363 4854 qui
1387 4767 1509 4833 ibidem
1532 4768 1594 4833 deo
1618 4767 1777 4833 famulare
1799 4766 1962 4848 videntur,
1989 4786 2049 4851 pro
2072 4763 2167 4829 nobis

520 4866 710 4954 uuorcque¹¹
740 4891 780 4934 ac
803 4869 915 4935 liberis
945 4891 1003 4936 seu
1027 4892 1086 4956 pro
1118 4871 1300 4938 stabilitate
1322 4874 1415 4958 regni
1444 4875 1548 4938 nostri
1571 4873 1729 4938 attentius
1758 4871 1880 4938 domini
1907 4868 2166 4936 misericordiam

520 4993 668 5050 exorare,
692 4973 755 5038 hoc
779 4974 868 5060 quod
891 4985 1005 5040 nostro
1029 4973 1232 5061 largitionis¹
1254 4999 1388 5062 munere
1404 4998 1464 5063 pro
1488 4987 1623 5042 aotcrna
1644 4977 1858 5042 retributione
1875 4974 1918 5040 ad
1942 4998 2019 5060 sepe
2042 4973 2167 5038 dictum

520 5077 757 5142 monasterium
791 5076 914 5142 domini
937 5078 1122 5144 Salvatoris
1152 5079 1359 5160 indulsimus,
1393 5104 1452 5167 per
1480 5080 1544 5145 hoc
1573 5090 1704 5146 nostrae
1739 5081 1925 5146 serenitatis
1954 5087 2168 5164 praeceptum

464 5196 499 5245 4ο
521 5189 619 5266 atque
642 5178 926 5247 confirmationisl
950 5182 1071 5247 donum
1090 5181 1221 5248 Christo
1245 5185 1387 5270 propitio
1412 5187 1446 5249 in
1461 5185 1684 5270 luminaribus
1707 5187 1811 5270 ipsius
1835 5181 2008 5249 ecclesiae¹
2032 5205 2090 5247 seu
2113 5181 2166 5245 sti-

520 5284 641 5369 pendia
658 5307 828 5350 servorum
851 5285 904 5351 dei
922 5288 1088 5372 perpetuis
1112 5286 1315 5374 temporibus
1332 5288 1485 5374 proficiat
1508 5291 1542 5353 in
1557 5291 1752 5375 augmentis.
1776 5290 1820 5353 Et
1834 5299 1871 5354 ut
1885 5289 1968 5353 haec
1984 5288 2166 5352 auctoritas

519 5388 645 5453 firmior
668 5387 830 5454 habeatur
852 5389 905 5454 vel
928 5412 986 5477 per
1009 5399 1158 5477 tempora
1181 5391 1314 5456 domino
1333 5391 1516 5458 auxiliante
1539 5391 1654 5457 melius
1670 5401 1892 5465 conservetur,
1917 5414 2016 5456 manu
2033 5389 2167 5476 propria

520 5492 634 5558 subter
656 5495 859 5560 firmavimus
883 5504 916 5559 et
939 5494 979 5561 de
1003 5495 1102 5560 anulo
1125 5505 1238 5561 nostro
1255 5495 1392 5582 sigillari
1416 5498 1583 5562 iussimus.
1608 5497 1651 5560 Et
1674 5496 1762 5582 quod
1785 5519 1885 5582 supra
1908 5496 2089 5561 intimare¹¹²
2112 5495 2165 5560 de·

519 5594 708 5680 bueramus,
738 5620 867 5663 ornnem
895 5598 1001 5684 legem
1029 5608 1062 5663 et
1089 5600 1372 5684 compositionem,
1403 5623 1501 5686 quarn
1532 5601 1698 5687 predictus
1726 5599 1837 5686 Alpad
1865 5624 1924 5686 pro
1956 5601 2038 5687 ipsis
2066 5600 2166 5665 rebus

463 5715 497 5764 4ο
521 5700 670 5785 partibus
693 5700 840 5786 [nostris]
867 5702 994 5769 solvere
1018 5703 1142 5788 debuit,
1165 5705 1209 5769 ad
1232 5707 1340 5791 ipsum
1364 5714 1515 5770 sanctum
1538 5706 1648 5771 locum
1671 5705 1945 5791 perdonavimus..

595 5905 655 5960 165.
675 5908 702 5968 s)
719 5908 754 5985 ab
772 5906 799 5960 Β
879 5908 908 5974 h)
927 5908 954 5962 Β
971 5909 1023 5978 opt.
1042 5921 1075 5962 ου
1088 5912 1143 5964 180
1223 5913 1248 5974 ο)
1267 5927 1301 5963 ne
1318 5926 1372 5964 oon
1390 5910 1511 5964 aridae·
1531 5909 1622 5964 Herod
1640 5909 1701 5964 arrd
1719 5912 1770 5964 mit
1789 5909 1909 5964 aridem
1928 5909 2012 5964 Tirste
2030 5909 2098 5962 atbar
2117 5909 2167 5963 der

673 5975 749 6030 thlc
765 5976 973 6048 nocbpetropcu
1059 5979 1087 6045 d)
1105 5981 1198 6031 eadem
1217 5979 1244 6033 Β
1330 5981 1357 6047 ο)
1373 5982 1449 6032 lurae
1468 5979 1494 6033 Β
1581 5981 1603 6047 f)
1621 5982 1747 6048 haospice
1765 5981 1792 6034 Β
1888 5981 1916 6046 g)
1933 5979 2035 6030 fidebus
2054 5978 2080 6032 Β

673 6045 702 6109 h)
720 6047 864 6112 uxorisque
876 6046 903 6099 Β
973 6050 993 6114 i)
1010 6048 1140 6114 lsrglonis
1153 6048 1181 6101 B
1250 6049 1280 6116 h)
1297 6049 1486 6102 confirmamus
1505 6047 1532 6102 Β
1602 6051 1622 6116 l)
1639 6051 1755 6102 eclesiae
1771 6050 1798 6104 Β
1867 6053 1904 6115 m)
1922 6047 2098 6102 initimsrsB
