<?xml version="1.0" encoding="UTF-8"?>
<!DOCTYPE html PUBLIC "-//W3C//DTD XHTML 1.0 Transitional//EN"
    "http://www.w3.org/TR/xhtml1/DTD/xhtml1-transitional.dtd">
<html xmlns="http://www.w3.org/1999/xhtml" xml:lang="en" lang="en">
 <head>
  <title>
</title>
<meta http-equiv="Content-Type" content="text/html;charset=utf-8" />
  <meta name='ocr-system' content='tesseract 3.04.00' />
  <meta name='ocr-capabilities' content='ocr_page ocr_carea ocr_par ocr_line ocrx_word'/>
</head>
<body>
  <div class='ocr_page' id='page_1' title='image "./monumentagerman01goog/monumentagerman01goog_0491.png"; bbox 0 0 5642 7159; ppageno 0'>
   <div class='ocr_carea' id='block_1_1' title="bbox 677 619 1722 684">
    <p class='ocr_par' dir='ltr' id='par_1_1' title="bbox 677 619 1722 684">
     <span class='ocr_line' id='line_1_1' title="bbox 677 619 1722 684; baseline -0.003 0"><span class='ocrx_word' id='word_1_1' title='bbox 677 619 743 684; x_wconf 86' lang='lat'><strong>480</strong></span> <span class='ocrx_word' id='word_1_2' title='bbox 1279 619 1722 683; x_wconf 72' lang='lat' dir='ltr'><strong>ullsnltuuxununm</strong></span> 
     </span>
    </p>
   </div>
   <div class='ocr_carea' id='block_1_2' title="bbox 595 807 2401 2353">
    <p class='ocr_par' dir='ltr' id='par_1_2' title="bbox 595 807 2401 2353">
     <span class='ocr_line' id='line_1_2' title="bbox 675 807 2348 896; baseline -0.001 -22"><span class='ocrx_word' id='word_1_3' title='bbox 675 810 792 875; x_wconf 85' lang='lat' dir='ltr'><strong>fertilis</strong></span> <span class='ocrx_word' id='word_1_4' title='bbox 821 819 906 875; x_wconf 89' lang='lat' dir='ltr'><strong>terre</strong></span> <span class='ocrx_word' id='word_1_5' title='bbox 929 807 1092 874; x_wconf 78' lang='lat' dir='ltr'><strong>Adriatici</strong></span> <span class='ocrx_word' id='word_1_6' title='bbox 1121 809 1221 873; x_wconf 90' lang='lat' dir='ltr'><strong>maris</strong></span> <span class='ocrx_word' id='word_1_7' title='bbox 1249 809 1345 873; x_wconf 83' lang='lat' dir='ltr'><strong>iuxta</strong></span> <span class='ocrx_word' id='word_1_8' title='bbox 1373 808 1467 891; x_wconf 89' lang='lat' dir='ltr'><strong>fines,</strong></span> <span class='ocrx_word' id='word_1_9' title='bbox 1502 830 1565 896; x_wconf 72' lang='lat' dir='ltr'><strong>qne</strong></span> <span class='ocrx_word' id='word_1_10' title='bbox 1590 808 1630 874; x_wconf 94' lang='lat' dir='ltr'><strong>de</strong></span> <span class='ocrx_word' id='word_1_11' title='bbox 1658 807 1839 874; x_wconf 90' lang='lat' dir='ltr'><strong>seminibus</strong></span> <span class='ocrx_word' id='word_1_12' title='bbox 1868 829 1908 873; x_wconf 87' lang='lat' dir='ltr'><strong>ac</strong></span> <span class='ocrx_word' id='word_1_13' title='bbox 1930 807 2114 895; x_wconf 73' lang='lat' dir='ltr'><strong>liquoribus</strong></span> <span class='ocrx_word' id='word_1_14' title='bbox 2143 807 2348 895; x_wconf 72' lang='lat' dir='ltr'><strong>secundum</strong></span> 
     </span>
     <span class='ocr_line' id='line_1_3' title="bbox 676 907 2349 1000; baseline -0.003 -22"><span class='ocrx_word' id='word_1_15' title='bbox 676 935 775 1000; x_wconf 88' lang='lat' dir='ltr'><strong>posse</strong></span> <span class='ocrx_word' id='word_1_16' title='bbox 791 921 890 1000; x_wconf 90' lang='lat' dir='ltr'><strong>atque</strong></span> <span class='ocrx_word' id='word_1_17' title='bbox 905 914 1066 978; x_wconf 87' lang='lat' dir='ltr'><strong>iustitiam</strong></span> <span class='ocrx_word' id='word_1_18' title='bbox 1081 907 1299 999; x_wconf 76' lang='lat' dir='ltr'><strong>prenominati</strong></span> <span class='ocrx_word' id='word_1_19' title='bbox 1321 913 1466 978; x_wconf 88' lang='lat' dir='ltr'><strong>martiris</strong></span> <span class='ocrx_word' id='word_1_20' title='bbox 1481 914 1683 978; x_wconf 90' lang='lat' dir='ltr'><strong>monasterio</strong></span> <span class='ocrx_word' id='word_1_21' title='bbox 1702 933 1833 998; x_wconf 88' lang='lat' dir='ltr'><strong>semper</strong></span> <span class='ocrx_word' id='word_1_22' title='bbox 1847 915 1881 977; x_wconf 93' lang='lat' dir='ltr'><strong>in</strong></span> <span class='ocrx_word' id='word_1_23' title='bbox 1896 935 1978 978; x_wconf 92' lang='lat' dir='ltr'><strong>auro</strong></span> <span class='ocrx_word' id='word_1_24' title='bbox 1994 913 2121 1000; x_wconf 91' lang='lat' dir='ltr'><strong>aliquid</strong></span> <span class='ocrx_word' id='word_1_25' title='bbox 2139 912 2349 978; x_wconf 79' lang='lat' dir='ltr'><strong>redderent.</strong></span> 
     </span>
     <span class='ocr_line' id='line_1_4' title="bbox 677 1013 2348 1103; baseline -0.002 -20"><span class='ocrx_word' id='word_1_26' title='bbox 677 1015 824 1083; x_wconf 82' lang='lat' dir='ltr'><strong>Gavisus</strong></span> <span class='ocrx_word' id='word_1_27' title='bbox 842 1018 1019 1082; x_wconf 75' lang='lat' dir='ltr'><strong>sanctitate</strong></span> <span class='ocrx_word' id='word_1_28' title='bbox 1034 1015 1100 1082; x_wconf 89' lang='lat' dir='ltr'><strong>loci</strong></span> <span class='ocrx_word' id='word_1_29' title='bbox 1116 1016 1202 1082; x_wconf 94' lang='lat' dir='ltr'><strong>dono</strong></span> <span class='ocrx_word' id='word_1_30' title='bbox 1224 1015 1301 1081; x_wconf 88' lang='lat' dir='ltr'><strong>fidei</strong></span> <span class='ocrx_word' id='word_1_31' title='bbox 1317 1038 1416 1102; x_wconf 92' lang='lat' dir='ltr'><strong>prece</strong></span> <span class='ocrx_word' id='word_1_32' title='bbox 1436 1013 1551 1081; x_wconf 89' lang='lat' dir='ltr'><strong>abbati</strong></span> <span class='ocrx_word' id='word_1_33' title='bbox 1574 1025 1607 1081; x_wconf 91' lang='lat' dir='ltr'><strong>et</strong></span> <span class='ocrx_word' id='word_1_34' title='bbox 1623 1023 1761 1101; x_wconf 76' lang='lat' dir='ltr'><strong>optatu·</strong></span> <span class='ocrx_word' id='word_1_35' title='bbox 1784 1017 1996 1103; x_wconf 87' lang='lat' dir='ltr'><strong>omniumque</strong></span> <span class='ocrx_word' id='word_1_36' title='bbox 2012 1017 2175 1084; x_wconf 89' lang='lat' dir='ltr'><strong>bonorum</strong></span> <span class='ocrx_word' id='word_1_37' title='bbox 2193 1015 2348 1082; x_wconf 87' lang='lat' dir='ltr'><strong>audien-</strong></span> 
     </span>
     <span class='ocr_line' id='line_1_5' title="bbox 675 1119 2348 1208; baseline -0.001 -22"><span class='ocrx_word' id='word_1_38' title='bbox 675 1123 758 1187; x_wconf 90' lang='lat' dir='ltr'><strong>tium</strong></span> <span class='ocrx_word' id='word_1_39' title='bbox 784 1123 818 1186; x_wconf 92' lang='lat' dir='ltr'><strong>in</strong></span> <span class='ocrx_word' id='word_1_40' title='bbox 847 1123 1044 1188; x_wconf 81' lang='lat' dir='ltr'><strong>Pinnensem</strong></span> <span class='ocrx_word' id='word_1_41' title='bbox 1071 1123 1266 1188; x_wconf 90' lang='lat' dir='ltr'><strong>comitatum</strong></span> <span class='ocrx_word' id='word_1_42' title='bbox 1295 1143 1315 1186; x_wconf 96' lang='lat' dir='ltr'><strong>a</strong></span> <span class='ocrx_word' id='word_1_43' title='bbox 1342 1121 1452 1208; x_wconf 84' lang='lat' dir='ltr'><strong>capite</strong></span> <span class='ocrx_word' id='word_1_44' title='bbox 1482 1119 1605 1196; x_wconf 87' lang='lat' dir='ltr'><strong>Maoni‚</strong></span> <span class='ocrx_word' id='word_1_45' title='bbox 1640 1119 1805 1205; x_wconf 94' lang='lat' dir='ltr'><strong>quomodo</strong></span> <span class='ocrx_word' id='word_1_46' title='bbox 1841 1120 2012 1187; x_wconf 87' lang='lat' dir='ltr'><strong>descendit</strong></span> <span class='ocrx_word' id='word_1_47' title='bbox 2045 1123 2080 1186; x_wconf 95' lang='lat' dir='ltr'><strong>in</strong></span> <span class='ocrx_word' id='word_1_48' title='bbox 2110 1119 2277 1187; x_wconf 82' lang='lat' dir='ltr'><strong>Gomano</strong></span> <span class='ocrx_word' id='word_1_49' title='bbox 2311 1129 2348 1184; x_wconf 87' lang='lat' dir='ltr'><strong>et</strong></span> 
     </span>
     <span class='ocr_line' id='line_1_6' title="bbox 677 1223 2391 1314; baseline -0.002 -24"><span class='ocrx_word' id='word_1_50' title='bbox 677 1224 849 1292; x_wconf 86' lang='lat' dir='ltr'><strong>Gomanus</strong></span> <span class='ocrx_word' id='word_1_51' title='bbox 873 1225 1044 1298; x_wconf 85' lang='lat' dir='ltr'><strong>descendit</strong></span> <span class='ocrx_word' id='word_1_52' title='bbox 1067 1226 1102 1290; x_wconf 93' lang='lat' dir='ltr'><strong>in</strong></span> <span class='ocrx_word' id='word_1_53' title='bbox 1124 1226 1209 1314; x_wconf 90' lang='lat' dir='ltr'><strong>pede</strong></span> <span class='ocrx_word' id='word_1_54' title='bbox 1224 1226 1315 1309; x_wconf 80' lang='lat' dir='ltr'><strong>Atri3</strong></span> <span class='ocrx_word' id='word_1_55' title='bbox 1339 1225 1489 1290; x_wconf 88' lang='lat' dir='ltr'><strong>similiter</strong></span> <span class='ocrx_word' id='word_1_56' title='bbox 1503 1248 1524 1291; x_wconf 99' lang='lat' dir='ltr'><strong>a</strong></span> <span class='ocrx_word' id='word_1_57' title='bbox 1547 1226 1658 1312; x_wconf 88' lang='lat' dir='ltr'><strong>capite</strong></span> <span class='ocrx_word' id='word_1_58' title='bbox 1673 1225 1787 1291; x_wconf 92' lang='lat' dir='ltr'><strong>Maoni</strong></span> <span class='ocrx_word' id='word_1_59' title='bbox 1810 1226 1906 1291; x_wconf 85' lang='lat' dir='ltr'><strong>iuxta</strong></span> <span class='ocrx_word' id='word_1_60' title='bbox 1921 1225 2052 1291; x_wconf 87' lang='lat' dir='ltr'><strong>radices</strong></span> <span class='ocrx_word' id='word_1_61' title='bbox 2074 1225 2199 1290; x_wconf 89' lang='lat' dir='ltr'><strong>montis</strong></span> <span class='ocrx_word' id='word_1_62' title='bbox 2216 1223 2344 1291; x_wconf 84' lang='lat' dir='ltr'><strong>Cor-nii</strong></span> <span class='ocrx_word' id='word_1_63' title='bbox 2372 1239 2391 1287; x_wconf 76' lang='lat' dir='ltr'><strong>c</strong></span> 
     </span>
     <span class='ocr_line' id='line_1_7' title="bbox 595 1327 2344 1417; baseline -0.001 -21"><span class='ocrx_word' id='word_1_64' title='bbox 595 1391 598 1396; x_wconf 92' lang='lat'>.</span> <span class='ocrx_word' id='word_1_65' title='bbox 675 1328 816 1415; x_wconf 91' lang='lat' dir='ltr'><strong>aliisque</strong></span> <span class='ocrx_word' id='word_1_66' title='bbox 841 1327 906 1395; x_wconf 92' lang='lat' dir='ltr'><strong>sibi</strong></span> <span class='ocrx_word' id='word_1_67' title='bbox 930 1330 1050 1394; x_wconf 90' lang='lat' dir='ltr'><strong>iunctis</strong></span> <span class='ocrx_word' id='word_1_68' title='bbox 1072 1351 1179 1416; x_wconf 89' lang='lat' dir='ltr'><strong>usque</strong></span> <span class='ocrx_word' id='word_1_69' title='bbox 1202 1329 1246 1395; x_wconf 90' lang='lat' dir='ltr'><strong>ad</strong></span> <span class='ocrx_word' id='word_1_70' title='bbox 1268 1339 1370 1416; x_wconf 91' lang='lat' dir='ltr'><strong>caput</strong></span> <span class='ocrx_word' id='word_1_71' title='bbox 1388 1329 1482 1395; x_wconf 82' lang='lat' dir='ltr'><strong>Finis</strong></span> <span class='ocrx_word' id='word_1_72' title='bbox 1504 1329 1596 1394; x_wconf 87' lang='lat' dir='ltr'><strong>fluvii</strong></span> <span class='ocrx_word' id='word_1_73' title='bbox 1621 1339 1654 1395; x_wconf 93' lang='lat' dir='ltr'><strong>et</strong></span> <span class='ocrx_word' id='word_1_74' title='bbox 1676 1331 1748 1417; x_wconf 89' lang='lat' dir='ltr'><strong>ipse</strong></span> <span class='ocrx_word' id='word_1_75' title='bbox 1763 1330 1846 1395; x_wconf 83' lang='lat' dir='ltr'><strong>Fine</strong></span> <span class='ocrx_word' id='word_1_76' title='bbox 1871 1329 2044 1395; x_wconf 87' lang='lat' dir='ltr'><strong>descendit</strong></span> <span class='ocrx_word' id='word_1_77' title='bbox 2066 1328 2233 1415; x_wconf 75' lang='lat' dir='ltr'><strong>equaliter</strong></span> <span class='ocrx_word' id='word_1_78' title='bbox 2259 1351 2344 1394; x_wconf 89' lang='lat' dir='ltr'><strong>cum</strong></span> 
     </span>
     <span class='ocr_line' id='line_1_8' title="bbox 674 1431 2341 1521; baseline 0.001 -25"><span class='ocrx_word' id='word_1_79' title='bbox 674 1431 765 1516; x_wconf 82' lang='lat' dir='ltr'><strong>Atri3</strong></span> <span class='ocrx_word' id='word_1_80' title='bbox 803 1441 837 1498; x_wconf 89' lang='lat' dir='ltr'><strong>et</strong></span> <span class='ocrx_word' id='word_1_81' title='bbox 862 1435 897 1498; x_wconf 94' lang='lat' dir='ltr'><strong>in</strong></span> <span class='ocrx_word' id='word_1_82' title='bbox 919 1431 1083 1519; x_wconf 87' lang='lat' dir='ltr'><strong>Aprutino</strong></span> <span class='ocrx_word' id='word_1_83' title='bbox 1115 1434 1275 1499; x_wconf 89' lang='lat' dir='ltr'><strong>comitatu</strong></span> <span class='ocrx_word' id='word_1_84' title='bbox 1308 1434 1467 1521; x_wconf 89' lang='lat' dir='ltr'><strong>quicquid</strong></span> <span class='ocrx_word' id='word_1_85' title='bbox 1488 1456 1510 1498; x_wconf 90' lang='lat' dir='ltr'><strong>a</strong></span> <span class='ocrx_word' id='word_1_86' title='bbox 1531 1436 1601 1500; x_wconf 89' lang='lat' dir='ltr'><strong>rivo</strong></span> <span class='ocrx_word' id='word_1_87' title='bbox 1625 1433 1817 1499; x_wconf 87' lang='lat' dir='ltr'><strong>Martiliano</strong></span> <span class='ocrx_word' id='word_1_88' title='bbox 1850 1432 2071 1499; x_wconf 76' lang='lat' dir='ltr'><strong>descendente</strong></span> <span class='ocrx_word' id='word_1_89' title='bbox 2094 1435 2127 1498; x_wconf 94' lang='lat' dir='ltr'><strong>in</strong></span> <span class='ocrx_word' id='word_1_90' title='bbox 2150 1433 2341 1498; x_wconf 82' lang='lat' dir='ltr'><strong>Trutinum</strong></span> 
     </span>
     <span class='ocr_line' id='line_1_9' title="bbox 675 1535 2342 1625; baseline -0.001 -23"><span class='ocrx_word' id='word_1_91' title='bbox 675 1546 708 1602; x_wconf 87' lang='lat' dir='ltr'><strong>et</strong></span> <span class='ocrx_word' id='word_1_92' title='bbox 722 1559 743 1602; x_wconf 99' lang='lat' dir='ltr'><strong>a</strong></span> <span class='ocrx_word' id='word_1_93' title='bbox 759 1535 845 1603; x_wconf 91' lang='lat' dir='ltr'><strong>colle</strong></span> <span class='ocrx_word' id='word_1_94' title='bbox 861 1537 951 1603; x_wconf 91' lang='lat' dir='ltr'><strong>dicto</strong></span> <span class='ocrx_word' id='word_1_95' title='bbox 968 1537 1122 1604; x_wconf 76' lang='lat' dir='ltr'><strong>cisterna</strong></span> <span class='ocrx_word' id='word_1_96' title='bbox 1138 1560 1254 1624; x_wconf 90' lang='lat' dir='ltr'><strong>parum</strong></span> <span class='ocrx_word' id='word_1_97' title='bbox 1270 1539 1419 1625; x_wconf 87' lang='lat' dir='ltr'><strong>superius</strong></span> <span class='ocrx_word' id='word_1_98' title='bbox 1432 1536 1536 1603; x_wconf 92' lang='lat' dir='ltr'><strong>limite</strong></span> <span class='ocrx_word' id='word_1_99' title='bbox 1552 1546 1647 1603; x_wconf 88' lang='lat' dir='ltr'><strong>tenso</strong></span> <span class='ocrx_word' id='word_1_100' title='bbox 1660 1559 1762 1624; x_wconf 85' lang='lat' dir='ltr'><strong>supra</strong></span> <span class='ocrx_word' id='word_1_101' title='bbox 1775 1537 1883 1624; x_wconf 89' lang='lat' dir='ltr'><strong>ipsum</strong></span> <span class='ocrx_word' id='word_1_102' title='bbox 1896 1536 2084 1602; x_wconf 80' lang='lat' dir='ltr'><strong>Mucianum</strong></span> <span class='ocrx_word' id='word_1_103' title='bbox 2096 1546 2130 1602; x_wconf 89' lang='lat' dir='ltr'><strong>et</strong></span> <span class='ocrx_word' id='word_1_104' title='bbox 2140 1536 2342 1601; x_wconf 76' lang='lat' dir='ltr'><strong>&#39;lucianum</strong></span> 
     </span>
     <span class='ocr_line' id='line_1_10' title="bbox 674 1639 2339 1729; baseline 0.001 -24"><span class='ocrx_word' id='word_1_105' title='bbox 674 1662 780 1726; x_wconf 89' lang='lat' dir='ltr'><strong>usque</strong></span> <span class='ocrx_word' id='word_1_106' title='bbox 796 1640 840 1706; x_wconf 96' lang='lat' dir='ltr'><strong>ad</strong></span> <span class='ocrx_word' id='word_1_107' title='bbox 862 1641 1032 1707; x_wconf 87' lang='lat' dir='ltr'><strong>fluviolum</strong></span> <span class='ocrx_word' id='word_1_108' title='bbox 1049 1641 1302 1708; x_wconf 89' lang='lat' dir='ltr'><strong>descendentem</strong></span> <span class='ocrx_word' id='word_1_109' title='bbox 1326 1643 1359 1706; x_wconf 93' lang='lat' dir='ltr'><strong>in</strong></span> <span class='ocrx_word' id='word_1_110' title='bbox 1375 1642 1560 1725; x_wconf 86' lang='lat' dir='ltr'><strong>Trutinnm,</strong></span> <span class='ocrx_word' id='word_1_111' title='bbox 1585 1641 1744 1729; x_wconf 90' lang='lat' dir='ltr'><strong>quioquid</strong></span> <span class='ocrx_word' id='word_1_112' title='bbox 1759 1640 1974 1707; x_wconf 89' lang='lat' dir='ltr'><strong>castellorum</strong></span> <span class='ocrx_word' id='word_1_113' title='bbox 1996 1649 2054 1706; x_wconf 85' lang='lat' dir='ltr'><strong>aut</strong></span> <span class='ocrx_word' id='word_1_114' title='bbox 2068 1639 2147 1706; x_wconf 89' lang='lat' dir='ltr'><strong>ville</strong></span> <span class='ocrx_word' id='word_1_115' title='bbox 2164 1650 2224 1706; x_wconf 91' lang='lat' dir='ltr'><strong>aut</strong></span> <span class='ocrx_word' id='word_1_116' title='bbox 2242 1650 2339 1707; x_wconf 87' lang='lat' dir='ltr'><strong>terre</strong></span> 
     </span>
     <span class='ocr_line' id='line_1_11' title="bbox 674 1744 2401 1833; baseline 0.001 -25"><span class='ocrx_word' id='word_1_117' title='bbox 674 1744 727 1810; x_wconf 87' lang='lat' dir='ltr'><strong>vel</strong></span> <span class='ocrx_word' id='word_1_118' title='bbox 755 1744 872 1810; x_wconf 90' lang='lat' dir='ltr'><strong>fertilis</strong></span> <span class='ocrx_word' id='word_1_119' title='bbox 902 1744 954 1811; x_wconf 90' lang='lat' dir='ltr'><strong>vel</strong></span> <span class='ocrx_word' id='word_1_120' title='bbox 984 1745 1116 1830; x_wconf 85' lang='lat' dir='ltr'><strong>sterilis,</strong></span> <span class='ocrx_word' id='word_1_121' title='bbox 1150 1745 1212 1811; x_wconf 89' lang='lat' dir='ltr'><strong>sibi</strong></span> <span class='ocrx_word' id='word_1_122' title='bbox 1243 1745 1394 1811; x_wconf 88' lang='lat' dir='ltr'><strong>dedimus</strong></span> <span class='ocrx_word' id='word_1_123' title='bbox 1424 1757 1457 1811; x_wconf 91' lang='lat' dir='ltr'><strong>et</strong></span> <span class='ocrx_word' id='word_1_124' title='bbox 1485 1746 1549 1812; x_wconf 90' lang='lat' dir='ltr'><strong>hoc</strong></span> <span class='ocrx_word' id='word_1_125' title='bbox 1579 1768 1638 1833; x_wconf 89' lang='lat' dir='ltr'><strong>per</strong></span> <span class='ocrx_word' id='word_1_126' title='bbox 1664 1746 1894 1812; x_wconf 86' lang='lat' dir='ltr'><strong>investituram</strong></span> <span class='ocrx_word' id='word_1_127' title='bbox 1922 1744 2062 1831; x_wconf 73' lang='lat' dir='ltr'><strong>ecclesie</strong></span> <span class='ocrx_word' id='word_1_128' title='bbox 2089 1744 2188 1811; x_wconf 91' lang='lat' dir='ltr'><strong>beate</strong></span> <span class='ocrx_word' id='word_1_129' title='bbox 2218 1744 2336 1810; x_wconf 85' lang='lat' dir='ltr'><strong>Marie</strong></span> <span class='ocrx_word' id='word_1_130' title='bbox 2364 1762 2401 1810; x_wconf 81' lang='grc' dir='ltr'><strong>ιο</strong></span> 
     </span>
     <span class='ocr_line' id='line_1_12' title="bbox 675 1848 2338 1936; baseline 0.001 -23"><span class='ocrx_word' id='word_1_131' title='bbox 675 1871 805 1936; x_wconf 89' lang='lat' dir='ltr'><strong>semper</strong></span> <span class='ocrx_word' id='word_1_132' title='bbox 834 1850 971 1935; x_wconf 86' lang='lat' dir='ltr'><strong>virginis</strong></span> <span class='ocrx_word' id='word_1_133' title='bbox 1000 1851 1096 1916; x_wconf 91' lang='lat' dir='ltr'><strong>sitam</strong></span> <span class='ocrx_word' id='word_1_134' title='bbox 1124 1852 1158 1915; x_wconf 96' lang='lat' dir='ltr'><strong>in</strong></span> <span class='ocrx_word' id='word_1_135' title='bbox 1183 1848 1320 1915; x_wconf 91' lang='lat' dir='ltr'><strong>Arolam</strong></span> <span class='ocrx_word' id='word_1_136' title='bbox 1348 1851 1545 1917; x_wconf 88' lang='lat' dir='ltr'><strong>tradidimus</strong></span> <span class='ocrx_word' id='word_1_137' title='bbox 1568 1854 1602 1917; x_wconf 94' lang='lat' dir='ltr'><strong>in</strong></span> <span class='ocrx_word' id='word_1_138' title='bbox 1633 1850 1784 1917; x_wconf 91' lang='lat' dir='ltr'><strong>manibus</strong></span> <span class='ocrx_word' id='word_1_139' title='bbox 1807 1848 2044 1916; x_wconf 87' lang='lat' dir='ltr'><strong>monachornm</strong></span> <span class='ocrx_word' id='word_1_140' title='bbox 2072 1851 2338 1936; x_wconf 88' lang='lat' dir='ltr'><strong>inperpetuum</strong></span> 
     </span>
     <span class='ocr_line' id='line_1_13' title="bbox 674 1953 2336 2042; baseline 0.001 -24"><span class='ocrx_word' id='word_1_141' title='bbox 674 1975 732 2038; x_wconf 92' lang='lat' dir='ltr'><strong>per</strong></span> <span class='ocrx_word' id='word_1_142' title='bbox 755 1973 838 2038; x_wconf 91' lang='lat' dir='ltr'><strong>opus</strong></span> <span class='ocrx_word' id='word_1_143' title='bbox 861 1963 895 2018; x_wconf 92' lang='lat' dir='ltr'><strong>et</strong></span> <span class='ocrx_word' id='word_1_144' title='bbox 917 1955 1085 2020; x_wconf 88' lang='lat' dir='ltr'><strong>servitium</strong></span> <span class='ocrx_word' id='word_1_145' title='bbox 1107 1954 1227 2040; x_wconf 85' lang='lat' dir='ltr'><strong>prefati</strong></span> <span class='ocrx_word' id='word_1_146' title='bbox 1243 1956 1444 2021; x_wconf 90' lang='lat' dir='ltr'><strong>monasterii.</strong></span> <span class='ocrx_word' id='word_1_147' title='bbox 1479 1955 1618 2042; x_wconf 88' lang='lat' dir='ltr'><strong>Insuper</strong></span> <span class='ocrx_word' id='word_1_148' title='bbox 1633 1963 1823 2042; x_wconf 87' lang='lat' dir='ltr'><strong>preceptum</strong></span> <span class='ocrx_word' id='word_1_149' title='bbox 1846 1963 1879 2019; x_wconf 93' lang='lat' dir='ltr'><strong>et</strong></span> <span class='ocrx_word' id='word_1_150' title='bbox 1894 1953 2040 2019; x_wconf 91' lang='lat' dir='ltr'><strong>bannum</strong></span> <span class='ocrx_word' id='word_1_151' title='bbox 2063 1955 2336 2039; x_wconf 89' lang='lat' dir='ltr'><strong>composuimus,</strong></span> 
     </span>
     <span class='ocr_line' id='line_1_14' title="bbox 675 2054 2336 2148; baseline 0.002 -29"><span class='ocrx_word' id='word_1_152' title='bbox 675 2057 703 2120; x_wconf 86' lang='lat' dir='ltr'><strong>ai</strong></span> <span class='ocrx_word' id='word_1_153' title='bbox 720 2057 794 2141; x_wconf 91' lang='lat' dir='ltr'><strong>quis</strong></span> <span class='ocrx_word' id='word_1_154' title='bbox 810 2054 863 2148; x_wconf 76' lang='lat' dir='ltr'><strong>rel</strong></span> <span class='ocrx_word' id='word_1_155' title='bbox 879 2057 1009 2122; x_wconf 85' lang='lat' dir='ltr'><strong>auferre</strong></span> <span class='ocrx_word' id='word_1_156' title='bbox 1024 2056 1077 2122; x_wconf 90' lang='lat' dir='ltr'><strong>vel</strong></span> <span class='ocrx_word' id='word_1_157' title='bbox 1093 2057 1202 2123; x_wconf 89' lang='lat' dir='ltr'><strong>ledere</strong></span> <span class='ocrx_word' id='word_1_158' title='bbox 1217 2079 1362 2144; x_wconf 89' lang='lat' dir='ltr'><strong>unquam</strong></span> <span class='ocrx_word' id='word_1_159' title='bbox 1379 2059 1526 2125; x_wconf 87' lang='lat' dir='ltr'><strong>studiose</strong></span> <span class='ocrx_word' id='word_1_160' title='bbox 1541 2058 1650 2132; x_wconf 89' lang='lat' dir='ltr'><strong>vellet,</strong></span> <span class='ocrx_word' id='word_1_161' title='bbox 1674 2067 1789 2123; x_wconf 90' lang='lat' dir='ltr'><strong>nostra</strong></span> <span class='ocrx_word' id='word_1_162' title='bbox 1803 2056 1903 2143; x_wconf 80' lang='lat' dir='ltr'><strong>legali</strong></span> <span class='ocrx_word' id='word_1_163' title='bbox 1918 2059 2063 2123; x_wconf 89' lang='lat' dir='ltr'><strong>iussione</strong></span> <span class='ocrx_word' id='word_1_164' title='bbox 2079 2057 2336 2143; x_wconf 89' lang='lat' dir='ltr'><strong>compositurus</strong></span> 
     </span>
     <span class='ocr_line' id='line_1_15' title="bbox 676 2157 2338 2248; baseline 0.003 -26"><span class='ocrx_word' id='word_1_165' title='bbox 676 2160 719 2223; x_wconf 88' lang='lat' dir='ltr'><strong>sit</strong></span> <span class='ocrx_word' id='word_1_166' title='bbox 742 2167 874 2223; x_wconf 90' lang='lat' dir='ltr'><strong>centum</strong></span> <span class='ocrx_word' id='word_1_167' title='bbox 897 2157 1000 2225; x_wconf 91' lang='lat' dir='ltr'><strong>libras</strong></span> <span class='ocrx_word' id='word_1_168' title='bbox 1023 2163 1094 2226; x_wconf 91' lang='lat' dir='ltr'><strong>auri</strong></span> <span class='ocrx_word' id='word_1_169' title='bbox 1119 2163 1245 2248; x_wconf 90' lang='lat' dir='ltr'><strong>optimi,</strong></span> <span class='ocrx_word' id='word_1_170' title='bbox 1269 2161 1482 2227; x_wconf 85' lang='lat' dir='ltr'><strong>medietatem</strong></span> <span class='ocrx_word' id='word_1_171' title='bbox 1504 2161 1643 2247; x_wconf 71' lang='lat' dir='ltr'><strong>ecclesie</strong></span> <span class='ocrx_word' id='word_1_172' title='bbox 1666 2160 1880 2227; x_wconf 89' lang='lat' dir='ltr'><strong>Vulturnensi</strong></span> <span class='ocrx_word' id='word_1_173' title='bbox 1903 2170 1936 2227; x_wconf 91' lang='lat' dir='ltr'><strong>et</strong></span> <span class='ocrx_word' id='word_1_174' title='bbox 1957 2160 2168 2226; x_wconf 89' lang='lat' dir='ltr'><strong>medietatem</strong></span> <span class='ocrx_word' id='word_1_175' title='bbox 2194 2181 2338 2227; x_wconf 87' lang='lat' dir='ltr'><strong>camere</strong></span> 
     </span>
     <span class='ocr_line' id='line_1_16' title="bbox 674 2263 2398 2353; baseline 0.001 -27"><span class='ocrx_word' id='word_1_176' title='bbox 674 2271 796 2328; x_wconf 90' lang='lat' dir='ltr'><strong>nostre.</strong></span> <span class='ocrx_word' id='word_1_177' title='bbox 819 2263 976 2329; x_wconf 85' lang='lat' dir='ltr'><strong>Preterea</strong></span> <span class='ocrx_word' id='word_1_178' title='bbox 997 2286 1118 2350; x_wconf 85' lang='lat' dir='ltr'><strong>ymago</strong></span> <span class='ocrx_word' id='word_1_179' title='bbox 1141 2267 1245 2332; x_wconf 89' lang='lat' dir='ltr'><strong>nostri</strong></span> <span class='ocrx_word' id='word_1_180' title='bbox 1268 2266 1380 2332; x_wconf 86' lang='lat' dir='ltr'><strong>vultus</strong></span> <span class='ocrx_word' id='word_1_181' title='bbox 1402 2265 1467 2331; x_wconf 88' lang='lat' dir='ltr'><strong>hac</strong></span> <span class='ocrx_word' id='word_1_182' title='bbox 1490 2274 1584 2332; x_wconf 89' lang='lat' dir='ltr'><strong>carta</strong></span> <span class='ocrx_word' id='word_1_183' title='bbox 1606 2288 1737 2353; x_wconf 87' lang='lat' dir='ltr'><strong>semper</strong></span> <span class='ocrx_word' id='word_1_184' title='bbox 1757 2263 1921 2331; x_wconf 86' lang='lat' dir='ltr'><strong>habeatnr</strong></span> <span class='ocrx_word' id='word_1_185' title='bbox 1942 2264 1976 2328; x_wconf 92' lang='lat' dir='ltr'><strong>in</strong></span> <span class='ocrx_word' id='word_1_186' title='bbox 1998 2272 2093 2329; x_wconf 88' lang='lat' dir='ltr'><strong>teste.</strong></span> <span class='ocrx_word' id='word_1_187' title='bbox 2363 2281 2398 2329; x_wconf 73' lang='grc' dir='ltr'><strong>ιτ»</strong></span> 
     </span>
    </p>
   </div>
   <div class='ocr_carea' id='block_1_3' title="bbox 676 2399 2338 2716">
    <p class='ocr_par' dir='ltr' id='par_1_3' title="bbox 676 2399 2338 2716">
     <span class='ocr_line' id='line_1_17' title="bbox 780 2399 2338 2492; baseline 0.003 -28"><span class='ocrx_word' id='word_1_188' title='bbox 780 2400 871 2466; x_wconf 87' lang='lat' dir='ltr'><strong>Data</strong></span> <span class='ocrx_word' id='word_1_189' title='bbox 893 2418 948 2481; x_wconf 70' lang='lat'>1111</span> <span class='ocrx_word' id='word_1_190' title='bbox 976 2399 1019 2466; x_wconf 92' lang='lat' dir='ltr'><strong>id.</strong></span> <span class='ocrx_word' id='word_1_191' title='bbox 1044 2403 1110 2468; x_wconf 91' lang='lat' dir='ltr'><strong>iun.</strong></span> <span class='ocrx_word' id='word_1_192' title='bbox 1143 2425 1229 2468; x_wconf 91' lang='lat' dir='ltr'><strong>anno</strong></span> <span class='ocrx_word' id='word_1_193' title='bbox 1259 2402 1390 2469; x_wconf 83' lang='lat' dir='ltr'><strong>Christo</strong></span> <span class='ocrx_word' id='word_1_194' title='bbox 1421 2405 1564 2490; x_wconf 91' lang='lat' dir='ltr'><strong>propitio</strong></span> <span class='ocrx_word' id='word_1_195' title='bbox 1595 2413 1713 2491; x_wconf 89' lang='lat' dir='ltr'><strong>quarto</strong></span> <span class='ocrx_word' id='word_1_196' title='bbox 1741 2405 1869 2492; x_wconf 92' lang='lat' dir='ltr'><strong>imperii</strong></span> <span class='ocrx_word' id='word_1_197' title='bbox 1898 2404 2010 2470; x_wconf 91' lang='lat' dir='ltr'><strong>domni</strong></span> <span class='ocrx_word' id='word_1_198' title='bbox 2037 2403 2145 2488; x_wconf 92' lang='lat' dir='ltr'><strong>Pipini</strong></span> <span class='ocrx_word' id='word_1_199' title='bbox 2181 2404 2338 2488; x_wconf 88' lang='lat' dir='ltr'><strong>piissimi</strong></span> 
     </span>
     <span class='ocr_line' id='line_1_18' title="bbox 676 2504 2167 2595; baseline 0.001 -24"><span class='ocrx_word' id='word_1_200' title='bbox 676 2504 820 2588; x_wconf 77' lang='lat' dir='ltr'><strong>angusti,</strong></span> <span class='ocrx_word' id='word_1_201' title='bbox 843 2505 1024 2572; x_wconf 90' lang='lat' dir='ltr'><strong>indictione</strong></span> <span class='ocrx_word' id='word_1_202' title='bbox 1046 2525 1087 2589; x_wconf 84' lang='lat' dir='ltr'><strong>x3</strong></span> <span class='ocrx_word' id='word_1_203' title='bbox 1110 2516 1222 2574; x_wconf 90' lang='lat' dir='ltr'><strong>actum</strong></span> <span class='ocrx_word' id='word_1_204' title='bbox 1244 2509 1277 2573; x_wconf 94' lang='lat' dir='ltr'><strong>in</strong></span> <span class='ocrx_word' id='word_1_205' title='bbox 1300 2509 1463 2574; x_wconf 91' lang='lat' dir='ltr'><strong>comitatu</strong></span> <span class='ocrx_word' id='word_1_206' title='bbox 1485 2510 1700 2595; x_wconf 89' lang='lat' dir='ltr'><strong>Aprutiense;</strong></span> <span class='ocrx_word' id='word_1_207' title='bbox 1728 2508 1762 2573; x_wconf 94' lang='lat' dir='ltr'><strong>in</strong></span> <span class='ocrx_word' id='word_1_208' title='bbox 1785 2508 1837 2574; x_wconf 92' lang='lat' dir='ltr'><strong>dei</strong></span> <span class='ocrx_word' id='word_1_209' title='bbox 1860 2509 1993 2574; x_wconf 93' lang='lat' dir='ltr'><strong>nomine</strong></span> <span class='ocrx_word' id='word_1_210' title='bbox 2016 2506 2167 2573; x_wconf 85' lang='lat' dir='ltr'><strong>feliciter.</strong></span> 
     </span>
     <span class='ocr_line' id='line_1_19' title="bbox 780 2625 1600 2716; baseline 0.004 -26"><span class='ocrx_word' id='word_1_211' title='bbox 780 2630 846 2705; x_wconf 79' lang='lat' dir='ltr'><strong>(M.)</strong></span> <span class='ocrx_word' id='word_1_212' title='bbox 869 2625 1005 2713; x_wconf 86' lang='lat' dir='ltr'><strong>Signum</strong></span> <span class='ocrx_word' id='word_1_213' title='bbox 1028 2629 1134 2716; x_wconf 92' lang='lat' dir='ltr'><strong>Pipini</strong></span> <span class='ocrx_word' id='word_1_214' title='bbox 1159 2630 1358 2696; x_wconf 90' lang='lat' dir='ltr'><strong>serenissimi</strong></span> <span class='ocrx_word' id='word_1_215' title='bbox 1381 2632 1600 2716; x_wconf 88' lang='lat' dir='ltr'><strong>imperatoris.</strong></span> 
     </span>
    </p>
   </div>
   <div class='ocr_carea' id='block_1_4' title="bbox 753 2813 1164 2887">
    <p class='ocr_par' dir='ltr' id='par_1_4' title="bbox 753 2773 1164 2887">
     <span class='ocr_line' id='line_1_20' title="bbox 753 2813 1164 2887; baseline 0.002 -18"><span class='ocrx_word' id='word_1_216' title='bbox 753 2815 812 2871; x_wconf 81' lang='lat' dir='ltr'><strong>ena</strong></span> <span class='ocrx_word' id='word_1_217' title='bbox 832 2819 858 2886; x_wconf 72' lang='grc' dir='ltr'><strong>ι)</strong></span> <span class='ocrx_word' id='word_1_218' title='bbox 875 2833 947 2872; x_wconf 71' lang='lat' dir='ltr'><strong>corr.</strong></span> <span class='ocrx_word' id='word_1_219' title='bbox 966 2832 1020 2871; x_wconf 72' lang='lat' dir='ltr'><strong>aas</strong></span> <span class='ocrx_word' id='word_1_220' title='bbox 1038 2824 1137 2887; x_wconf 65' lang='lat' dir='ltr'><strong>epae</strong></span> <span class='ocrx_word' id='word_1_221' title='bbox 1161 2813 1164 2819; x_wconf 85' lang='grc'><strong>’</strong></span> 
     </span>
    </p>
   </div>
   <div class='ocr_carea' id='block_1_5' title="bbox 0 0 2826 7159">
    <p class='ocr_par' dir='ltr' id='par_1_5' title="bbox 0 0 2826 7159">
     <span class='ocr_line' id='line_1_21' title="bbox 0 0 2826 7159; baseline 0 2"><span class='ocrx_word' id='word_1_222' title='bbox 0 0 2826 7159; x_wconf 95' lang='lat' dir='ltr'><strong> </strong></span> 
     </span>
    </p>
   </div>
  </div>
 </body>
</html>
