5642 7159
1081 742 1200 801 KARL
1223 742 1310 801 BER
1331 742 1495 802 cnossi}
1520 736 1590 801 787.
2094 739 2153 803 341

615 948 687 997 Data
710 938 828 996 octavo
852 944 982 997 kalendas
1003 930 1110 993 maian
1135 959 1205 994 anno
1227 960 1244 993 6
1266 944 1368 995 decimo
1391 950 1418 995 et
1440 950 1535 1009 quarto
1559 944 1661 995 decimo
1685 946 1759 1011 regui
1783 945 1875 1009 nostri,
1902 928 2081 995 indictione
2104 947 2157 1011 Xl3

512 1057 601 1103 aetum
623 1036 760 1101 civitate
783 1034 917 1129 Caputt3
941 1052 969 1100 in
992 1051 1034 1101 dei
1056 1049 1164 1105 nornine
1186 1048 1300 1109 feliciter
1322 1031 1422 1107 amea¹‚

1297 1336 1385 1413 263.

1248 1480 1425 1557 (066666.)

472 1642 488 1690 s
512 1620 606 1691 Karl
624 1622 688 1691 (ter
710 1618 837 1691 Gresse
857 1619 1014 1709 66666096
1032 1622 1109 1690 dem
1127 1619 1271 1691 Klester
1288 1620 1358 1694 Mu
1369 1621 1618 1692 interneciuo
1639 1622 1703 1691 066
1723 1644 1787 1691 666
1807 1619 1944 1711 Herzog
1963 1617 2157 1691 [taetrum

507 1742 705 1831 9666666666
731 1741 875 1813 Kloster
901 1740 951 1811 St.
971 1740 1095 1811 666666
1123 1743 1160 1811 ic
1189 1741 1374 1813 Maeuium
1400 1743 1476 1813 arrd
1501 1743 1645 1815 ucrlcilrt
1669 1742 1856 1815 Eremiien
1883 1765 1948 1815 666
1976 1744 2040 1813 der
2065 1740 2156 1813 ruell-

511 1863 621 1936 tielteit
654 1861 789 1935 Gemuit
816 1864 880 1934 6ιὶ6
905 1862 1132 1956 1696666066.

1732 1968 1838 2043 capua
1861 1970 1925 2028 787
1948 1968 2038 2041 April
2060 1966 2111 2026 24.

610 2162 695 2220 Petri
717 2162 847 2220 Diaron-i
868 2163 1043 2236 1669666666
1067 2160 1166 2221 Casia.
1191 2180 1249 2221 aas
1272 2162 1325 2219 cler
1347 2160 1436 2220 Mitte
1458 2161 1507 2220 aes
1532 2165 1583 2221 12.
1602 2162 1653 2222 Jt.
1679 2160 1703 2235 f.
1722 2164 1761 2220 44
1785 2160 1961 2220 a⁰102im
1984 2156 2155 2217 Arcturum

455 2280 487 2328 10
613 2267 834 2326 Montecassino
856 2266 919 2344 (B).

615 2407 697 2467 Posti
723 2406 825 2467 866666
852 2406 885 2464 di
914 2406 1133 2466 61666666εεὶ66
1162 2413 1192 2478 1,
1220 2409 1262 2467 93
1290 2423 1348 2465 aas
1377 2407 1407 2464 B
1443 2428 1483 2460 =
1513 2407 1615 2478 lilipne
1645 2405 1757 2467 Patrai.
1781 2408 1832 2474 97,
1863 2407 1947 2463 1040
1975 2410 2009 2461 a⁰
2027 2408 2079 2463 27.
2114 2436 2155 2445 -

610 2510 804 2570 6166166666
825 2511 896 2584 Rea.
918 2513 985 2571 288
1008 2508 1107 2589 (279).

614 2650 979 2723 Zusammemesctwetsst
1001 2665 1058 2708 aus
1080 2652 1101 2710 3
1125 2649 1223 2707 eristen
1251 2649 1430 2709 Urtendea:
1465 2650 1519 2709 das
1542 2650 1692 2709 Protolmll
1714 2653 1768 2709 urit
1795 2652 1847 2710 der
1869 2652 1990 2725 Areapc
2013 2652 2076 2709 666
2099 2651 2153 2711 des

615 2755 801 2814 Eschatotett
822 2754 893 2813 sind
914 2754 967 2813 der
993 2754 1136 2815 verunae
1159 2754 1252 2813 Karls
1275 2754 1305 2813 d.
1333 2754 1386 2813 Gr.
1409 2759 1444 2811 n⁰
1464 2757 1527 2815 168
1558 2755 1638 2832 (Vn.
1663 2755 1758 2828 1696.
1782 2755 1830 2814 dte
1856 2754 2091 2829 Verbemertaap
2113 2774 2154 2814 ru

611 2864 644 2916 6ο
662 2857 740 2937 242)
764 2863 958 2927 6666666666,
993 2859 1046 2917 der
1068 2856 1204 2933 folpeade
1229 2858 1313 2918 naeu
1335 2859 1379 2917 bis
1402 2860 1566 2934 perenniter
1588 2877 1753 2920 mansurum
1782 2860 1837 2917 der
1862 2860 2004 2920 Urtuadc
2030 2860 2112 2920 Ottos
2135 2860 2154 2918 1

609 2981 665 3022 666
692 2967 756 3024 970
778 2963 847 3021 Mai
867 2964 920 3032 25,
950 2962 994 3022 M.
1024 2962 1060 3022 G.
1083 2962 1154 3021 DD.
1178 2968 1209 3033 1,
1238 2965 1301 3023 638
1322 2969 1356 3021 „a
1375 2966 1440 3024 396
1463 2964 1544 3041 (VU.
1568 2962 1628 3039 ΙΙ),
1663 2964 1716 3021 der
1738 2964 1858 3024 Sclrlass
1887 2964 1937 3023 cies
1967 2965 2070 3024 Teates
2100 2981 2155 3023 666

610 3067 701 3128 servis
734 3069 763 3127 et
796 3066 910 3126 ancillis
944 3068 977 3124 in
1011 3067 1064 3125 der
1092 3065 1362 3139 Pertinenasormel
1394 3069 1475 3125 einer
1509 3069 1642 3127 anderen
1675 3068 1817 3128 Urtuntic
1849 3067 1930 3127 Ottos
1954 3069 1977 3127 I
2004 3086 2060 3127 666
2091 3072 2154 3129 964

609 3172 696 3231 Febr.
723 3176 774 3241 24,
799 3173 842 3232 Μ.
870 3170 906 3230 0.
930 3170 1002 3231 DD.
1026 3178 1056 3242 1,
1080 3174 1144 3231 374
1166 3176 1201 3229 „e
1217 3175 1284 3233 262
1313 3172 1439 3249 (durans
1462 3173 1539 3231 curli
1561 3172 1614 3230 der
1637 3171 1854 3245 Sclrreibfctlcr
1876 3172 2055 3233 stabiliemus
2081 3176 2154 3231 stult

608 3275 783 3354 stabilimus)
808 3276 890 3350 (VU.
907 3276 988 3351 ΙΙΙ).
1012 3275 1071 3335 Dic
1094 3274 1270 3349 8666616669
1293 3276 1347 3334 der
1371 3276 1451 3333 Zeile
1473 3278 1506 3334 in
1530 3278 1687 3335 Mauriais
1711 3277 1804 3336 durch
1827 3278 1943 3350 Hereep
1967 3276 2154 3335 Hildebraad

608 3380 671 3452 auf
699 3380 902 3454 Vcrweadunp
929 3380 979 3440 des
1008 3380 1133 3438 6666666
1156 3380 1319 3453 Benjarnia
1347 3382 1385 3439 ist
1415 3380 1509 3438 daret
1535 3380 1583 3438 die
1609 3381 1752 3440 0666666
1774 3380 1919 3453 6606696
1942 3380 1983 3438 ΙΙ
2005 3397 2061 3438 con
2091 3383 2154 3440 874

610 3486 706 3556 Mare,
744 3483 940 3543 Metltacter
965 3484 1036 3556 1669.
1061 3486 1148 3544 1262
1176 3480 1298 3562 (1227),
1333 3485 1468 3557 6666696,
1502 3484 1545 3542 sie
1577 3484 1653 3542 66·ιο
1685 3484 1762 3542 auct
1792 3486 1856 3543 043
1884 3501 1940 3542 666
1968 3484 2056 3557 Harpe
2090 3483 2155 3541 666

608 3590 731 3660 Latiar,
759 3588 889 3657 Gattola·
902 3590 1090 3647 Accessiones
1114 3590 1155 3648 49
1180 3586 1354 3665 (Originae),
1379 3592 1444 3648 968
1466 3605 1521 3645 con
1546 3588 1611 3646 Otto
1634 3588 1660 3657 1,
1685 3587 1729 3649 lli,
1750 3587 1873 3647 0.]71).
1891 3594 1921 3658 1,
1945 3592 2008 3647 496
2031 3594 2065 3645 a⁰
2079 3590 2152 3663 360,

607 3695 745 3766 66666096
767 3692 821 3766 eet.
848 3693 896 3751 die
921 3691 1275 3751 Gericbtsartaadevon
1296 3692 1390 3762 1022,
1419 3692 1541 3751 Gattola
1564 3694 1644 3752 Hist.
1669 3692 1788 3752 Cassia.
1814 3698 1864 3753 77.
1905 3695 2005 3751 Elaea
2027 3694 2153 3767 susem

609 3797 662 3856 der
688 3797 1398 3871 6666666Μο69611966613666666666·
1422 3798 1552 3856 Chre-ait·
1573 3798 1599 3869 1,
1624 3802 1676 3877 39,
1702 3799 1746 3859 Μ.
1774 3798 1811 3857 0.
1836 3796 1889 3857 88.
1915 3802 1944 3867 7,
1970 3800 2042 3867 608,
2066 3798 2151 3855 aller·

608 3902 695 3974 clines
717 3904 772 3959 mit
795 3902 846 3959 der
870 3902 982 3961 Zatbat
1006 3904 1088 3960 einer
1112 3900 1429 3975 Grenrbescltreibaap,
1460 3920 1491 3960 cr
1514 3900 1583 3975 sript
1606 3903 1661 3973 bei,
1686 3903 1755 3961 dass
1779 3904 1827 3960 die
1851 3902 2026 3975 Sctcnlccap
2051 3902 2153 3960 Hilde-

609 4005 719 4064 bramts
742 4010 867 4080 tempere
881 4005 980 4066 Karoli
1003 4005 1082 4081 regis
1104 4009 1170 4066 ante
1193 4010 1304 4065 centum
1328 4006 1442 4067 circiter
1464 4024 1556 4065 annos
1579 4004 1686 4079 erfctpt
1709 4008 1763 4076 sei,
1786 4007 1860 4065 6666
1882 4007 1953 4065 aber
1974 4006 2050 4064 aacb
2073 4006 2153 4064 cticsc

607 4110 774 4185 anpcblicbe
796 4111 993 4186 Bestdtipaaq
1014 4111 1108 4170 Karls
1131 4110 1159 4169 d.
1187 4108 1239 4169 Gr.
1263 4129 1304 4168 ca
1327 4111 1493 4169 66666666.

607 4315 639 4364 Iu
662 4316 768 4365 tremine
791 4314 890 4363 domiai
919 4316 1002 4363 nostri
1026 4315 1085 4364 Iesu
1110 4314 1208 4363 Christi
1232 4313 1273 4363 dei
1296 4316 1389 4364 eterni.
1427 4314 1539 4364 Carolus
1562 4316 1649 4381 gratia
1672 4313 1714 4364 dei
1738 4330 1784 4364 rex
1806 4314 1971 4365 Francorum
1994 4320 2020 4365 et
2043 4316 2148 4381 Lango-
2171 4316 2183 4364 l

502 4420 645 4470 bardorum
668 4436 700 4469 ac
721 4422 849 4485 patricius
871 4420 1053 4470 Romanorum
1076 4420 1199 4470 omuibus
1222 4422 1355 4484 episcopis
1377 4420 1521 4470 abbatibus
1545 4419 1659 4469 ducibus
1683 4419 1825 4469 comitibus
1852 4418 1986 4469 iudicibus
2009 4419 2148 4485 gastaldiis

449 4525 482 4574 30
504 4526 657 4574 actionariis
680 4525 787 4574 vicariis
803 4525 962 4575 centenariis
984 4524 1027 4574 vel
1043 4524 1152 4589 reliquis
1174 4522 1298 4574 fidelibus
1313 4527 1411 4574 nostris
1435 4526 1603 4589 presentibus
1626 4525 1728 4575 scilicet
1751 4530 1777 4575 et
1792 4526 1898 4575 futuris.
2003 4526 2148 4575 Maximum

503 4631 577 4694 regni
600 4629 684 4678 nostri
706 4630 734 4677 in
756 4628 807 4679 hoc
830 4644 927 4695 augere
950 4629 1082 4680 credimus
1105 4629 1305 4691 munimentum,
1335 4631 1357 4677 si
1380 4630 1555 4693 petitionibus
1582 4628 1748 4679 sacerdotum
1778 4634 1857 4695 atque
1881 4644 2017 4680 servorum
2040 4630 2091 4692 dei,
2123 4631 2150 4679 iu

502 4750 554 4799 qne
578 4736 676 4784 nostris
691 4735 802 4786 auribus
825 4734 924 4785 fuerint
938 4733 1050 4799 prolate,
1072 4734 1166 4784 libenti
1190 4736 1277 4784 aniiuo
1301 4728 1536 4799 obtemperamus*
1558 4740 1637 4801 atque
1658 4735 1692 4785 ad
1716 4734 1838 4786 effectum
1857 4734 2028 4800 perducimus
2050 4736 2149 4799 regiam

502 4838 720 4888 consuetudinem
751 4846 912 4902 exercentes,
941 4846 967 4889 et
994 4839 1045 4889 lroc
1074 4840 1152 4888 nobis
1174 4838 1209 4888 ed
1237 4840 1366 4889 mercedis
1389 4846 1561 4905 augimentum
1590 4839 1632 4891 vel
1655 4840 1828 4891 stabilitatem
1851 4841 1925 4905 regui
1949 4840 2033 4890 nostri
2055 4840 2083 4888 in
2105 4839 2147 4890 dei

501 4943 608 4991 nomine
635 4943 769 5007 pertinere
797 4942 963 4993 confidimus.
1007 4942 1093 5008 Igitur
1122 4947 1278 4993 cunctorum
1301 4942 1420 4993 fidelium
1450 4952 1541 4995 sancte
1564 4944 1606 4995 dei
1636 4944 1746 4995 ecclesie
1769 4949 1972 5009 nestrorumque
2003 4948 2148 5009 cognoscat
2170 4944 2196 4992 11

446 5044 479 5092 36
501 5044 628 5106 sollertia,
651 5047 715 5111 quia
730 5047 770 5095 vir
786 5046 947 5096 venerabilis
968 5030 1175 5096 Theodemnr
1198 5048 1283 5097 abbas
1298 5064 1312 5096 ιι
1329 5050 1413 5098 sancti
1431 5049 1569 5099 Benedicti
1592 5032 1633 5099 de
1656 5054 1743 5099 castro
1760 5050 1864 5112 Casino,
1887 5049 1934 5099 nbi
1950 5050 2006 5113 ipse
2030 5049 2148 5113 corporis

501 5148 638 5213 sepulture
659 5149 748 5200 locum
764 5132 959 5201 venerationeb
982 5151 1089 5213 dicavit,
1113 5168 1173 5201 cum
1189 5157 1286 5201 cuncta
1308 5154 1523 5218 congregatione,
1546 5169 1598 5218 que
1620 5155 1648 5204 in
1664 5154 1756 5205 eodem
1778 5153 1837 5204 loco
1861 5154 1911 5203 sub
1933 5152 2027 5218 regula
2042 5151 2149 5202 almifici

501 5252 661 5303 contessoris
676 5246 885 5318 omnipotentis⁸
900 5254 943 5304 dei
958 5254 1097 5305 Benedicti
1113 5256 1242 5306 veraciter
1256 5256 1370 5306 militare
1386 5260 1568 5321 cognovimus,
1592 5260 1720 5309 miserunt
1735 5257 1770 5308 ad
1785 5252 1933 5307 nostram
1949 5243 2149 5327 presentiam

499 5339 674 5406 Beniamin
706 5341 905 5407 monachum
932 5343 1137 5429 postulantes
1167 5366 1285 5410 uestrum
1307 5360 1500 5424 celsitudinem,
1536 5368 1565 5412 ut
1593 5363 1627 5412 ub
1650 5348 1728 5411 Iesu
1751 5345 1872 5412 Christi
1903 5346 2023 5411 domini
2047 5346 2148 5410 nostri

499 5447 671 5532 sanctique
700 5446 872 5513 Benedicti
900 5465 1049 5514 reverentia
1079 5470 1106 5514 et
1134 5466 1221 5515 auime
1251 5471 1342 5515 nostre
1369 5465 1490 5515 mercede
1520 5466 1554 5515 aa
1583 5474 1753 5531 augmentum
1788 5452 2005 5537 suprascripti
2036 5470 2148 5513 mona·

445 5565 479 5613 to
503 5550 591 5614 nterii
615 5571 641 5615 et
671 5567 884 5631 supplementum
912 5584 928 5615 ιι
951 5568 1068 5618 eiusdem
1096 5586 1112 5616 ιι
1139 5569 1192 5619 leci
1223 5554 1490 5619 confirmaremus
1519 5571 1547 5617 in
1577 5570 1669 5620 eodem
1698 5576 1790 5620 sancto
1820 5571 1931 5621 cenobio
1961 5571 2149 5620 monasterium

500 5661 613 5717 sancte
635 5653 740 5719 Marie
762 5656 796 5718 in
818 5654 994 5739 staurium,
1020 5657 1106 5720 sicut
1129 5656 1347 5722 Ildebrandus
1373 5656 1441 5722 dux
1465 5658 1498 5721 in
1521 5658 1636 5723 eodem
1659 5658 1797 5723 cenobio
1814 5659 1982 5724 Casinensi
2009 5660 2149 5723 offeruit.

499 5774 619 5834 Quorum
641 5775 784 5839 petitiones
806 5790 856 5825 nos
887 5758 928 5823 ob
953 5778 1040 5825 ιιιιίιιιιι
1062 5782 1151 5827 nostre
1174 5777 1321 5827 mercedem
1345 5762 1389 5826 nd
1411 5772 1623 5846 augmentum
1648 5763 1731 5829 tanti
1755 5763 1818 5828 loci
1843 5778 1991 5843 proficuum
2014 5786 2087 5828 esse
2110 5794 2149 5828 re-

575 5944 635 6000 242.
655 5947 675 6012 i)
693 5946 822 6000 deriserit
841 5946 887 6001 die
905 5948 1061 6015 elucidare
1080 5949 1281 6019 Siepellepeade
1299 5954 1412 6005 Carolus
1432 5956 1519 6020 gratis
1536 5954 1579 6004 dei
1598 5956 1743 6019 imperator
1761 5960 1897 6020 angustus.

575 6066 635 6123 nin.
654 6070 681 6138 a)
700 6077 914 6139 optemperamus
934 6072 960 6125 B
1030 6074 1058 6140 b)
1076 6078 1214 6126 vetatione
1233 6074 1259 6127 B
1328 6078 1353 6141 c]
1374 6078 1552 6143 omnipotenti
1571 6075 1598 6129 Β
1668 6076 1696 6142 d)
1714 6078 1840 6127 imaurini
1861 6075 1886 6127 B
1940 6046 1941 6051 Ἰ
