5642 7159
660 745 725 810 270
1264 745 1707 807 ΚΔΙΒΕΒΠΒΚΠΝΒΕΝ.

764 935 902 1019 Signum
926 933 1012 1016 (ld.)¹
1036 933 1147 1001 Caroli
1169 933 1400 1019 gloriosissimi
1423 933 1642 1020 imperatoris.

763 1074 960 1160 Hagdingus
984 1073 1158 1138 advicemy
1180 1071 1423 1139 Ercembaldi¹.

762 1213 854 1278 Data
874 1211 920 1276 id.
942 1219 1075 1296 august.
1114 1213 1184 1298 <in'
1214 1232 1309 1276 sacro
1337 1211 1462 1298 palatio
1491 1207 1623 1295 nostro)
1662 1232 1747 1275 anno
1772 1229 1812 1274 111
1842 1209 1973 1277 Christo
2007 1184 2150 1298 propitio
2181 1211 2310 1298 imperii

660 1318 788 1384 nostri·
811 1315 868 1401 [et]
891 1332 1007 1380 xxxm
1030 1316 1122 1401 regni
1145 1316 1248 1381 nostri
1270 1317 1305 1380 in
1329 1315 1473 1380 Francia
1496 1324 1530 1380 et
1553 1332 1666 1378 xxvm
1690 1317 1722 1379 in
1746 1314 1862 1396 Itelia3
1885 1325 1994 1381 actum
2021 1315 2142 1381 Saleio.

1444 1658 1532 1736 201.
2333 1687 2351 1733 s

659 1825 755 1897 Kerl
781 1825 845 1895 der
884 1821 1013 1893 Grosee
1044 1820 1189 1891 verleiht
1221 1821 1300 1891 dem
1332 1819 1567 1892 Patriarchert
1593 1820 1771 1891 Fortunat
1804 1843 1869 1891 voe
1910 1819 2057 1892 Grcdo
2092 1818 2311 1907 Zollfreihet‘t

658 1947 722 2036 fiir
748 1946 823 2017 eder·
849 1942 988 2031 Schiffe.

2051 2079 2094 2089 ιι-
2138 2078 2179 2088 -ι
2222 2071 2263 2086 ⁴-—

764 2235 834 2300 Ood.
853 2239 1034 2297 Trevisnuus
1056 2253 1113 2295 nus
1136 2236 1201 2294 dem
1217 2235 1304 2294 Faue
1327 2235 1377 2295 des
1399 2238 1451 2296 15.
1468 2237 1540 2296 oder
1555 2236 1681 2312 Ausone
1702 2238 1753 2297 des
1768 2241 1820 2300 16.
1838 2239 1891 2300 Jh.
1917 2237 1942 2311 f.
1959 2243 1999 2300 19
2022 2243 2057 2296 a⁰
2072 2241 2112 2298 tt
2135 2235 2310 2296 00070013-

762 2344 864 2404 archiv
885 2361 925 2401 eu
952 2341 1080 2415 Venedu
1103 2339 1169 2419 (Β).
2336 2355 2369 2403 10

762 2482 858 2541 Sictet
879 2481 974 2540 Beitr.
998 2497 1025 2541 ε.
1042 2479 1126 2552 Dipt.
1148 2478 1177 2537 V
1197 2480 1315 2540 Wiem
1337 2478 1399 2540 ΒΒ.
1416 2483 1467 2549 49,
1492 2481 1556 2539 398
1578 2482 1647 2538 01⁰8
1671 2477 1882 2556 (Sonderobdr.
1900 2479 1954 2556 90)
1978 2497 2035 2539 aus
2058 2479 2087 2537 B
2110 2501 2151 2534 =
2174 2479 2311 2538 Keadler

765 2585 828 2645 OD.
845 2586 978 2644 Istriano
999 2601 1040 2641 ru
1062 2585 1135 2643 805.
1160 2615 1201 2627 -
1225 2581 1427 2656 Arrlrcopruso
1453 2583 1556 2643 Triest.
1573 2583 1612 2642 N.
1631 2583 1661 2644 S.
1678 2589 1708 2655 3,
1732 2587 1797 2646 352
1816 2588 1887 2644 102
1907 2601 1964 2643 eus
1987 2582 2181 2657 Aeschriftert
2202 2601 2258 2642 eeu
2281 2584 2311 2643 B

765 2688 839 2767 (ou.
862 2687 923 2759 IX,
947 2689 1008 2747 181
1033 2703 1056 2745 c.
1081 2691 1124 2747 17
1145 2687 1210 2745 und
1231 2690 1295 2747 310
1313 2704 1347 2760 p.
1367 2690 1409 2746 24
1434 2687 1487 2745 der
1509 2687 1790 2747 Murcusbiblr'othek
1812 2707 1853 2747 eu
1880 2687 2029 2767 Venedip).
2056 2722 2095 2734 -
2118 2689 2312 2748 Mdhlbeeher

763 2795 836 2867 Rep.
861 2796 921 2853 401
947 2790 1047 2867 (393).

771 2931 1022 2994 Wahrechet'alieh
1046 2930 1230 3005 pleiclreeitr’p
1256 2933 1311 2989 mit
1339 2935 1373 2989 πθ
1392 2934 1467 2991 200.
1513 2930 1703 3010 Interpolirt,
1739 2932 1794 2989 wie
1816 2930 1892 2989 euch
1922 2930 1969 2989 die
1991 2930 2210 3004 Formatiruup
2240 2931 2311 3009 (nou
2336 2944 2370 2994 to

763 3037 855 3096 solum
881 3071 915 3080 —
949 3052 1045 3094 verum
1068 3034 1154 3094 etism
1187 3034 1252 3093 und
1280 3034 1334 3092 der
1355 3035 1452 3094 Name
1473 3034 1523 3094 des
1546 3035 1735 3094 Fortunatus
1759 3036 1833 3094 olene
1847 3035 1939 3110 jeder
1961 3036 2095 3109 Beisatr)
2121 3037 2223 3108 erpibt,
2258 3035 2312 3094 der

763 3141 835 3201 sate
861 3141 924 3199 Hoc
956 3141 1050 3198 antem
1087 3171 1125 3182 -
1160 3139 1354 3212 concedimus,
1388 3139 1442 3197 der
1477 3139 1524 3196 die
1550 3139 1741 3198 Fortunatus
1770 3139 1942 3212 persultet
1973 3139 2106 3213 pelteude
2134 3139 2311 3212 Verleihurtp

764 3244 829 3316 auf
846 3244 948 3303 descen
970 3241 1152 3316 Nachfolper
1173 3221 1337 3316 cardetum
1374 3243 1423 3302 die
1448 3241 1710 3317 Zottbefreiuapeu
1739 3242 1910 3302 ἀαιεεεειάεν
1934 3243 2064 3317 (terrane
2087 3241 2143 3316 fdr
2160 3243 2311 3316 peistlt‘clre

762 3345 1017 3422 Kdrpersrhufteu
1051 3348 1192 3407 sedimen
1213 3348 1276 3407 sich
1308 3347 1387 3406 ciues
1416 3347 1548 3406 anderen
1570 3347 1749 3408 Formulers
1777 3347 1831 3422 opt.
1856 3352 2178 3420 0122137192.
2223 3347 2311 3407 Auch

764 3453 873 3512 eadm
894 3454 926 3510 iu
956 3451 1106 3511 derselbert
1130 3452 1231 3528 Quelte
1258 3450 1450 3524 abcrlieferte
1477 3453 1641 3512 Urhundert
1669 3449 1726 3525 sar
1752 3452 1855 3513 Gradu
1881 3454 1952 3512 sind
1977 3454 2032 3512 mit
2061 3454 2214 3512 dielichen
2241 3453 2310 3511 Ver·
2335 3466 2371 3515 ‘to

763 3559 970 3630 uueettuupea
999 3557 1175 3628 durehsetrt,
1210 3575 1242 3617 so
1272 3558 1321 3616 die
1348 3557 1490 3618 Urkurtde
1513 3558 1607 3617 Kurls
1630 3558 1659 3618 d.
1688 3557 1741 3618 Gr.
1765 3563 1799 3616 rs⁰
1818 3561 1883 3620 200
1911 3558 1977 3616 und
2006 3559 2040 3616 ia
2067 3557 2124 3616 viel
2148 3563 2312 3631 presserem

763 3663 864 3722 Messe
879 3664 950 3736 jene
975 3660 1057 3721 Ottos
1080 3662 1122 3720 ΙΙ
1138 3662 1182 3724 Μ.
1210 3661 1246 3722 G.
1271 3661 1342 3723 DD.
1365 3665 1397 3732 2,
1422 3664 1463 3720 86
1485 3667 1520 3720 u⁰
1535 3666 1586 3723 71.

763 3868 802 3933 ln
825 3868 957 3934 nomine
979 3866 1083 3953 patris
1108 3875 1141 3931 et
1162 3866 1219 3931 filii
1243 3876 1276 3932 et
1298 3866 1433 3953 spiritus
1457 3868 1562 3931 sancti
1587 3889 1693 3931 amen.
1728 3865 1874 3932 Karolus
1898 3868 2127 3933 serenissimus
2150 3876 2310 3953 augustus

661 3996 682 4039 e
705 3971 766 4037 deo
795 3979 972 4037 coronatus
996 3991 1136 4055 magnus
1170 3969 1330 4056 pacificus
1355 3972 1535 4056 imperator
1557 3971 1742 4036 Romanum
1765 3969 1954 4057 gubernans
1985 3973 2166 4058 imperium,
2198 3971 2311 4056 quiet

661 4099 721 4163 per
748 4075 1008 4140 misericordiam
1037 4073 1089 4138 dei
1118 4097 1179 4138 rex
1206 4075 1433 4138 Francorum·
1467 4083 1500 4138 et
1531 4073 1838 4159 Longobardornm.
1966 4074 2128 4142 Omnibus
2156 4074 2309 4140 fidelibus
2334 4089 2369 4140 to

661 4181 780 4246 nostris
796 4178 1004 4264 presentibus
1021 4187 1054 4243 et
1075 4178 1196 4243 futuris
1211 4187 1326 4243 notum
1351 4181 1403 4261 sit,
1429 4180 1506 4264 quia
1529 4179 1623 4265 petiit
1638 4178 1868 4245 celsitudinem
1885 4188 2033 4245 nostram
2048 4182 2099 4245 vir
2113 4179 2311 4245 venerabilis

661 4286 873 4364 Fortunatus,
897 4283 1109 4348 Venetiarum
1126 4291 1159 4347 et
1174 4283 1377 4348 Istriensium
1394 4282 1593 4368 patriarcha,
1618 4292 1654 4348 ut
1670 4282 1835 4347 teloneum
1859 4283 1899 4348 de
1919 4283 2061 4347 navibus
2085 4284 2152 4348 suis
2168 4291 2311 4369 quatuor

661 4389 691 4452 ei
719 4385 900 4451 concedere
934 4385 1138 4451 deberemus.
1185 4385 1288 4452 Cuius
1323 4388 1515 4474 petitionem
1545 4388 1616 4452 eius
1652 4389 1785 4455 servitio
1819 4397 1851 4453 et
1880 4389 2005 4452 meritis
2035 4385 2310 4473 compellentibus

662 4492 828 4576 denegare
843 4491 1018 4573 noluimus,
1043 4489 1101 4556 sed
1116 4490 1164 4556 ita
1187 4493 1221 4556 in
1235 4489 1439 4557 helemosina
1461 4501 1575 4556 nostra
1591 4492 1798 4557 concessisse
1820 4501 1854 4557 et
1870 4492 1905 4556 in
1929 4490 2080 4556 omnibus
2097 4490 2311 4557 confirmasse

661 4594 861 4681 cognoscite.
888 4595 1111 4680 Precipientes
1127 4595 1212 4660 enim
1228 4595 1389 4678 iubemus,
1406 4605 1444 4660 ut
1459 4595 1567 4661 nullus
1585 4592 1760 4681 quislibetb
1777 4596 1817 4661 de
1832 4594 1984 4660 fidelibus
2002 4595 2122 4660 nostris
2140 4594 2180 4659 de
2196 4615 2309 4680 supra·
2333 4610 2369 4661 80

662 4700 795 4784 scriptis
823 4698 965 4763 navibus
998 4708 1140 4785 quatuor
1163 4699 1336 4764 Fortunati
1367 4698 1553 4785 patriarche
1582 4699 1683 4764 ullum
1713 4699 1876 4764 teloneum
1907 4719 1967 4764 nee
1998 4698 2219 4784 siliquaticum
2248 4719 2309 4762 nec

661 4802 864 4867 laudaticum
880 4823 941 4866 nec
957 4802 1178 4886 cispitaticum
1194 4824 1300 4888 neque
1316 4802 1400 4868 ullas
1416 4802 1652 4869 redibitiones⁸
1673 4803 1715 4869 ab
1732 4802 1922 4868 hominibus
1939 4803 2006 4867 suis
2022 4825 2080 4888 pro
2099 4802 2160 4868 hoo
2176 4804 2309 4886 exigere

661 4905 714 4970 vel
737 4914 893 4970 exactare
908 4914 1087 4991 presumat,
1110 4906 1173 4971 nisi
1188 4906 1289 4971 liceat
1303 4908 1350 4972 eis
1372 4909 1607 4994 suprascriptis
1630 4906 1771 4973 navibus
1788 4917 1930 4992 quatuor
1945 4905 2144 4993 ubicumque
2158 4906 2190 4971 in
2206 4927 2308 4991 regno

661 5009 791 5076 Christo
820 5011 961 5095 propitio
991 5018 1104 5074 nostro
1132 5010 1339 5095 negotiando
1368 5033 1429 5096 pro
1463 5012 1606 5078 utilitate
1636 5021 1750 5098 sancte
1777 5035 1835 5098 sue
1865 5012 2002 5096 ecclesie
2032 5009 2158 5096 absque
2186 5007 2310 5075 ulliusd

661 5114 849 5179 detentione
872 5111 925 5178 vel
947 5113 1216 5196 contradictione,
1240 5113 1438 5201 ubicumque
1461 5116 1609 5200 voluerit,
1633 5138 1770 5202 pergere
1790 5125 1822 5181 et
1843 5116 1961 5180 iterum
1986 5115 2019 5179 in
2044 5114 2095 5180 dei
2118 5115 2249 5180 nomine
2265 5113 2311 5180 ad
2334 5131 2369 5180 ee

660 5222 794 5309 propria
808 5241 964 5286 remeare.
991 5218 1085 5305 <Hoc
1100 5227 1211 5285 autem
1226 5241 1291 5285 non
1317 5219 1423 5285 solum
1438 5221 1632 5303 Fortunato,
1656 5241 1769 5284 verum
1792 5219 1892 5284 etiam
1909 5220 2036 5284 cunctis
2061 5217 2310 5283 successoribus

660 5328 730 5391 eius
745 5324 988 5406 concedimus.)
1018 5324 1062 5389 Et
1077 5333 1115 5389 ut
1136 5322 1218 5389 haec
1233 5325 1415 5389 auctoritas
1437 5324 1579 5391 firmior⁸
1602 5324 1764 5390 habeatur
1779 5323 1832 5388 vel
1854 5345 1914 5409 per
1930 5333 2078 5408 tempore
2100 5320 2217 5387 melius
2233 5341 2309 5386 con·

661 5439 819 5512 servetur,
843 5427 884 5493 de
907 5428 1006 5493 anulo
1029 5437 1144 5492 nostro
1169 5427 1281 5493 subter
1304 5427 1442 5513 sigillari
1466 5425 1647 5494 iussimus¹.

737 5656 797 5712 200.
815 5658 843 5723 x)
861 5656 915 5709 das
933 5655 1130 5778 Morwlpsamm
1149 5669 1195 5706 em
1213 5653 1308 5707 lirrken
1326 5653 1415 5707 Raud
1433 5653 1476 5718 Β,
1494 5653 1613 5719 schitia
1628 5653 1655 5706 Β
1723 5655 1753 5720 y)
1770 5653 1920 5705 adinvicem
1938 5651 1966 5704 Β
2035 5652 2061 5718 a)
2079 5651 2255 5703 Ercembsldo
2275 5650 2310 5715 Β,

815 5726 989 5778 Erhambsldi
1114 5727 1140 5790 a)
1157 5724 1217 5777 hier
1235 5723 1326 5776 brirht
1343 5723 1370 5776 B
1388 5723 1432 5790 ab,
1450 5723 1482 5776 iu
1500 5723 1535 5776 B'
1552 5739 1623 5776 anuo
1642 5727 1781 5790 trigesimo
1804 5725 1884 5775 tertio
1902 5723 1979 5788 regni
1998 5724 2082 5773 nostri
2100 5724 2129 5772 in
2147 5723 2265 5772 Francis
2283 5729 2310 5772 et
2333 5723 2368 5774 40

814 5799 946 5863 vigesimo
965 5801 1060 5847 octavo
1078 5797 1107 5845 in
1125 5795 1206 5846 ltslis
1223 5800 1252 5845 et
1268 5795 1375 5860 imperii
1392 5796 1485 5858 tertie;
1508 5801 1599 5845 sctum
1619 5793 1716 5846 Saleio.

735 5919 796 5975 Μ.
815 5919 843 5987 ι)
860 5919 1043 5970 Frauehorum
1062 5917 1089 5970 B
1159 5917 1187 5979 b)
1204 5917 1320 5983 quilibet
1337 5914 1364 5967 Β
1434 5917 1459 5977 ε)
1476 5916 1669 5967 redhibitiones
1688 5915 1715 5967 B
1793 5915 1820 5981 d)
1837 5914 1912 5964 illius
1930 5912 1958 5965 B
2041 5913 2067 5978 e)
2084 5911 2195 5964 firmiter
2212 5910 2239 5964 B

813 5987 927 6053 odera
945 5987 1064 6041 demerkt
1083 5985 1133 6039 der
1151 5984 1294 6039 Schreiber
1312 6000 1366 6036 verr
1378 5982 1406 6036 Β
1424 5986 1529 6036 ridetur
1547 5986 1640 6036 deesse
1657 5985 1726 6048 finis,
1745 5999 1774 6036 er
1793 5982 1938 6036 enrrisste
1956 5979 2017 6034 also
2035 5980 2067 6034 er
2085 5982 2176 6034 seiuer
2194 5980 2312 6052 Vortupe

815 6059 870 6111 das
888 6055 1077 6111 Eschctotolt.
