5642 7159
1326 763 1775 823 KAISERURKUNDEN.

833 957 920 1014 Gaas
948 971 1003 1012 oon
1025 953 1222 1026 Mapiaorias
1249 953 1444 1026 qesobrteben,
1479 952 1528 1010 die
1550 952 1792 1026 Datiraaqsaeite
1818 952 1911 1025 pleicb
1941 952 1998 1010 den
2021 949 2214 1011 Correctarea
2236 953 2278 1009 im
2304 952 2365 1011 Tea

829 1061 884 1118 mit
919 1058 1052 1117 lichterer
1081 1058 1175 1117 Tiate.
1208 1087 1247 1100 -
1278 1057 1337 1115 Die
1370 1055 1566 1115 Varus-kunde
1594 1057 1723 1130 Pippins
1757 1059 1796 1114 ist
1824 1057 1967 1116 sartores.
2012 1057 2076 1114 Der
2112 1057 2261 1118 Worttaut
2294 1058 2378 1115 einer

830 1163 942 1222 alteros
970 1162 1111 1223 Urknade
1136 1161 1327 1222 diseedericies
1349 1161 1373 1219 Ι
1375 1157 1405 1230 V,
1429 1160 1474 1219 Μ.
1496 1160 1532 1219 G.
1550 1160 1621 1220 DD.
1646 1162 1769 1222 Meroe.
1787 1163 1828 1220 46
1849 1167 1884 1219 n⁰
1899 1164 1950 1230 51,
1974 1162 2060 1219 bietet
2081 1178 2143 1218 aar
2164 1161 2237 1218 noct
2256 1163 2377 1234 perime

829 1266 993 1339 sialitanus.

827 1458 884 1532 (0.)
908 1450 1169 1518 carolomannus
1193 1454 1300 1538 gratia
1317 1452 1368 1516 dei
1393 1474 1453 1516 rex
1469 1451 1672 1516 Francorum
1688 1451 1738 1514 vir
1761 1448 1898 1514 inluster
1914 1451 2065 1515 omnibus
2081 1449 2236 1516 fidelibus
2252 1453 2374 1516 nostris
2399 1467 2414 1513 s

724 1567 792 1622 tam
815 1559 1022 1644 presentibus
1047 1579 1146 1643 quam
1169 1567 1201 1621 et
1224 1557 1352 1621 suturis.
1459 1553 1649 1640 Cognoscat
1676 1554 1869 1640 magnitudo
1900 1577 1960 1618 seu
1987 1553 2150 1620 industria
2178 1565 2297 1637 vestra,
2335 1578 2373 1620 eo

724 1660 812 1746 quod
835 1660 1031 1727 venerabilis
1055 1660 1105 1725 vir
1126 1658 1292 1724 Fulradus
1317 1657 1406 1724 abba
1429 1658 1470 1723 de
1491 1659 1692 1723 monasterio
1722 1658 1829 1722 sancti
1854 1657 2009 1744 Dionisiy
2031 1660 2186 1742 martiris,
2222 1660 2278 1723 ubi
2301 1661 2374 1745 ipse

723 1767 892 1850 preciosus
921 1786 1057 1850 corpore
1088 1765 1274 1850 requiescit,
1310 1762 1439 1827 detullit
1465 1762 1561 1827 nobis
1590 1765 1760 1827 cessiones
1789 1762 1840 1827 vel
1870 1764 2150 1828 confirmationis·
2172 1765 2372 1828 anteriorum

722 1890 836 1954 regum
861 1892 918 1934 sen
943 1868 1053 1933 domni
1077 1877 1109 1932 et
1132 1869 1278 1952 genetori
1308 1869 1412 1931 nostri
1437 1867 1544 1951 Pipini
1567 1867 1734 1952 qnondam
1757 1868 1853 1952 regis,
1890 1867 2030 1952 qualiter
2052 1890 2073 1931 a
2101 1867 2200 1952 longo
2224 1877 2372 1954 tempore

724 1972 1019 2038 omnestelloneus
1049 1971 1090 2037 de
1119 1969 1237 2036 villasb
1272 1980 1452 2035 memorate
1480 1969 1641 2036 ecclesiae
1676 1994 1734 2036 seu
1762 1971 1803 2035 de
1830 1971 2008 2053 bomines0,
2044 1973 2099 2058 qui
2133 1995 2231 2059 super
2264 1982 2371 2038 terras
2396 1990 2427 2039 10

722 2099 833 2142 eorum
857 2099 1054 2142 conmanere
1075 2076 1237 2158 videntur,
1261 2075 1313 2139 vel
1334 2076 1542 2160 negotiantes
1566 2096 1689 2151 eorum,
1714 2077 1768 2161 qui
1793 2098 1851 2162 per
1873 2078 1947 2161 ipsa
1969 2098 2048 2142 casa
2072 2077 2124 2142 dei
2148 2099 2282 2163 sperare
2298 2099 2371 2142 noa-

722 2191 849 2263 cuntur,
873 2180 917 2246 ad
940 2184 1013 2267 ipsa
1036 2204 1115 2247 casa
1138 2181 1189 2246 dei
1214 2180 1465 2246 concessissent.
1490 2177 1556 2243 Sed
1579 2200 1649 2255 nos,
1674 2179 1751 2243 dum
1773 2181 1820 2243 ita
1844 2181 1877 2242 in
1901 2200 2013 2244 eorum
2037 2181 2296 2244 confirmationis
2321 2180 2370 2244 vel

722 2288 965 2372 praeceptionis
989 2289 1190 2352 anteriorum
1224 2306 1337 2370 regum
1360 2284 1555 2363 invenimus,
1591 2283 1678 2367 quod
1702 2305 1722 2347 a
1745 2281 1844 2368 longo
1879 2293 2025 2369 tempore
2054 2285 2116 2350 fuit
2143 2283 2370 2367 concesanmd,

720 2401 895 2478 propterea
918 2414 977 2477 per
999 2401 1184 2477 presentem
1214 2391 1446 2454 auctoritatem
1475 2395 1621 2451 nostram
1655 2385 1762 2452 denno
1786 2387 2028 2469 confirmamus,
2064 2389 2154 2452 utin
2182 2410 2285 2473 regna
2308 2389 2370 2454 deo

721 2497 863 2580 propitio
887 2504 1001 2559 nostra
1024 2503 1093 2559 tam
1117 2494 1157 2558 de
1178 2492 1330 2574 navibus,
1366 2494 1421 2577 qui
1444 2514 1504 2576 par
1531 2493 1683 2556 universa
1705 2491 1841 2556 flumina
1871 2493 1910 2556 ad
1945 2503 2127 2557 surrectum
2151 2515 2211 2558 seu
2238 2493 2282 2558 ad
2305 2492 2368 2558 dis·
2395 2509 2425 2556 15

720 2620 866 2681 censum,
890 2598 942 2664 vel
965 2620 1061 2663 carra
1084 2606 1183 2683 atque
1208 2604 1340 2661 eorume
1363 2617 1497 2660 saumas
1532 2616 1661 2660 necnon
1684 2605 1717 2660 et
1749 2594 1899 2661 homines
1930 2618 2042 2661 eorum
2065 2618 2123 2662 seu
2150 2600 2369 2682 negotiantes,

719 2703 773 2787 qui
797 2724 854 2787 per
875 2703 949 2786 ipsa
972 2701 1127 2767 casadei
1152 2723 1284 2786 sperare
1307 2698 1471 2781 videntur,
1495 2698 1694 2785 ubicumque
1717 2701 1750 2764 in
1774 2721 1999 2785 quascumque
2023 2721 2127 2785 pagos
2143 2709 2211 2764 tarn
2234 2701 2268 2765 in
2291 2701 2368 2764 civi·

721 2807 799 2870 tatis
824 2804 970 2870 castellis
999 2808 1093 2870 vicus
1116 2815 1231 2891 portus
1262 2804 1371 2890 pontis
1394 2801 1533 2889 puplicis
1562 2801 1614 2867 vel
1637 2802 1772 2888 reliquis
1805 2803 1981 2869 marcados
2008 2803 2210 2887 advenerint,
2245 2827 2305 2869 nec
2328 2804 2369 2869 de

718 2909 866 2973 homines
890 2931 1012 2987 eorum,
1037 2911 1092 2994 qui
1116 2905 1232 2994 superf
1253 2929 1365 2974 eorum
1388 2917 1493 2972 terras
1517 2929 1713 2972 conmanere
1738 2907 1899 2989 videntur,
1923 2931 1984 2973 nec
2007 2910 2040 2973 in
2063 2930 2177 2973 eorum
2200 2908 2297 2972 villas
2314 2910 2366 2975 vel

717 3033 816 3096 agros
839 3035 899 3078 nec
923 3012 963 3078 de
985 3011 1146 3096 homines,
1181 3013 1235 3099 qui
1259 3012 1302 3077 ad
1326 3013 1414 3076 foras
1448 3013 1481 3074 in
1505 3032 1617 3076 eorum
1650 3011 1747 3075 villas
1777 3011 1820 3076 ad
1843 3013 2077 3098 negotiandum
2108 3012 2161 3078 val
2190 3016 2266 3079 vino
2290 3036 2367 3080 con-
2390 3033 2423 3080 20

717 3116 902 3199 parandum
926 3115 1115 3198 adveniunt,
1149 3115 1240 3180 nullo
1264 3115 1405 3181 telloneo
1430 3115 1483 3180 vel
1516 3115 1732 3200 barganatico
1761 3137 1822 3181 nec
1848 3118 1988 3182 rotatico
2016 3138 2077 3182 nec
2107 3119 2276 3203 pontatico
2306 3141 2368 3183 nec

716 3219 910 3305 cispetatico
934 3241 995 3284 nec
1018 3218 1223 3306 pulveratico
1247 3240 1307 3284 nec
1331 3218 1508 3283 salutatico
1532 3239 1593 3283 nec
1615 3220 1773 3283 mutatico
1791 3242 1851 3284 nec
1875 3220 2033 3285 denaris
2057 3219 2110 3285 vel
2133 3242 2229 3285 carra
2252 3244 2367 3286 eornm

716 3343 776 3386 nec
800 3321 840 3387 de
864 3345 995 3388 saumas
1018 3345 1125 3409 neque
1149 3323 1190 3388 da
1212 3323 1285 3404 boc,
1309 3323 1398 3408 quod
1421 3321 1569 3387 homines
1593 3322 1636 3387 ad
1659 3344 1772 3387 eorum
1796 3325 1928 3390 dorsum
1945 3334 2087 3411 portant,
2112 3347 2172 3390 nec
2188 3324 2231 3389 ad
2254 3347 2367 3391 eorum

715 3428 932 3512 negotiantes,
968 3429 1023 3514 qui
1047 3429 1201 3514 peripsa
1224 3428 1378 3492 casadei
1402 3449 1535 3512 sperare
1558 3436 1747 3510 noscuntur,
1781 3428 1899 3493 necin
1922 3451 2034 3493 eornm
2057 3428 2154 3493 villas
2177 3452 2238 3495 nec
2266 3453 2367 3517 agros

714 3553 774 3595 nec
797 3529 837 3597 de
860 3530 1020 3614 homines,
1049 3533 1104 3618 qni
1127 3531 1170 3596 ad
1193 3532 1283 3596 foras
1306 3533 1338 3595 in
1363 3553 1474 3596 eorum
1498 3530 1595 3595 villas
1618 3532 1662 3596 ad
1685 3532 1920 3617 negotiandum
1941 3532 1993 3598 vel
2016 3533 2093 3597 vina
2116 3534 2364 3618 conparandum
2388 3551 2421 3598 aa

714 3634 916 3706 advenerint.
941 3658 1001 3701 nec
1025 3635 1068 3700 ad
1090 3645 1239 3700 nostrum
1264 3644 1370 3721 opus⁸
1392 3656 1451 3699 nec
1475 3633 1519 3699 ad
1540 3643 1685 3699 vestrum
1707 3656 1769 3700 nec
1792 3633 1836 3698 ad
1850 3636 1993 3700 iuniores
2017 3657 2074 3700 seu
2091 3657 2365 3723 successoresque

714 3755 841 3805 vestros
863 3741 897 3803 in
920 3739 1009 3804 nullo
1033 3738 1175 3805 telloneo
1199 3741 1332 3825 exigere
1355 3760 1416 3804 nec
1439 3747 1595 3803 exactare
1617 3760 1683 3803 non
1706 3737 1864 3821 debeatis,
1887 3740 1960 3812 nisi,
1984 3750 2021 3803 ut
2044 3738 2199 3823 diximus,
2223 3742 2309 3805 sicut
2332 3744 2365 3805 in

714 3863 826 3908 eorum
850 3851 1033 3908 strumenta
1056 3852 1166 3908 tenere
1189 3843 1353 3922 videntur,
1376 3843 1462 3906 infra
1482 3863 1586 3927 regna
1609 3842 1670 3906 deo
1693 3843 1835 3928 propitio
1859 3853 1973 3908 nostra
1989 3841 2095 3908 sicuth
2118 3843 2265 3908 babeant
2287 3867 2364 3910 con-

714 3969 843 4012 cessum
867 3955 966 4033 atque
989 3946 1160 4010 indultum.
1206 3945 1251 4009 Et
1275 3944 1351 4029 [ut]¹
1372 3946 1432 4010 hec
1456 3946 1623 4031 preceptio
1657 3945 1782 4010 tirmior
1803 3945 1974 4029 habeatur,
2009 3947 2123 4013 subter
2145 3970 2218 4011 eam
2253 3948 2363 4013 decre-

714 4053 822 4115 vimus
845 4049 1001 4114 roborare
1025 4058 1059 4114 et
1081 4048 1122 4114 de
1145 4049 1244 4114 anulo
1268 4059 1381 4114 nostro
1405 4047 1584 4134 siggillare.
2385 4072 2419 4120 30

816 4185 831 4268 Ξ
853 4187 988 4273 Signum
1013 4189 1102 4269 (ΜΕ.)
1126 4185 1368 4253 Carolomanno
1392 4186 1632 4273 gloriosissimo
1656 4212 1742 4272 rege.
1766 4189 1780 4274 Ξ

818 4329 874 4406 (0.)
899 4325 912 4408 Ξ
934 4326 1138 4412 Maginarius
1162 4328 1339 4411 recognovi
1364 4335 1397 4390 et
1418 4323 1432 4407 ξ
1454 4331 1521 4404 (SR.
1545 4333 1623 4392 NT.:
1646 4331 1840 4406 Muyinorias
1862 4335 2036 4405 recoquere).
2061 4333 2117 4406 (Sl.
2142 4335 2191 4407 D.)

817 4466 907 4531 Data
924 4468 958 4530 in
981 4489 1092 4531 mense
1116 4467 1238 4530 marcio
1256 4487 1342 4529 anno
1360 4467 1466 4550 primo
1489 4469 1581 4551 regni
1597 4469 1716 4552 nostri3
1740 4478 1849 4532 actum
1870 4468 2037 4533 Attiniaco
2061 4468 2191 4555 palacio
2208 4468 2360 4554 publico;

713 4571 744 4634 in
769 4570 820 4634 dei
845 4573 977 4635 nomine
1001 4571 1148 4636 feliciter.

1512 4863 1572 4937 47.

709 5022 912 5093 Korlmona
939 5022 1082 5094 vertetur
1108 5025 1185 5093 clara
1212 5022 1357 5093 Klostor
1383 5020 1600 5089 Nescisse
1626 5019 1846 5107 Zollfreiheit
1872 5022 1909 5089 in.
1937 5022 2065 5090 anisam
2092 5021 2212 5092 Betria

1874 5159 2072 5218 Calmnnciaco
2095 5163 2157 5219 799
2185 5159 2313 5221 October.

815 5315 951 5388 Oripiaal
973 5317 1014 5373 im
1039 5316 1242 5376 Staatsarelriv
1263 5334 1304 5374 aa
1329 5316 1427 5374 Turta
1451 5314 1516 5392 (A).

811 5453 966 5511 Muratori
981 5454 1052 5512 Ant.
1069 5453 1139 5515 Ital.
1157 5459 1186 5523 2,
1211 5458 1251 5513 19
1267 5459 1302 5510 πθ
1317 5458 1333 5511 1
1359 5471 1416 5511 asts
1431 5453 1585 5512 mortemer
1599 5451 1756 5524 Absolsrtst
1776 5470 1833 5512 sou
1847 5452 1884 5512 Α.
1902 5486 1943 5495 -
1966 5453 2048 5511 Mon
2062 5456 2184 5526 potitae
2208 5454 2309 5517 tisort.
2325 5461 2354 5525 1,
2431 5492 2437 5507 ι

809 5560 852 5615 20
873 5563 908 5614 a⁰
931 5560 971 5616 10
994 5575 1050 5614 aas
1073 5558 1110 5616 A.
1135 5589 1176 5602 ·-
1201 5555 1315 5629 asporta
1337 5555 1420 5617 Mon.
1444 5556 1549 5616 Naeui.
1573 5561 1603 5627 1,
1627 5560 1668 5616 39
1691 5559 1760 5615 a⁰6
1782 5572 1839 5614 aas
1863 5558 1891 5614 A
1919 5556 1974 5613 mit
2002 5556 2164 5616 Vortonten
2186 5559 2356 5617 Muratoris
2378 5572 2412 5620 to

802 5739 844 5794 su.
864 5739 890 5800 a)
907 5740 950 5790 vel
969 5739 1178 5792 confirmationis
1197 5738 1310 5807 doppett
1327 5740 1502 5810 yescbriebea
1606 5742 1634 5809 b)
1652 5740 1781 5795 darnaets
1798 5745 1928 5796 acclesiae
1947 5743 2036 5797 durch
2054 5743 2154 5797 Rusur
2164 5742 2270 5867 ἕῖίὶὶςι

861 5810 886 5874 c)
903 5825 951 5860 seu
969 5810 1002 5859 de
1020 5810 1141 5860 homines
1161 5809 1218 5874 auf
1232 5809 1331 5863 ltusar
1358 5817 1445 5862 etwas
1467 5816 1551 5864 anter
1580 5810 1629 5863 der
1648 5810 1731 5878 Zeila,
1759 5828 1812 5866 oon
1835 5813 1885 5865 der
1907 5812 2145 5882 ursprttapls'cbea
2199 5811 2273 5878 brist
2299 5830 2357 5867 aser

860 5878 930 5929 ποθὴ
949 5877 1069 5930 eissaelae
1081 5877 1334 5933 Bachatubeareste
1347 5879 1488 5932 kessstls'cb
1591 5883 1618 5945 d)
1636 5881 1688 5931 rua
1699 5897 1855 5933 concessum
1869 5882 1919 5934 mit
1938 5883 2076 5935 blusserer
2090 5881 2173 5936 Yiate
2192 5898 2237 5934 ana
2250 5882 2356 5936 Zcr‘tea-

859 5947 927 6000 eade
945 5947 1150 6016 ssacbpctrapea
1265 5951 1290 6015 a)
1309 5966 1383 6002 emm
1401 5949 1429 6001 Α
1533 5950 1774 6019 Ostrsprstapls'cb
1800 5954 1948 6031 quiscumq‚
1976 5952 2026 6005 ms't
2053 5951 2191 6005 classem
2212 5951 2294 6004 Tiate
2320 5969 2356 6005 su

859 6020 905 6082 qni
923 6034 1003 6082 super
1020 6033 1090 6070 corr.
1195 6018 1223 6084 g)
1241 6018 1330 6070 donor
1350 6036 1398 6070 nse
1418 6019 1563 6072 aerres'scbt
1666 6021 1695 6086 h)
1713 6020 1767 6072 das
1785 6020 1967 6090 r'tberflr'tssspc
1985 6021 2062 6074 Wort
2082 6021 2207 6087 efferebar
2219 6037 2274 6074 uras
2291 6022 2355 6074 Ver·
2378 6021 2410 6068 45

858 6086 939 6138 seben
958 6086 1117 6139 wiederbolt
1222 6089 1241 6148 i)
1259 6087 1327 6150 fehlt
1347 6090 1380 6139 A.
