5642 7159
740 772 803 839 120
1348 775 1774 835 Kslsunusxuuouu.

740 964 791 1029 vel
817 959 986 1049 partibusf
1007 962 1113 1027 sancti
1136 960 1261 1026 Uareni
1290 960 1480 1046 plenissima
1514 962 1685 1026 voluntate
1712 962 1934 1025 concessimus
1968 969 2068 1045 atque
2094 959 2291 1024 indulsimus
2324 980 2384 1045 pro

738 1066 953 1133 luminaribus
969 1075 1001 1131 et
1024 1064 1189 1151 stipendia
1204 1064 1450 1130 monachorum.
1475 1066 1654 1149 Propterea
1670 1064 1755 1129 hanc
1777 1063 2025 1149 preceptionem
2047 1064 2255 1130 auctoritatis
2271 1072 2386 1131 nostre

739 1171 947 1238 conscribere
969 1172 1134 1253 iussimus,
1169 1192 1228 1255 per
1251 1191 1351 1255 quam
1374 1172 1506 1234 omniuo
1530 1167 1691 1251 iubemus,
1727 1177 1763 1232 ut
1785 1168 1827 1233 ab
1853 1167 1917 1233 hac
1945 1167 1998 1233 die
2020 1178 2088 1233 tam
2122 1169 2193 1253 ipse
2220 1166 2387 1232 Folradus

739 1276 827 1341 abba
852 1296 950 1361 quam
984 1284 1017 1339 et
1040 1274 1088 1337 sui
1114 1293 1322 1338 successores
1356 1272 1541 1360 predictam
1563 1294 1633 1338 rem
1656 1272 1700 1337 ad
1732 1282 1859 1358 partem
1882 1274 1949 1337 iam
1979 1270 2065 1337 dicte
2094 1271 2254 1337 ecclesiae
2279 1272 2387 1336 sancti

737 1379 862 1445 Uarani
884 1378 1038 1460 habeant,
1062 1385 1196 1442 teneant
1218 1377 1326 1463 adque
1349 1377 1573 1462 possedeant1t
1595 1386 1628 1442 et
1651 1377 1807 1463 quicquid
1831 1376 1950 1442 exinde
1973 1376 2017 1441 ad
2036 1376 2221 1462 profectum
2237 1374 2387 1439 eiusdem
2409 1388 2425 1437 5

738 1483 897 1548 ecclesiae
920 1483 1030 1548 facere
1053 1482 1220 1568 elegerint,
1255 1483 1288 1547 in
1312 1482 1464 1549 omnibus
1487 1482 1618 1548 Christo
1642 1483 1789 1568 propicio
1818 1480 1992 1546 licenciam
2014 1480 2160 1545 habeant
2186 1488 2388 1565 potestatem

737 1585 896 1663 faciendi;
942 1596 975 1651 et
1002 1584 1112 1651 nullus
1146 1609 1189 1651 ex
1217 1586 1392 1652 iudiciaria
1426 1596 1591 1673 potestate
1621 1596 1680 1651 aut
1713 1584 1860 1672 qualibet
1888 1607 2029 1671 persona
2064 1584 2211 1671 predicto
2240 1583 2387 1649 Folrado

738 1690 860 1755 abbate
882 1711 943 1755 nec
968 1698 1081 1754 sancto
1106 1688 1240 1756 Uarano
1264 1714 1369 1777 neque
1404 1692 1550 1757 iuniores
1573 1700 1632 1756 aut
1667 1690 1917 1756 successoribus
1945 1690 2012 1755 suis
2041 1688 2081 1754 de
2111 1699 2296 1755 memorata
2318 1710 2388 1754 rem

738 1795 920 1881 inquietare
942 1814 1005 1859 nec
1029 1802 1144 1858 contra
1166 1794 1310 1859 racionis
1333 1794 1448 1860 ordine
1471 1794 1523 1860 vel
1547 1795 1744 1860 calomniam
1768 1816 1926 1880 generare
1955 1814 2084 1879 quoque
2111 1803 2258 1881 tempore
2280 1793 2389 1879 ponti·

738 1898 850 1963 ficium
873 1920 938 1963 non
962 1897 1116 1971 habeant,
1152 1898 1210 1964 sed
1233 1898 1295 1964 hoc
1319 1921 1360 1964 ex
1380 1909 1493 1965 nostre
1516 1899 1787 1965 confirmaciones
1811 1897 1934 1962 donum
1956 1898 2028 1962 iure
2051 1896 2182 1963 domino
2206 1895 2387 1962 adiuvante
2411 1913 2443 1961 ιο

737 2002 782 2067 ad
804 2004 879 2087 ipsa
901 2023 983 2067 casa
1006 1999 1058 2065 dei
1082 2000 1192 2067 valeat
1215 2001 1391 2088 possedere
1414 2002 1637 2068 firmissimum
1666 2003 1794 2089 etipsa
1817 2002 2029 2087 congregatio
2053 2001 2098 2066 ibi
2129 2002 2387 2066 consistencium

737 2128 798 2191 pro
822 2126 873 2171 me
889 2106 1022 2171 valeant
1045 2106 1167 2171 domini
1183 2107 1410 2172 misericordia
1434 2108 1607 2173 adtencius
1625 2129 1764 2173 exorare
1787 2129 1957 2193 uxoreque
1972 2114 2086 2171 nostra
2101 2105 2206 2192 prolis
2222 2114 2256 2170 et
2269 2104 2387 2185 leudis,

737 2219 775 2274 ut
807 2232 866 2298 per
899 2211 1132 2275 intercessione
1167 2211 1274 2275 sancti
1308 2210 1434 2276 Uarani
1467 2211 1555 2276 illius
1590 2212 1851 2297 congregacione
1886 2232 2069 2275 mereamur
2102 2207 2251 2294 adepisci
2285 2210 2388 2272 vitam

738 2322 916 2380 aeternam.
961 2314 1006 2379 Et
1028 2324 1065 2379 ut
1087 2314 1169 2379 haec
1192 2317 1374 2379 auotoritas
1397 2316 1522 2381 firmior
1551 2315 1712 2381 habeatur
1734 2314 1787 2379 vel
1814 2312 1958 2379 nostrisll
1981 2323 2014 2379 et
2040 2313 2159 2379 futuris
2182 2312 2388 2400 temporibus

737 2417 855 2483 melius
879 2428 1099 2501 conservetur,
1133 2441 1233 2484 manu
1255 2421 1392 2505 propria
1415 2419 1622 2485 decrevimus
1656 2420 1813 2485 roborare
1836 2428 1868 2483 et
1897 2418 1938 2482 de
1960 2417 2061 2483 anulo
2090 2427 2205 2483 nostro
2228 2418 2388 2481 iussimus
2412 2434 2441 2481 ιε

681 2544 682 2547 ’
740 2521 895 2607 segelarc.

841 2658 855 2741 ll
878 2659 1039 2747 [Signum]
1066 2664 1155 2740 (MP.)
1179 2660 1290 2727 Caroli
1313 2662 1542 2748 gloriosissimi
1565 2663 1663 2747 regis.
1686 2662 1700 2747 Ξ
1723 2668 1780 2741 (Sl.
1804 2667 1854 2741 D.)

841 2780 854 2863 Ξ
880 2782 997 2866 [Rado]
1021 2781 1184 2869 adv[icem
1208 2783 1360 2868 Hitherii]
1385 2784 1399 2869 Ξ
1422 2788 1514 2863 (SR).

1535 3076 1596 3149 84.

737 3234 833 3305 Korl
860 3236 923 3305 ἄεν
955 3232 1083 3305 Grossc
1116 3234 1254 3304 selrenlrt
1287 3236 1351 3305 ἄεν
1383 3259 1449 3306 voa
1476 3235 1716 3307 101100·αᾶ
1749 3236 1831 3320 (corr
1857 3236 1907 3307 St.
1937 3237 2065 3332 Deris)
2098 3237 2264 3308 orbare-ten
2292 3237 2387 3308 Zellc
2409 3253 2442 3303 to

737 3356 823 3427 Ful
831 3356 1006 3427 rorlooil
1014 3355 1027 3425 l
1034 3378 1107 3425 νινε
1134 3356 1208 3425 eine
1242 3354 1477 3428 Woldstreclcc
1504 3380 1569 3428 aaa
1595 3360 1659 3429 ἄεν
1685 3357 1797 3427 Mar-t:
1823 3360 1883 3429 des
1909 3359 2035 3430 Fiscus
2062 3358 2261 3429 Kinchci-m.

1886 3497 1993 3556 Detrea
2015 3498 2077 3557 774
2101 3498 2270 3570 September
2291 3502 2343 3557 14.

739 3689 806 3747 34⁰.
844 3686 982 3759 Oripr'nal
1003 3704 1060 3745 aas
1085 3687 1126 3746 St.
1152 3688 1246 3745 Derris
1270 3690 1310 3744 im
1334 3688 1583 3746 Notionolarclrtv
1603 3706 1644 3746 sa
1667 3690 1756 3746 Poris
1780 3686 1844 3767 (A).

846 3824 1047 3897 Uayedraclct5
1076 3825 1240 3883 Variontcn
1259 3827 1425 3897 perenuiter
1441 3818 1479 3884 A'
1502 3828 1547 3885 bei
1567 3826 1754 3885 Grandidier
1767 3826 1848 3886 Hist.
1873 3827 1908 3885 ἄε
1923 3826 2103 3899 Strasbourq
2127 3822 2174 3897 2l,
2197 3830 2271 3898 113,
2287 3836 2321 3885 n⁰
2336 3832 2388 3897 67,

841 3928 945 4000 Iteyest
968 3929 1085 3987 νιαᾶιΑ
1110 3928 1206 3988 sichel
1228 3930 1298 4001 Req.
1317 3932 1357 3989 21
1381 3930 1416 3986 K
1427 3934 1469 3989 30
1492 3930 1546 4002 ool.
1570 3932 1643 3989 237.
1669 3965 1710 3972 -
1734 3930 1990 4005 Sicqelabbildano
2005 3932 2175 3991 Incentar'rc
2196 3930 2250 3989 ἄεν
2271 3947 2383 3990 occasa
2407 3944 2440 3992 25

840 4036 874 4089 πθ
888 4033 939 4103 15,
964 4032 1052 4105 Kopp
1077 4030 1289 4104 Schristtoscln
1310 4040 1345 4091 rs⁰
1357 4036 1400 4091 24
1426 4032 1456 4092 0.

738 4198 807 4265 84⁶.
845 4202 982 4277 Oriciaul
1003 4220 1060 4264 aas
1082 4205 1125 4265 st.
1150 4204 1245 4265 Derris
1268 4208 1311 4263 im
1332 4206 1581 4265 Natioaolarclrto
1602 4224 1643 4264 su
1664 4207 1755 4267 Paris
1779 4201 1853 4285 (A').

840 4342 967 4403 Doublet
983 4346 1062 4403 Hist.
1079 4344 1114 4402 ἄε
1131 4343 1173 4405 st.
1190 4344 1292 4419 Denps
1309 4350 1373 4409 707
1389 4368 1429 4400 =
1445 4346 1490 4404 Lo
1507 4345 1607 4406 Cointc
1623 4345 1703 4407 Ana.
1721 4350 1749 4418 6,
1767 4350 1810 4406 82
1823 4365 1864 4405 νιν
1880 4352 2077 4408 77401147.
2095 4381 2136 4391 -
2152 4347 2289 4407 Felibiea
2304 4349 2386 4408 Hist.

841 4448 877 4505 de
899 4446 943 4507 st.
966 4448 1068 4521 Derrys
1088 4466 1135 4521 pr.
1160 4450 1201 4508 34
1224 4455 1258 4507 νιο
1277 4450 1319 4509 50
1343 4472 1384 4504 =
1408 4450 1545 4524 araque
1568 4453 1597 4520 5,
1629 4453 1691 4510 725
1719 4457 1754 4508 a⁰
1775 4455 1815 4511 20
1839 4474 1880 4505 =
1909 4452 2086 4510 Hartcheim
2115 4450 2199 4511 Ocno.
2227 4451 2328 4511 Germ.
2352 4458 2383 4531 1,

841 4552 915 4611 235.
931 4584 974 4595 -·
992 4551 1176 4611 Grandidier
1191 4552 1270 4613 Hist.
1288 4554 1323 4611 ἄε
1340 4552 1519 4628 Strosboary
1541 4547 1589 4624 2⁶,
1613 4556 1677 4612 113
1692 4559 1726 4610 n⁰
1746 4556 1787 4614 67
1810 4576 1852 4610 -·
1875 4554 1979 4629 Miqnc
1994 4554 2107 4615 Patrol.
2124 4560 2175 4627 07,
2199 4558 2262 4616 935
2278 4563 2313 4614 η’
2334 4562 2385 4617 19.
2409 4570 2441 4618 ao

839 4687 881 4699 —
908 4653 1024 4727 Turdis
1041 4654 1123 4716 Mon.
1148 4658 1216 4715 lrr'st.
1242 4658 1284 4717 56
1305 4662 1340 4715 νο
1356 4662 1405 4729 71,
1429 4658 1597 4715 sdmmtliclr
1619 4676 1675 4716 aus
1698 4648 1747 4719 A'.
1773 4692 1814 4703 —
1835 4659 2030 4719 Mtthlbaclrer
2051 4662 2124 4735 Rep.
2150 4664 2213 4719 171
2236 4660 2338 4739 (107).
2406 4728 2410 4732 ,

840 4792 868 4850 Α
884 4796 938 4851 orit
961 4794 1029 4853 sehr
1042 4795 1131 4853 schoa
1153 4794 1330 4853 erhaltencm
1348 4795 1444 4868 Sicpel
1465 4798 1505 4853 ist
1524 4814 1604 4868 puna
1619 4813 1675 4855 roa
1689 4798 1788 4868 Rado,
1811 4791 1849 4857 A'
1866 4816 1947 4871 panc
1968 4816 2023 4856 ron
2045 4798 2182 4871 thatd
2199 4799 2386 4871 pacho-leben

845 4894 912 4974 (opt.
937 4896 1033 4956 Siclcl
1055 4898 1128 4970 lisy.
1151 4902 1217 4959 237
1240 4899 1273 4955 K
1292 4898 1355 4977 30),
1391 4900 1444 4957 ἄεν
1467 4900 1707 4958 walrrsclreinliclr
1728 4903 1805 4959 acolt
1826 4904 1859 4960 in
1882 4903 1920 4974 A,
1955 4903 2006 4960 der
2032 4902 2281 4975 orspranya'ctea
2303 4902 2385 4961 Aus-

841 4999 1003 5076 sattqonq,
1028 5001 1225 5061 Correctursa
1241 5004 1392 5062 rornulrm.
1417 5002 1491 5075 Ass
1509 5004 1562 5061 ἄεν
1576 5004 1733 5063 Βᾶἄννεᾶε
1753 5023 1809 5064 oon
1826 5006 1853 5063 A
1867 5007 1907 5065 ist
1928 5024 1984 5065 oon
2006 5007 2088 5064 einer
2103 5005 2195 5064 Hand
2217 5006 2267 5065 des
2283 5012 2313 5067 9.
2331 5008 2384 5068 Jt.

839 5104 887 5162 rtr'e
902 5104 1093 5178 Auferte-ist:
1118 5106 1301 5167 Confirmatio
1318 5108 1416 5167 Karoli
1432 5108 1613 5182 imperatoris
1636 5110 1670 5167 do
1692 5108 1767 5168 silra
1788 5112 1816 5168 ct
1838 5113 1958 5185 pastura
1980 5111 2016 5169 ad
2039 5113 2171 5170 sanctum
2186 5110 2380 5170 Alexandmm
2402 5122 2434 5171 so

840 5208 918 5269 inira
938 5211 1054 5286 Vosago
1083 5212 1220 5270 eroeimot
1244 5213 1432 5285 ocsclrrtcbea
1460 5212 1524 5270 aad
1552 5212 1633 5270 dora
1661 5214 1695 5270 ia
1723 5215 1902 5272 tironischea
1922 5214 2036 5272 Noton.-
2081 5213 2263 5273 Confirmatio
2286 5215 2386 5274 Karoli

837 5315 1013 5389 temporibus
1043 5316 1159 5375 Fulradl
1187 5315 1311 5376 abbatis.
1343 5348 1383 5359 -
1415 5316 1480 5375 Zur
1511 5317 1713 5389 Topoprapltie
1745 5316 2000 5393 (Falrodooillare
2022 5340 2064 5372 =
2086 5317 2234 5395 Leberaa)
2257 5337 2283 5377 c.
2308 5318 2384 5388 Jove,

838 5418 904 5477 Das
926 5420 1034 5479 Elscss
1056 5437 1115 5478 sur
1136 5420 1375 5493 Karolr'nperses't
1397 5422 1431 5477 r'n
1454 5420 1507 5477 ἄεν
1531 5420 1672 5480 Ζεᾶεᾶνν.
1691 5420 1715 5492 f.
1735 5421 1838 5481 Gesch.
1863 5421 1914 5479 des
1938 5419 2123 5490 Oorrrteins,
2146 5420 2186 5479 N.
2205 5420 2240 5478 F.
2264 5424 2293 5489 7,
2309 5424 2385 5490 219,

838 5522 912 5591 228,
935 5526 1009 5583 232.

1104 5700 1171 5757 84⁰.
1954 5693 2022 5759 84⁶.
2408 5713 2440 5761 ro

822 5794 879 5879 (0.)
895 5795 908 5877 Ξ
920 5792 1059 5860 Carolus
1071 5798 1178 5883 gratia
1191 5796 1241 5862 dei
1255 5820 1314 5861 rex
1327 5797 1531 5862 Francorum
1672 5802 1729 5877 (0.)
1740 5800 1754 5882 Ξ
1766 5797 1906 5864 Carolus
1917 5799 2025 5885 gratia
2038 5796 2090 5863 dei
2105 5821 2164 5864 rex
2179 5798 2386 5865 Francorum

736 5909 769 5964 et
784 5898 1080 5985 Langobardorum
1106 5903 1153 5965 vir
1176 5900 1322 5966 inluster.
1347 5898 1361 5984 Ξ
1432 5901 1530 5984 Quic-
1585 5911 1617 5966 et
1630 5902 1925 5989 Langobardorum
1938 5906 1988 5967 vir
1999 5900 2174 5981 inluster}
2251 5919 2387 5985 Quicquid

830 6087 872 6141 8³.
890 6090 911 6153 t]
930 6087 1121 6143 damastrin
1140 6088 1301 6143 Brschstobc
1318 6090 1416 6143 radirt
1519 6091 1547 6157 g)
1565 6091 1707 6157 possedeat
1724 6092 1751 6144 A
1855 6093 1884 6156 h)
1903 6095 1987 6144 nostri
2006 6094 2040 6145 A.
