5642 7159
1348 742 1780 803 KAISERURKUNDEN.

1530 930 1591 1004 82.

734 1092 830 1163 Kurl
863 1092 926 1164 der
964 1090 1092 1164 Grosee
1131 1091 1269 1163 seberrtt
1308 1092 1436 1162 setrteut
1470 1089 1615 1161 Kloster
1647 1089 1813 1161 Lorsela
1853 1089 1909 1161 die
1950 1086 2044 1159 Villo
2081 1087 2293 1180 Oppeoltee'm
2333 1088 2370 1157 ot
2382 1114 2387 1125 ·

735 1215 913 1285 immersere
940 1212 1070 1285 Bes-ite.

1895 1297 2010 1357 Worms
2034 1300 2096 1357 771
2120 1295 2290 1370 September
2310 1299 2343 1355 2.

841 1490 909 1551 Coe.
929 1490 1076 1552 Itoureslr.
1101 1507 1157 1549 aaa
1174 1490 1226 1548 der
1239 1491 1362 1549 awriten
1377 1488 1484 1561 Halfte
1499 1489 1549 1548 des
1567 1492 1617 1549 12.
1634 1488 1688 1550 Jb.
1706 1487 1729 1561 f.
1746 1490 1790 1547 3b
1807 1490 1849 1546 tm
1864 1486 2075 1547 Retctsorclriv
2092 1505 2133 1545 au
2149 1487 2302 1545 Mencken
2319 1484 2386 1564 (Β).
2411 1500 2427 1546 t

840 1611 902 1675 01).
919 1612 1063 1672 Laurtslr.
1089 1612 1132 1671 ed.
1152 1613 1287 1685 lepores.
1305 1615 1334 1682 1,
1358 1616 1399 1672 19
1423 1628 1480 1670 aas
1502 1610 1541 1671 B.
1560 1640 1601 1654 -
1625 1608 1691 1672 OD.
1707 1609 1856 1671 Luarestr.
1879 1608 1925 1671 ed.
1938 1608 2064 1668 Manat.
2082 1613 2112 1681 1,
2135 1613 2177 1670 19
2199 1616 2234 1667 π’)
2249 1613 2270 1668 7
2284 1625 2342 1667 aas
2359 1608 2390 1666 B

839 1737 880 1770 =
903 1711 1120 1793 (thrdtweta)
1143 1713 1333 1773 Meneclium
1353 1713 1454 1774 Potot.
1480 1716 1510 1785 5,
1534 1717 1607 1774 390.
1633 1746 1671 1756 —
1696 1713 1740 1773 M.
1769 1713 1805 1773 G.
1830 1711 1885 1774 SS.
1907 1716 1961 1784 21,
1986 1714 2049 1773 349
2072 1730 2130 1772 aas
2152 1713 2191 1773 B.
2216 1743 2257 1755 -
2281 1711 2388 1771 Meae-

839 1819 943 1877 bacher
964 1818 1037 1892 Rep.
1063 1821 1125 1878 169
1150 1816 1249 1897 (165).

843 1956 936 2016 Ueber
963 1956 1011 2015 die
1035 1956 1231 2015 correcturas
1259 1956 1310 2016 des
1340 1954 1663 2017 oleartalarsctaeeoers
1691 1956 1746 2030 apl.
1769 1963 1804 2015 κθ
1824 1958 1875 2016 67.
1904 1986 1946 1999 -
1976 1955 2141 2015 Famulae
2167 1973 2239 2015 aum
2264 1972 2391 2030 pressea

843 2060 926 2119 Tireit
941 2083 982 2116 =
997 2067 1031 2119 πθ
1047 2065 1097 2121 73.
1123 2061 1182 2121 Die
1197 2061 1381 2120 Ktrclrweilre
1394 2062 1460 2120 and
1480 2062 1701 2136 Uebettropaesp
1716 2061 1767 2121 des
1790 2062 1817 2120 lt.
1834 2062 1990 2122 Neratius
2014 2059 2092 2133 fond
2105 2078 2155 2119 am
2171 2065 2201 2121 1.
2218 2058 2391 2134 September
2414 2073 2446 2122 ιο

840 2169 921 2237 stult,
945 2164 1136 2225 Mttttltoctrer
1158 2166 1229 2239 Itep.
1249 2168 1311 2225 167
1335 2165 1424 2245 (163)
1433 2173 1453 2240 ⁰,
1477 2167 1526 2225 die
1548 2167 1594 2225 bei
1616 2166 1713 2225 dieser
1728 2166 1817 2225 Feter
1839 2163 1963 2239 crfolpte
1984 2164 2159 2238 Schenkanp
2181 2164 2283 2223 warde
2305 2163 2391 2223 donn

841 2287 890 2326 aare
911 2270 1053 2329 ndolrstea
1078 2270 1139 2343 Tae
1162 2269 1355 2331 beorleuodet.

841 2438 986 2504 Karolus
1009 2440 1117 2524 gratia
1139 2438 1193 2505 dei
1215 2462 1276 2505 rex
1299 2440 1503 2506 Francorum
1527 2447 1561 2505 et
1582 2438 1879 2524 Longobardorum
1902 2441 1953 2505 vir
1975 2438 2111 2505 illuster.
2219 2438 2389 2526 Quicquid

739 2542 847 2606 eninr⁸
870 2542 912 2607 ad
936 2543 1010 2607 loca
1034 2554 1222 2609 sanctorum
1256 2542 1495 2609 venerabilium
1524 2553 1740 2628 congruenter
1763 2544 1804 2609 ob
1839 2566 1984 2610 amorem
2014 2544 2067 2610 dei
2097 2542 2308 2609 concedimus
2335 2542 2389 2608 vel

739 2648 982 2727 confirmamus,
1016 2646 1079 2713 hoo
1102 2648 1199 2713 nobis
1227 2647 1342 2734 procul
1376 2647 1477 2713 dubio
1507 2646 1550 2711 ad
1581 2658 1728 2733 eternam
1760 2647 1997 2713 beatitudinem
2028 2647 2161 2712 domino
2195 2655 2447 2732 protegentem

740 2753 903 2834 pertinere
919 2751 1126 2817 confidimus.
1152 2752 1364 2839 Quapropter
1378 2763 1494 2817 notum
1510 2754 1555 2817 sit
1571 2754 1716 2818 omniurn
1740 2752 1884 2818 fidelium
1908 2748 2119 2816 nostroruml'
2135 2747 2390 2837 [magnitudini]‚

741 2874 779 2920 eo
804 2856 892 2941 quod
915 2865 1049 2942 propter
1072 2878 1191 2922 nomen
1216 2856 1339 2922 domini
1369 2866 1402 2921 et
1425 2857 1532 2941 anime
1555 2866 1667 2941 nostre
1689 2856 1870 2922 remedium
1902 2855 2061 2920 donamus
2085 2854 2127 2920 ad
2150 2854 2390 2920 monasterium

739 2969 888 3025 nostrum
913 2960 1001 3046 quod
1025 2959 1145 3026 dicitur
1161 2960 1377 3041 Lauresham,
1402 2959 1460 3024 ubi
1483 2981 1604 3046 corpus
1620 2959 1821 3024 sanctissimi
1844 2959 2001 3044 martyris
2025 2958 2158 3023 Nazarii
2181 2956 2390 3023 reconditum

740 3074 792 3130 est
811 3076 847 3149 ct
863 3063 1102 3130 Gundelandus
1126 3064 1214 3130 abba
1230 3086 1363 3151 preesse
1386 3063 1526 3148 videtur,
1551 3064 1773 3151 donatumque
1797 3064 1829 3128 in
1852 3072 2048 3150 perpetuum
2069 3061 2190 3127 ibidem
2214 3061 2256 3126 ad
2280 3063 2390 3148 ipsum

739 3168 847 3233 locum
871 3190 943 3234 esse
965 3168 1127 3252 volumus,
1151 3168 1214 3234 hoc
1238 3178 1290 3233 est
1311 3168 1427 3232 villam
1449 3168 1595 3254 aliquam
1617 3175 1883 3253 nuncupantem⁰
1906 3166 2113 3232 Obbenheim
2130 3168 2228 3231 sitam
2250 3167 2283 3231 in
2301 3187 2388 3252 pago
2413 3182 2445 3230 eo

740 3270 988 3337 Wormaciense
1012 3294 1111 3359 super
1132 3272 1270 3337 fluvium
1286 3272 1413 3358 Renum
1438 3274 1618 3337 cumomni
1641 3273 1756 3337 merito
1781 3283 1813 3337 et
1836 3272 2002 3337 soliditate
2026 3295 2086 3337 sua
2109 3279 2141 3335 et
2164 3270 2324 3358 quicquid
2344 3270 2390 3336 ad

739 3374 877 3441 candem
900 3375 1014 3442 villam
1037 3375 1182 3462 legitime
1204 3378 1352 3463 aspicere
1375 3376 1427 3442 vel
1449 3377 1611 3463 pertinere
1633 3375 1773 3460 videtur,
1797 3376 1905 3442 idest
1928 3399 2002 3443 cum
2025 3377 2120 3442 terris
2144 3374 2297 3441 domibus
2321 3375 2389 3461 edi·

738 3478 824 3543 ficiis
848 3478 1050 3546 accolabus‘1
1069 3481 1241 3567 mancipiis
1264 3481 1369 3546 vineis
1394 3480 1485 3546 silvis
1502 3480 1630 3566 campis
1653 3481 1756 3566 pratis
1772 3482 1905 3567 pascuis
1928 3480 2043 3546 insulis
2067 3481 2162 3567 aquis
2186 3501 2391 3566 aquarumve

740 3582 933 3649 decursibus
955 3584 1132 3649 mobilibus
1163 3596 1196 3650 ct
1219 3585 1452 3667 immobilibus,
1487 3608 1561 3650 cum
1586 3584 1738 3650 omnibus
1768 3585 1962 3649 adiacentiis
1986 3584 2038 3649 vel
2066 3582 2277 3671 appenditiis,
2314 3606 2391 3649 cum

740 3687 890 3752 omnibus
919 3688 1066 3753 terminis
1101 3698 1133 3753 et
1162 3688 1305 3753 marchis
1342 3690 1420 3773 suis,
1455 3690 1612 3776 quicquid
1642 3688 1686 3755 ad
1714 3692 1821 3775 ipsam
1856 3689 1968 3755 villam
1999 3690 2149 3775 superius
2183 3690 2391 3754 nominatam
2413 3706 2446 3754 aa

739 3792 889 3879 partibus
924 3794 1046 3859 nostris
1076 3794 1203 3880 legibus
1236 3795 1386 3881 aspicere
1415 3794 1557 3879 videtur,
1592 3804 1697 3861 totum
1725 3804 1758 3859 et
1786 3794 1829 3859 ad
1862 3795 2024 3879 integrum
2052 3796 2086 3858 in
2112 3814 2224 3857 amore
2260 3792 2313 3857 dei
2336 3792 2391 3857 vel

738 3899 924 3963 reverentia
945 3897 1085 3983 precelsi
1109 3898 1263 3983 martyris
1287 3897 1420 3963 Nazarii
1454 3901 1487 3963 in
1512 3898 1565 3965 die
1596 3898 1814 3964 dedicationis
1845 3906 1958 3982 sancte
1981 3896 2121 3982 ecclesie
2150 3895 2203 3961 vel
2227 3898 2261 3960 in
2284 3904 2390 3961 trans·

740 4000 862 4065 latione
885 4002 1032 4087 corporis
1058 4002 1108 4067 sui
1132 4026 1152 4067 a
1175 4002 1229 4068 die
1252 4012 1403 4088 presente
1427 4004 1653 4069 concessimus
1676 4002 1729 4067 vel
1752 4005 1785 4067 in
1810 4001 1960 4067 omnibus
1984 4002 2268 4083 confirmavimus3
2303 4001 2390 4065 simi·

740 4104 814 4169 liter
847 4114 880 4170 et
902 4103 991 4171 illam
1016 4114 1136 4171 terram
1170 4107 1332 4171 iacentem
1361 4108 1395 4172 in
1424 4128 1554 4190 campo,
1590 4109 1644 4192 qui
1674 4106 1815 4193 pertinet
1844 4106 1888 4171 ad
1910 4105 2193 4187 Thechidesheim,
2230 4106 2317 4169 sicut
2346 4104 2390 4170 ab

740 4209 884 4295 antiquis
909 4208 1025 4274 diebus
1048 4232 1153 4296 usque
1182 4211 1214 4275 in
1238 4232 1372 4296 presens
1396 4211 1511 4277 eadem
1534 4220 1621 4277 terra
1651 4212 1815 4297 pertinere
1837 4208 2022 4292 videbatur,
2046 4209 2090 4274 ad
2113 4209 2298 4295 ecclesiam,
2323 4232 2388 4295 que
2411 4227 2445 4275 30

740 4322 792 4377 est
812 4314 846 4378 in
871 4313 1077 4380 Obbenheim
1107 4325 1307 4381 constructa.
1352 4316 1532 4402 Propterea
1561 4315 1646 4381 hanc
1675 4316 1956 4381 confirmationem
1992 4323 2140 4379 nostram
2170 4314 2290 4380 exinde
2313 4337 2391 4379 con-

682 4478 692 4497 ,
742 4416 905 4483 scribere⁰
921 4418 1086 4492 iussimus,
1111 4428 1147 4483 ut
1163 4429 1229 4484 tam
1245 4421 1318 4505 ipse
1332 4430 1535 4485 memoratus
1551 4418 1649 4501 abba,
1667 4421 1722 4506 qui
1737 4441 1824 4484 nunc
1841 4416 2005 4504 temporef
2018 4418 2139 4483 ibidem
2157 4440 2229 4483 esse
2247 4418 2389 4499 videtur,

741 4543 839 4606 quam
863 4532 895 4585 et
920 4538 1139 4589 successores
1155 4524 1205 4587 sui
1230 4546 1288 4589 seu
1312 4531 1447 4609 agentes
1472 4527 1539 4589 iam
1555 4525 1642 4609 dicte
1664 4523 1802 4610 ecclesie
1825 4526 1931 4609 ipsam
1956 4523 2067 4588 villam
2085 4522 2290 4589 Obbenheim
2313 4544 2390 4588 cum

741 4628 827 4691 omni
850 4627 1038 4713 integritate
1067 4629 1285 4695 adiacentiis⁸
1307 4629 1359 4695 vel
1388 4630 1586 4716 appenditiis
1621 4631 1689 4695 suis
1713 4627 1773 4695 sub
1808 4628 1997 4713 emunitatis
2018 4629 2150 4692 nomine
2184 4626 2226 4691 ab
2249 4626 2313 4691 hac
2336 4626 2390 4691 die

741 4730 894 4814 habeant,
919 4741 1053 4798 teneant
1076 4742 1175 4819 atque
1199 4732 1390 4819 possideant
1410 4744 1443 4799 et
1465 4734 1622 4821 quicquid
1637 4756 1696 4820 pro
1722 4733 1969 4820 opportunitate
1984 4731 2124 4816 ecclesie
2147 4730 2199 4795 vel
2222 4730 2388 4817 stipendio
2412 4747 2444 4795 35

740 4835 976 4901 monachorum
999 4838 1109 4902 facere
1133 4837 1300 4923 elegerint,
1334 4840 1367 4903 in
1391 4838 1571 4904 elemosina
1593 4848 1707 4904 nostra
1743 4840 1841 4904 etiam
1865 4846 1898 4901 et
1920 4836 2070 4921 coniugis
2093 4844 2126 4900 et
2150 4834 2249 4920 prolis
2283 4834 2388 4901 libero

741 4940 953 5025 perfruantur
975 4940 1110 5006 arbitrio
1135 4952 1168 5007 et
1191 4952 1228 5007 ut
1250 4941 1371 5007 ibidem
1394 4944 1518 5008 nostris
1542 4951 1575 5008 et
1597 4944 1715 5007 suturis
1738 4940 1940 5028 temporibus
1957 4940 2090 5005 domino
2115 4938 2299 5005 auxiliante
2315 4960 2389 5027 pro·

740 5044 831 5109 ficiat
854 5046 887 5110 in
910 5046 1106 5131 augmentis.
1153 5046 1261 5127 Quam
1285 5056 1387 5112 vero*
1409 5050 1665 5134 preceptionem,
1700 5056 1736 5111 nt
1757 5046 1881 5112 firmior
1910 5048 1961 5128 sit,
1996 5067 2094 5110 manu
2119 5045 2252 5129 propria
2275 5043 2390 5109 subter

742 5149 943 5214 firmavimus
967 5161 1000 5216 et
1024 5151 1063 5215 de
1088 5149 1186 5216 anulo
1211 5160 1322 5215 nostro
1349 5152 1486 5236 sigillari
1508 5153 1673 5216 iussimus.

845 5289 981 5376 Signum
1004 5290 1123 5356 Karoli
1148 5288 1426 5376 [gloriosissimi]h
1452 5292 1540 5375 regis
1564 5289 1640 5372 (n).
2411 5307 2444 5353 to

843 5420 938 5487 Rado
963 5420 1111 5486 advicem
1137 5420 1277 5487 Hitherii
1300 5423 1488 5507 recognovi.

844 5560 969 5625 Datum
993 5578 1046 5624 1111
1077 5584 1153 5626 non.
1178 5571 1262 5647 sept.
1287 5583 1373 5627 anno
1399 5580 1435 5624 vr
1461 5563 1552 5647 regni
1576 5562 1693 5643 nostri3
1731 5570 1840 5626 actum
1864 5559 2045 5644 Wormatie
2078 5558 2211 5623 civitate
2239 5555 2389 5642 publica3

741 5663 888 5729 feliciter.

836 5848 877 5902 82.
897 5849 924 5918 a)
940 5850 986 5903 eia
1005 5849 1101 5903 Renlet
1129 5849 1269 5904 rarenter
1292 5854 1402 5920 pesettt,
1431 5849 1491 5903 also
1514 5849 1621 5920 petitpt,
1646 5847 1839 5904 Emendatiou
1866 5849 1914 5903 des
1940 5848 2099 5904 Sebretbers
2220 5850 2249 5916 b)
2266 5865 2341 5903 corr.
2358 5850 2391 5903 ta

897 5921 1021 5971 omnibus
1039 5919 1163 5972 fidelibus
1182 5922 1290 5984 nostris,
1308 5920 1382 5973 nocta
1399 5918 1460 5973 dem
1477 5918 1715 5989 ursprstapliclseo
1731 5917 1861 5972 Bestuad
1879 5933 1956 5972 mass
1973 5918 2019 5971 eiu
2037 5917 2115 5973 Wort
2134 5917 2311 5988 rupefollea
2328 5919 2391 5973 sein
2412 5916 2445 5967 4⁶

896 5990 922 6057 c)
938 6004 1011 6043 corr.
1028 5988 1061 6042 in
1079 5996 1261 6056 nuncupatam
1382 5990 1409 6053 d)
1428 6003 1500 6042 corr.
1517 5989 1550 6041 tn
1567 5990 1667 6041 accolis
1789 5989 1815 6055 e)
1831 6003 1904 6042 corr.
1922 5988 1954 6041 ta
1972 5989 2107 6039 conscribi
2227 5988 2340 6053 tleorr.
2358 5988 2391 6041 ta

896 6062 1023 6127 temporis
1127 6062 1155 6127 g)
1173 6060 1318 6113 adiectitiis
1338 6057 1365 6112 B
1470 6058 1497 6125 h)
1515 6062 1631 6127 erpdart
1648 6073 1702 6111 oasa
1721 6068 1754 6110 ov
1770 6060 1811 6112 73.
