5642 7159
688 754 751 819 184
1288 756 1722 818 inienuusuuunuu
1744 719 1746 726 ’

686 967 770 1032 quae
799 966 860 1031 pro
891 942 1093 1029 compendiis
1123 965 1292 1010 servorum
1323 944 1375 1010 dei
1398 944 1481 1010 loeis
1514 943 1760 1011 venerabilibus
1789 943 1911 1029 largita
1943 943 1996 1011 vel
2026 947 2214 1012 condonata
2248 955 2335 1027 sunt,

685 1058 799 1116 nostro
822 1049 1000 1114 munimine
1023 1049 1269 1132 confirmamus,
1297 1050 1422 1136 regiam
1444 1048 1559 1136 inquid
1582 1050 1768 1115 exemimus
1797 1047 2069 1116 consuetudinem
2097 1059 2130 1116 et
2151 1049 2214 1115 hoc
2237 1047 2336 1114 nobis

685 1153 730 1219 ad
751 1152 933 1244 remedium
955 1152 1087 1220 animae
1109 1162 1221 1239 nostre
1243 1154 1277 1218 in
1300 1153 1353 1219 dei
1375 1155 1507 1219 nomine
1530 1153 1695 1240 pertinere
1718 1151 1926 1219 confidimus.
1948 1153 2057 1237 Igitur
2073 1160 2276 1239 compertum
2294 1153 2337 1218 sit

685 1259 831 1323 omnium
846 1265 1030 1322 vestrorum
1046 1256 1277 1343 magnitudini,
1303 1257 1446 1344 qualiter
1463 1257 1667 1324 venerabilis
1689 1259 1739 1322 vir
1755 1256 1965 1344 Apollonaris
1984 1256 2147 1323 eeclesiae
2163 1257 2336 1344 Regiensis

685 1362 862 1447 episcopus
901 1358 985 1446 <una
1012 1382 1088 1426 eum
1117 1359 1205 1426 clero
1234 1370 1267 1426 et
1300 1361 1423 1447 populo
1447 1360 1614 1447 praedicte
1642 1357 1825 1447 ecclesiae>
1864 1360 2074 1426 clementiam
2105 1361 2197 1446 regni
2230 1360 2375 1426 nostrie

685 1467 795 1552 petiit,
829 1464 883 1552 <ut
905 1466 1099 1532 electionem
1129 1489 1172 1531 ex
1195 1466 1282 1532 clero
1313 1466 1462 1552 praefate
1486 1488 1565 1532 suae
1588 1466 1748 1532 ecclesiae
1778 1465 2038 1551 omnitempore
2066 1464 2336 1530 concederemus.

684 1571 880 1657 Insuperet
902 1570 1028 1658 petiit),
1057 1580 1093 1636 ut
1116 1573 1221 1637 omnis
1250 1570 1348 1636 rebus
1371 1571 1476 1656 ipsius
1505 1571 1702 1657 episcopati,
1730 1591 1813 1656 quas
1841 1568 1998 1636 moderno
2026 1579 2173 1655 temporo
2201 1577 2270 1634 tem
2294 1569 2337 1635 de

686 1674 818 1740 datione
840 1697 955 1761 regum
978 1697 1142 1762 quamque
1164 1676 1352 1762 reginarum
1376 1697 1436 1740 seu
1458 1673 1658 1760 reliquorum
1682 1673 1743 1739 deo
1764 1675 1957 1739 'timentium
1979 1671 2148 1739 hominum
2170 1673 2223 1740 vel
2247 1673 2339 1760 qaod

686 1779 820 1844 inantea
848 1778 997 1845 additum
1019 1779 1074 1844 vel
1102 1779 1289 1865 delegatum
1311 1779 1410 1845 fuerit
1438 1787 1471 1844 et
1493 1779 1580 1845 iuste
1606 1788 1641 1845 et
1667 1777 1911 1844 rationabiliter
1940 1778 2111 1864 possidere
2141 1774 2336 1860 dinoscitur,

686 1882 747 1947 sub
771 1884 961 1948 emunitatis
984 1885 1115 1949 nomine
1138 1906 1198 1970 per
1221 1891 1368 1949 nostram
1392 1884 1645 1948 auctoritatem·
1667 1883 1711 1948 ad
1734 1881 1919 1968 predictum
1943 1892 2095 1949 sanctum
2121 1883 2231 1949 locum
2254 1903 2333 1948 con·
2360 1899 2392 1950 ιο

686 1985 803 2051 cedere
825 1985 878 2052 vel
901 1987 1095 2054 confirmare
1125 1986 1331 2071 deberemus,
1361 1995 1524 2074 quatenus
1547 1984 1656 2052 nullus
1685 1985 1785 2066 iudex
1812 1985 1967 2073 publicus
1990 1986 2113 2053 ibidem
2143 1986 2187 2054 ad
2214 2009 2335 2054 causas

565 2160 568 2164 ,
685 2090 868 2156 audiendas
897 2091 949 2157 vel
977 2093 1063 2157 freta
1091 2092 1255 2178 exigenda
1284 2114 1342 2158 seu
1371 2091 1559 2157 mansiones
1589 2090 1641 2156 vel
1670 2099 1807 2176 paratas
1836 2090 2010 2157 faciendas
2038 2114 2100 2158 noe
2125 2091 2334 2158 fideiussoris

686 2193 850 2261 tollendos
866 2218 973 2281 neque
988 2195 1096 2262 nullas
1119 2195 1344 2262 redibutiones
1361 2194 1514 2283 publicas
1536 2195 1750 2281 requirendas
1765 2195 1938 2282 ingredere
1953 2217 2015 2262 nec
2031 2205 2188 2262 exactare
2203 2197 2336 2282 penitus

686 2319 754 2364 non
776 2309 988 2384 presumeret.
1012 2299 1114 2368 Cuius
1137 2303 1330 2388 petitionem
1352 2323 1410 2388 pro
1436 2299 1547 2366 divino
1562 2300 1683 2365 intuitu
1706 2299 1870 2386 denegare
1886 2301 2062 2378 noluimus,
2086 2301 2207 2366 sedita
2233 2299 2335 2386 <eloc-

686 2400 827 2488 tionem)
861 2406 1068 2471 concessisse
1100 2403 1208 2489 <omni
1236 2413 1385 2491 tempore
1415 2427 1495 2471 suae
1524 2403 1703 2490 ecclesiae)
1736 2413 1837 2491 atque
1864 2405 1899 2488 in
1934 2403 2087 2471 omnibus
2121 2405 2338 2472 confirmasse
2362 2423 2394 2472 15

687 2509 886 2594 cognoscite.
936 2507 1005 2594 <De
1028 2518 1138 2575 cetero
1162 2505 1238 2595 et>¹¹
1261 2509 1474 2575 emunitatem
1497 2517 1644 2574 nostram
1668 2509 1697 2574 ei
1720 2507 1929 2575 conscribere
1951 2509 2125 2593 iussimus,
2156 2532 2215 2596 per
2238 2530 2338 2595 qaam

688 2612 819 2677 omnino
841 2610 1003 2688 iubemus,
1032 2623 1069 2679 ut
1090 2613 1201 2679 nullus
1225 2612 1381 2700 quislibet
1410 2612 1569 2680 devehis
1593 2635 1698 2700 neque
1722 2612 1763 2680 de
1786 2613 1961 2679 iudiciaria
1989 2622 2155 2700 potestate
2177 2616 2211 2680 in
2234 2616 2339 2682 curtis

687 2715 740 2781 vel
768 2714 868 2781 rebus
890 2717 995 2803 ipsius
1025 2717 1211 2803 episcopati
1234 2716 1279 2782 ad
1308 2739 1429 2783 causas
1452 2715 1635 2782 audiendas
1667 2737 1728 2782 nec
1750 2716 1837 2782 freta
1866 2717 2030 2803 exigenda
2060 2741 2118 2784 seu
2146 2721 2338 2785 mansiones

569 2819 573 2827 ’
687 2828 746 2884 aut
773 2828 909 2906 paratas
941 2820 1111 2886 faciendas
1140 2819 1194 2886 vel
1227 2821 1429 2887 fideiussoris
1462 2820 1627 2887 tollendos
1657 2843 1764 2906 neque
1793 2819 1901 2886 nullas
1931 2820 2155 2888 redibutiones
2186 2822 2339 2910 publicas

687 2925 902 3011 requirendas
923 2926 1095 3011 ingredere
1116 2947 1178 2991 nee
1201 2924 1361 2992 exactare
1381 2925 1449 2992 ullo
1473 2946 1629 3012 umquem
1652 2934 1800 3011 tempore
1823 2924 2010 2991 nullatenus
2033 2935 2253 3012 presumatur,
2277 2927 2337 2994 sed
2360 2944 2395 2995 20

689 3028 750 3095 sub
766 3031 955 3096 emunitatis
978 3031 1111 3096 nomine
1127 3051 1202 3095 cum
1226 3051 1339 3096 omnes
1356 3030 1459 3095 fretos
1482 3049 1660 3095 concessos
1676 3027 1787 3095 valeat
1808 3039 2010 3095 memoratus
2028 3031 2206 3118 episcopus
2223 3031 2340 3118 suique

689 3157 900 3203 successores
923 3137 1077 3222 omnique
1100 3144 1246 3221 tempore
1262 3135 1364 3221 quieti
1387 3135 1500 3198 vivere
1523 3155 1563 3199 ac
1578 3133 1741 3216 resedere,
1766 3143 1929 3220 quatenus
1946 3134 2063 3200 melius
2086 3132 2229 3202 delectet
2248 3137 2340 3223 ipos
2359 3213 2364 3220 ,

688 3261 803 3305 servos
827 3240 890 3325 dei,
915 3241 969 3326 qui
985 3239 1109 3306 ibidem
1134 3239 1193 3305 deo
1210 3237 1371 3305 famulare
1393 3237 1558 3320 videntur,
1584 3259 1643 3323 pro
1660 3235 1757 3302 nobis
1781 3240 1944 3324 uxorique
1967 3246 2082 3303 nostra
2105 3239 2206 3305 etiam
2228 3238 2340 3325 proles

689 3343 812 3410 domini
827 3344 1088 3410 misericordiam
1111 3344 1231 3429 iugiter
1246 3338 1394 3408 exorare.
1423 3341 1468 3405 Et
1482 3349 1519 3406 ut
1541 3339 1623 3406 haec
1644 3339 1818 3428 <electio⁰>
1844 3342 2007 3407 emunitas
2030 3341 2155 3409 firmior
2177 3342 2341 3409 habeatur

689 3457 721 3515 et
749 3447 910 3513 diuturnis
939 3446 1142 3534 temporibus
1170 3445 1287 3512 melius
1315 3453 1541 3527 conservetur,
1570 3467 1689 3511 manus
1721 3454 1858 3511 nostras
1894 3445 2202 3533 subscriptionibus
2232 3446 2346 3514 subter
2368 3465 2403 3514 25

689 3577 764 3620 eam
786 3555 998 3619 enotavimus
1021 3563 1055 3618 et
1077 3553 1118 3619 de
1140 3552 1240 3617 anulo
1264 3561 1377 3617 nostro
1402 3550 1548 3636 sigillare
1571 3551 1738 3617 iussimus.

793 3714 851 3792 (c.)
872 3710 887 3794 ξ
909 3711 1046 3798 Signum
1069 3716 1135 3791 (lt.)
1158 3708 1268 3776 Oaroli
1290 3707 1521 3796 gloriosissimi
1544 3708 1643 3792 regis.
1667 3707 1681 3792 ξ

793 3849 850 3934 (Ο.)
871 3855 886 3938 ξ
909 3849 1095 3917 Giltbertus
1118 3850 1269 3916 adricem
1292 3845 1441 3915 Rachoni
1463 3848 1641 3932 recognovi
1665 3855 1699 3913 et
1719 3845 1733 3928 l
1756 3850 1847 3926 (Sit).
1873 3850 1931 3927 (Sl.
1957 3851 2007 3927 D.)

791 3990 882 4055 Data
904 3991 938 4055 in
960 4013 1073 4058 mense
1096 3991 1185 4056 iunio
1209 3990 1262 4056 die
1285 4000 1402 4056 octavo
1426 3990 1459 4054 in
1483 4010 1570 4054 anno
1587 3991 1686 4054 tertio
1711 3988 1839 4054 decimo
1863 3997 1896 4054 et
1920 3991 2077 4075 septim03
2103 3997 2216 4055 aetum
2234 3989 2341 4075 Papia

690 4095 840 4179 civitate,
864 4096 897 4160 in
921 4095 973 4161 dei
995 4097 1127 4161 nomine
1151 4095 1301 4161 feliciter.
2363 4109 2397 4157 3ο

1473 4421 1559 4496 134.

689 4583 786 4655 Korl
805 4585 869 4656 der
894 4582 1021 4656 Gresse
1042 4584 1201 4676 testetur
1219 4586 1298 4656 dem
1320 4582 1465 4656 Kloster
1483 4581 1603 4655 Sesto
1624 4583 1681 4654 die
1701 4604 1779 4654 eom
1799 4580 2159 4673 Lenpobordeoleoeip
2176 4578 2343 4652 Adeloleis

687 4705 897 4796 pemachios,
933 4704 1016 4776 eber
1049 4706 1142 4778 nieht
1176 4729 1221 4777 ze
1254 4705 1363 4776 Reelet
1396 4704 1619 4776 besteleeodee
1645 4701 1891 4796 Sebeoleenpeo
1925 4727 1991 4776 ooo
2017 4701 2342 4791 Fiscelee’oletc'esten

691 4828 766 4898 ond
791 4825 1035 4919 Besiteoopco.

1984 4962 2028 4972 -
2050 4931 2110 4990 781
2136 4930 2218 4990 Jam·
2241 4936 2293 4994 11.
2364 4943 2398 4993 ³6

794 5122 948 5194 Absetrr'ft
970 5123 1022 5184 des
1045 5126 1096 5186 15.
1120 5123 1173 5183 Jb.
1198 5124 1241 5182 im
1262 5123 1427 5182 Processes
1451 5123 1485 5180 e'n
1507 5121 1559 5180 lite
1580 5121 1645 5180 abb.
1669 5120 1816 5181 Sesteosis
1839 5119 1863 5192 f.
1887 5113 1939 5181 94'
1962 5121 1995 5179 in
2022 5119 2074 5180 der
2095 5119 2345 5182 Stadtte'bls'othek

793 5224 960 5308 eussUdioe
983 5225 1045 5306 (O).
1068 5259 1111 5270 -
1134 5225 1327 5298 Abselrre'ften
1349 5225 1400 5284 des
1422 5227 1475 5284 17.
1492 5224 1545 5286 Je.
1569 5226 1602 5282 r‘n
1625 5223 1677 5283 der
1700 5223 1876 5297 Sommlenq
1898 5223 1996 5297 Joppi
2016 5242 2058 5284 su
2073 5224 2181 5283 ¹Uelina
2204 5223 2270 5303 (G),
2294 5226 2344 5286 dee

794 5335 847 5394 18.
871 5332 926 5394 Jh.
949 5332 1059 5408 in'fder
1082 5332 1258 5406 Sommleny
1280 5332 1449 5390 Footonim‘
1470 5330 1532 5390 Ms.
1556 5329 1675 5389 miscell.
1701 5331 1762 5390 649
1782 5346 1815 5402 p.
1836 5331 1898 5390 459
1923 5346 1959 5388 ec
1981 5330 2040 5390 tot.
2057 5331 2138 5390 Soet.
2163 5331 2205 5388 im
2228 5329 2346 5390 Steots-

795 5437 958 5497 arcuisse
985 5436 1112 5510 Venedip
1136 5435 1204 5514 (H).

797 5575 893 5637 Siekel
915 5575 1011 5635 Beitr.
1027 5594 1056 5637 a.
1072 5575 1158 5648 Dipl.
1180 5577 1208 5636 V
1234 5576 1353 5636 Wiener
1375 5573 1436 5634 SR.
1461 5575 1512 5645 49,
1536 5574 1599 5634 394
1621 5575 1696 5633 21⁰5
1720 5572 1930 5653 (Seodeeobdr.
1955 5571 2009 5651 86)
2033 5589 2090 5632 aas
2115 5569 2146 5634 0.
2174 5605 2213 5615 -
2239 5571 2344 5630 Mitti-
2367 5584 2402 5634 ιο

795 5683 901 5742 bacher
922 5682 997 5756 Req.
1019 5685 1081 5742 241
1107 5679 1209 5759 (232).

798 5822 985 5896 Selbstdndip
1007 5823 1139 5885 stilisirt.

772 6008 830 6064 lte.
850 6010 876 6077 a)
893 6012 1059 6061 actoritatsm
1077 6010 1105 6064 Δ
1192 6011 1220 6074 b)
1237 6007 1412 6074 formetrecnt
1431 6009 1576 6074 Propterea
1594 6008 1664 6057 hanc
1681 6004 1733 6074 opi.
1752 6015 1785 6058 ιιι
1798 6007 1842 6072 99,
1861 6007 1923 6071 147,
1942 6005 1994 6056 156
2067 6003 2093 6066 e)
2110 5999 2178 6053 eber
2197 5999 2247 6052 der
2266 5998 2343 6053 Zetle

847 6095 901 6132 ooo
919 6079 1060 6134 derselbeo
1077 6079 1169 6133 Hand
1186 6079 1249 6132 end
1266 6079 1317 6132 nsit
1335 6076 1477 6131 desselben
1496 6076 1578 6131 Tinte
1595 6076 1808 6145 rrachpetrepen.
