<?xml version="1.0" encoding="UTF-8"?>
<!DOCTYPE html PUBLIC "-//W3C//DTD XHTML 1.0 Transitional//EN"
    "http://www.w3.org/TR/xhtml1/DTD/xhtml1-transitional.dtd">
<html xmlns="http://www.w3.org/1999/xhtml" xml:lang="en" lang="en">
 <head>
  <title>
</title>
<meta http-equiv="Content-Type" content="text/html;charset=utf-8" />
  <meta name='ocr-system' content='tesseract 3.04.00' />
  <meta name='ocr-capabilities' content='ocr_page ocr_carea ocr_par ocr_line ocrx_word'/>
</head>
<body>
  <div class='ocr_page' id='page_1' title='image "./monumentagerman01goog/monumentagerman01goog_0446.png"; bbox 0 0 5642 7159; ppageno 0'>
   <div class='ocr_carea' id='block_1_1' title="bbox 1070 705 1561 765">
    <p class='ocr_par' dir='ltr' id='par_1_1' title="bbox 1070 705 1561 765">
     <span class='ocr_line' id='line_1_1' title="bbox 1070 705 1561 765; baseline -0.008 0"><span class='ocrx_word' id='word_1_1' title='bbox 1070 706 1189 765; x_wconf 70' lang='lat' dir='ltr'><strong>Kalen</strong></span> <span class='ocrx_word' id='word_1_2' title='bbox 1212 705 1299 764; x_wconf 74' lang='lat' dir='ltr'><strong>nna</strong></span> <span class='ocrx_word' id='word_1_3' title='bbox 1321 705 1488 764; x_wconf 76' lang='lat' dir='ltr'><strong>oaossn</strong></span> <span class='ocrx_word' id='word_1_4' title='bbox 1511 737 1561 761; x_wconf 89' lang='lat'><strong>-.</strong></span> 
     </span>
    </p>
   </div>
   <div class='ocr_carea' id='block_1_2' title="bbox 1231 891 1412 1112">
    <p class='ocr_par' dir='ltr' id='par_1_2' title="bbox 1231 891 1412 1112">
     <span class='ocr_line' id='line_1_2' title="bbox 1279 891 1366 967; baseline 0 -1"><span class='ocrx_word' id='word_1_5' title='bbox 1279 891 1366 967; x_wconf 78' lang='lat'><strong>289.</strong></span> 
     </span>
     <span class='ocr_line' id='line_1_3' title="bbox 1231 1033 1412 1112; baseline -0.022 -17"><span class='ocrx_word' id='word_1_6' title='bbox 1231 1033 1412 1112; x_wconf 65' lang='lat' dir='ltr'><strong>(naeres.)</strong></span> 
     </span>
    </p>
   </div>
   <div class='ocr_carea' id='block_1_3' title="bbox 498 1171 2139 1386">
    <p class='ocr_par' dir='ltr' id='par_1_3' title="bbox 498 1171 2139 1386">
     <span class='ocr_line' id='line_1_4' title="bbox 498 1171 2139 1263; baseline -0.004 -17"><span class='ocrx_word' id='word_1_7' title='bbox 498 1175 594 1247; x_wconf 86' lang='lat' dir='ltr'><strong>Karl</strong></span> <span class='ocrx_word' id='word_1_8' title='bbox 615 1177 679 1247; x_wconf 82' lang='lat' dir='ltr'><strong>der</strong></span> <span class='ocrx_word' id='word_1_9' title='bbox 704 1174 833 1247; x_wconf 73' lang='lat' dir='ltr'><strong>erasse</strong></span> <span class='ocrx_word' id='word_1_10' title='bbox 858 1174 996 1246; x_wconf 78' lang='lat' dir='ltr'><strong>sebeolet</strong></span> <span class='ocrx_word' id='word_1_11' title='bbox 1016 1176 1094 1246; x_wconf 86' lang='lat' dir='ltr'><strong>dem</strong></span> <span class='ocrx_word' id='word_1_12' title='bbox 1115 1174 1259 1246; x_wconf 85' lang='lat' dir='ltr'><strong>Kloster</strong></span> <span class='ocrx_word' id='word_1_13' title='bbox 1284 1174 1431 1245; x_wconf 77' lang='lat' dir='ltr'><strong>Fatela</strong></span> <span class='ocrx_word' id='word_1_14' title='bbox 1458 1175 1524 1245; x_wconf 79' lang='lat' dir='ltr'><strong>eleo</strong></span> <span class='ocrx_word' id='word_1_15' title='bbox 1546 1173 1671 1245; x_wconf 80' lang='lat' dir='ltr'><strong>Fiscus</strong></span> <span class='ocrx_word' id='word_1_16' title='bbox 1692 1171 1947 1263; x_wconf 79' lang='lat' dir='ltr'><strong>Hammelbarp</strong></span> <span class='ocrx_word' id='word_1_17' title='bbox 1972 1172 2047 1242; x_wconf 78' lang='lat' dir='ltr'><strong>aad</strong></span> <span class='ocrx_word' id='word_1_18' title='bbox 2072 1173 2139 1241; x_wconf 79' lang='lat' dir='ltr'><strong>eleo</strong></span> 
     </span>
     <span class='ocr_line' id='line_1_5' title="bbox 503 1295 770 1386; baseline 0.004 -18"><span class='ocrx_word' id='word_1_19' title='bbox 503 1296 569 1369; x_wconf 80' lang='lat' dir='ltr'><strong>Oet</strong></span> <span class='ocrx_word' id='word_1_20' title='bbox 596 1295 770 1386; x_wconf 77' lang='lat' dir='ltr'><strong>Hetafelel.</strong></span> 
     </span>
    </p>
   </div>
   <div class='ocr_carea' id='block_1_4' title="bbox 461 1414 2095 1460">
    <p class='ocr_par' dir='ltr' id='par_1_4' title="bbox 461 1414 2095 1460">
     <span class='ocr_line' id='line_1_6' title="bbox 461 1414 2095 1460; baseline -0.013 0"><span class='ocrx_word' id='word_1_21' title='bbox 461 1414 477 1460; x_wconf 81' lang='lat'><strong>5</strong></span> <span class='ocrx_word' id='word_1_22' title='bbox 1886 1428 2095 1440; x_wconf 80' lang='lat'>......</span> 
     </span>
    </p>
   </div>
   <div class='ocr_carea' id='block_1_5' title="bbox 604 1586 2141 1665">
    <p class='ocr_par' dir='ltr' id='par_1_5' title="bbox 604 1586 2141 1665">
     <span class='ocr_line' id='line_1_7' title="bbox 604 1586 2141 1665; baseline -0.004 -13"><span class='ocrx_word' id='word_1_23' title='bbox 604 1588 674 1654; x_wconf 85' lang='lat' dir='ltr'><strong>Cod.</strong></span> <span class='ocrx_word' id='word_1_24' title='bbox 696 1589 867 1652; x_wconf 75' lang='lat' dir='ltr'><strong>Eberhardi</strong></span> <span class='ocrx_word' id='word_1_25' title='bbox 893 1609 950 1652; x_wconf 80' lang='lat' dir='ltr'><strong>aas</strong></span> <span class='ocrx_word' id='word_1_26' title='bbox 978 1592 1032 1652; x_wconf 96' lang='grc' dir='ltr'><strong>ἄεν</strong></span> <span class='ocrx_word' id='word_1_27' title='bbox 1052 1592 1142 1652; x_wconf 75' lang='lat' dir='ltr'><strong>Mitte</strong></span> <span class='ocrx_word' id='word_1_28' title='bbox 1169 1588 1507 1662; x_wconf 66' lang='lat' dir='ltr'><strong>desaltato</strong></span> <span class='ocrx_word' id='word_1_29' title='bbox 1536 1592 1579 1650; x_wconf 77' lang='lat' dir='ltr'><strong>im</strong></span> <span class='ocrx_word' id='word_1_30' title='bbox 1606 1591 1808 1651; x_wconf 80' lang='lat' dir='ltr'><strong>Stastsaeebe&#39;o</strong></span> <span class='ocrx_word' id='word_1_31' title='bbox 1839 1607 1880 1648; x_wconf 82' lang='lat' dir='ltr'><strong>ea</strong></span> <span class='ocrx_word' id='word_1_32' title='bbox 1908 1588 2055 1662; x_wconf 75' lang='lat' dir='ltr'><strong>Marbarp</strong></span> <span class='ocrx_word' id='word_1_33' title='bbox 2079 1586 2141 1665; x_wconf 90' lang='lat' dir='ltr'><strong>(C).</strong></span> 
     </span>
    </p>
   </div>
   <div class='ocr_carea' id='block_1_6' title="bbox 604 1726 2143 1914">
    <p class='ocr_par' dir='ltr' id='par_1_6' title="bbox 604 1726 2143 1914">
     <span class='ocr_line' id='line_1_8' title="bbox 604 1726 2143 1806; baseline -0.005 -14"><span class='ocrx_word' id='word_1_34' title='bbox 604 1730 757 1806; x_wconf 74' lang='lat' dir='ltr'><strong>Scbbtipees</strong></span> <span class='ocrx_word' id='word_1_35' title='bbox 785 1735 811 1790; x_wconf 85' lang='lat' dir='ltr'><strong>et</strong></span> <span class='ocrx_word' id='word_1_36' title='bbox 840 1731 970 1806; x_wconf 72' lang='lat' dir='ltr'><strong>Kreyae&#39;y</strong></span> <span class='ocrx_word' id='word_1_37' title='bbox 998 1731 1222 1806; x_wconf 78' lang='lat' dir='ltr'><strong>Diplomatare&#39;a</strong></span> <span class='ocrx_word' id='word_1_38' title='bbox 1244 1735 1274 1801; x_wconf 86' lang='lat'><strong>1,</strong></span> <span class='ocrx_word' id='word_1_39' title='bbox 1298 1734 1317 1791; x_wconf 90' lang='grc'><em>9</em></span> <span class='ocrx_word' id='word_1_40' title='bbox 1341 1736 1375 1788; x_wconf 82' lang='lat' dir='ltr'><strong>es⁰</strong></span> <span class='ocrx_word' id='word_1_41' title='bbox 1393 1731 1437 1791; x_wconf 84' lang='grc'><strong>23</strong></span> <span class='ocrx_word' id='word_1_42' title='bbox 1466 1747 1523 1790; x_wconf 85' lang='lat' dir='ltr'><strong>aas</strong></span> <span class='ocrx_word' id='word_1_43' title='bbox 1546 1727 1702 1801; x_wconf 70' lang='lat' dir='ltr'><strong>Abeebeift</strong></span> <span class='ocrx_word' id='word_1_44' title='bbox 1729 1747 1784 1789; x_wconf 79' lang='lat' dir='ltr'><strong>oon</strong></span> <span class='ocrx_word' id='word_1_45' title='bbox 1808 1726 1839 1788; x_wconf 82' lang='lat'><strong>0.</strong></span> <span class='ocrx_word' id='word_1_46' title='bbox 1877 1761 1913 1772; x_wconf 90' lang='lat'><em>-</em></span> <span class='ocrx_word' id='word_1_47' title='bbox 1951 1727 2143 1787; x_wconf 72' lang='lat' dir='ltr'><strong>moldoaeter</strong></span> 
     </span>
     <span class='ocr_line' id='line_1_9' title="bbox 604 1833 2053 1914; baseline -0.003 -20"><span class='ocrx_word' id='word_1_48' title='bbox 604 1835 679 1909; x_wconf 64' lang='lat' dir='ltr'><strong>Rea.</strong></span> <span class='ocrx_word' id='word_1_49' title='bbox 701 1835 765 1895; x_wconf 86' lang='grc'><strong>206</strong></span> <span class='ocrx_word' id='word_1_50' title='bbox 789 1833 888 1914; x_wconf 85' lang='grc'><strong>(202).</strong></span> <span class='ocrx_word' id='word_1_51' title='bbox 2051 1841 2053 1844; x_wconf 84' lang='grc'><strong><em>·</em></strong></span> 
     </span>
    </p>
   </div>
   <div class='ocr_carea' id='block_1_7' title="bbox 605 1970 2145 2362">
    <p class='ocr_par' dir='ltr' id='par_1_7' title="bbox 605 1970 2145 2362">
     <span class='ocr_line' id='line_1_10' title="bbox 605 1970 2143 2049; baseline -0.001 -17"><span class='ocrx_word' id='word_1_52' title='bbox 605 1973 717 2046; x_wconf 65' lang='lat' dir='ltr'><strong>Elaeae</strong></span> <span class='ocrx_word' id='word_1_53' title='bbox 738 1973 842 2032; x_wconf 82' lang='lat' dir='ltr'><strong>Moebe</strong></span> <span class='ocrx_word' id='word_1_54' title='bbox 864 1973 1037 2034; x_wconf 81' lang='lat' dir='ltr'><strong>Eberhards</strong></span> <span class='ocrx_word' id='word_1_55' title='bbox 1064 1975 1138 2034; x_wconf 81' lang='lat' dir='ltr'><strong>abne</strong></span> <span class='ocrx_word' id='word_1_56' title='bbox 1158 1975 1341 2049; x_wconf 73' lang='lat' dir='ltr'><strong>Bendtsaap</strong></span> <span class='ocrx_word' id='word_1_57' title='bbox 1368 1976 1450 2034; x_wconf 79' lang='lat' dir='ltr'><strong>einer</strong></span> <span class='ocrx_word' id='word_1_58' title='bbox 1477 1974 1576 2033; x_wconf 79' lang='lat' dir='ltr'><strong>eelrtea</strong></span> <span class='ocrx_word' id='word_1_59' title='bbox 1602 1973 1733 2046; x_wconf 73' lang='lat' dir='ltr'><strong>Vorlape,</strong></span> <span class='ocrx_word' id='word_1_60' title='bbox 1769 1973 1821 2032; x_wconf 90' lang='grc' dir='ltr'><strong>ἄεν</strong></span> <span class='ocrx_word' id='word_1_61' title='bbox 1847 1971 2024 2032; x_wconf 80' lang='lat' dir='ltr'><strong>Keieerte&#39;tel</strong></span> <span class='ocrx_word' id='word_1_62' title='bbox 2049 1970 2143 2030; x_wconf 83' lang='lat' dir='ltr'><strong>Karls</strong></span> 
     </span>
     <span class='ocr_line' id='line_1_11' title="bbox 607 2076 2143 2150; baseline 0 -14"><span class='ocrx_word' id='word_1_63' title='bbox 607 2077 858 2149; x_wconf 80' lang='lat' dir='ltr'><strong>wabrsebes&#39;ala&#39;eb,</strong></span> <span class='ocrx_word' id='word_1_64' title='bbox 882 2078 922 2136; x_wconf 84' lang='grc' dir='ltr'><strong>ἄε</strong></span> <span class='ocrx_word' id='word_1_65' title='bbox 943 2077 1046 2137; x_wconf 78' lang='lat' dir='ltr'><strong>Fuldo</strong></span> <span class='ocrx_word' id='word_1_66' title='bbox 1067 2077 1152 2139; x_wconf 72' lang='lat' dir='ltr'><strong>telae</strong></span> <span class='ocrx_word' id='word_1_67' title='bbox 1179 2079 1342 2140; x_wconf 80' lang='lat' dir='ltr'><strong>Urbanden</strong></span> <span class='ocrx_word' id='word_1_68' title='bbox 1364 2096 1421 2139; x_wconf 82' lang='lat' dir='ltr'><strong>aas</strong></span> <span class='ocrx_word' id='word_1_69' title='bbox 1444 2079 1497 2138; x_wconf 91' lang='grc' dir='ltr'><strong>ἄεν</strong></span> <span class='ocrx_word' id='word_1_70' title='bbox 1513 2079 1680 2138; x_wconf 78' lang='lat' dir='ltr'><strong>Kaisereee&#39;t</strong></span> <span class='ocrx_word' id='word_1_71' title='bbox 1695 2076 1788 2137; x_wconf 87' lang='lat' dir='ltr'><strong>Karls</strong></span> <span class='ocrx_word' id='word_1_72' title='bbox 1811 2079 1919 2150; x_wconf 81' lang='lat' dir='ltr'><strong>besses,</strong></span> <span class='ocrx_word' id='word_1_73' title='bbox 1943 2094 2000 2137; x_wconf 81' lang='lat' dir='ltr'><strong>aas</strong></span> <span class='ocrx_word' id='word_1_74' title='bbox 2021 2082 2056 2136; x_wconf 83' lang='lat' dir='ltr'><strong>n⁰</strong></span> <span class='ocrx_word' id='word_1_75' title='bbox 2068 2079 2143 2137; x_wconf 85' lang='grc'><strong>213.</strong></span> 
     </span>
     <span class='ocr_line' id='line_1_12' title="bbox 605 2179 2145 2258; baseline 0.001 -18"><span class='ocrx_word' id='word_1_76' title='bbox 605 2181 665 2241; x_wconf 81' lang='lat' dir='ltr'><strong>Die</strong></span> <span class='ocrx_word' id='word_1_77' title='bbox 681 2181 855 2256; x_wconf 66' lang='lat' dir='ltr'><strong>&amp;tentare</strong></span> <span class='ocrx_word' id='word_1_78' title='bbox 871 2182 1100 2258; x_wconf 72' lang='lat' dir='ltr'><strong>Hammelbarpe</strong></span> <span class='ocrx_word' id='word_1_79' title='bbox 1122 2182 1232 2242; x_wconf 70' lang='lat' dir='ltr'><strong>manee</strong></span> <span class='ocrx_word' id='word_1_80' title='bbox 1247 2182 1406 2242; x_wconf 78' lang='lat' dir='ltr'><strong><em>Eberhard</em></strong></span> <span class='ocrx_word' id='word_1_81' title='bbox 1428 2200 1485 2242; x_wconf 84' lang='lat' dir='ltr'><strong>aas</strong></span> <span class='ocrx_word' id='word_1_82' title='bbox 1500 2188 1535 2240; x_wconf 73' lang='grc' dir='ltr'><em>νᾶ</em></span> <span class='ocrx_word' id='word_1_83' title='bbox 1548 2184 1622 2254; x_wconf 94' lang='grc'><strong><em>116,</em></strong></span> <span class='ocrx_word' id='word_1_84' title='bbox 1646 2182 1695 2241; x_wconf 82' lang='lat' dir='ltr'><strong>die</strong></span> <span class='ocrx_word' id='word_1_85' title='bbox 1710 2181 1761 2242; x_wconf 86' lang='lat' dir='ltr'><strong>des</strong></span> <span class='ocrx_word' id='word_1_86' title='bbox 1776 2179 1931 2253; x_wconf 78' lang='lat' dir='ltr'><strong>Hitnfelds</strong></span> <span class='ocrx_word' id='word_1_87' title='bbox 1946 2197 2003 2240; x_wconf 80' lang='lat' dir='ltr'><strong>aas</strong></span> <span class='ocrx_word' id='word_1_88' title='bbox 2018 2183 2145 2252; x_wconf 74' lang='lat' dir='ltr'><strong>a⁰1395</strong></span> 
     </span>
     <span class='ocr_line' id='line_1_13' title="bbox 606 2285 1969 2362; baseline 0.001 -18"><span class='ocrx_word' id='word_1_89' title='bbox 606 2285 655 2345; x_wconf 78' lang='lat' dir='ltr'><strong>de&#39;e</strong></span> <span class='ocrx_word' id='word_1_90' title='bbox 677 2286 794 2346; x_wconf 78' lang='lat' dir='ltr'><strong>letetere</strong></span> <span class='ocrx_word' id='word_1_91' title='bbox 820 2286 962 2347; x_wconf 81' lang='lat' dir='ltr'><strong>Urbande</strong></span> <span class='ocrx_word' id='word_1_92' title='bbox 984 2287 1087 2346; x_wconf 81' lang='lat' dir='ltr'><strong>warde</strong></span> <span class='ocrx_word' id='word_1_93' title='bbox 1109 2304 1165 2347; x_wconf 79' lang='lat' dir='ltr'><strong>oon</strong></span> <span class='ocrx_word' id='word_1_94' title='bbox 1186 2288 1248 2346; x_wconf 80' lang='lat' dir='ltr'><strong>ihm</strong></span> <span class='ocrx_word' id='word_1_95' title='bbox 1270 2287 1344 2347; x_wconf 82' lang='lat' dir='ltr'><strong>acob</strong></span> <span class='ocrx_word' id='word_1_96' title='bbox 1366 2289 1464 2362; x_wconf 77' lang='lat' dir='ltr'><strong>eipeas</strong></span> <span class='ocrx_word' id='word_1_97' title='bbox 1486 2289 1520 2347; x_wconf 81' lang='lat' dir='ltr'><strong>io</strong></span> <span class='ocrx_word' id='word_1_98' title='bbox 1542 2288 1640 2347; x_wconf 85' lang='lat' dir='ltr'><strong>see‘aer</strong></span> <span class='ocrx_word' id='word_1_99' title='bbox 1660 2286 1757 2347; x_wconf 82' lang='lat' dir='ltr'><strong>Wes&#39;ee</strong></span> <span class='ocrx_word' id='word_1_100' title='bbox 1778 2285 1969 2346; x_wconf 81' lang='lat' dir='ltr'><strong>veraneebtet.</strong></span> 
     </span>
    </p>
   </div>
   <div class='ocr_carea' id='block_1_8' title="bbox 452 2469 2153 4227">
    <p class='ocr_par' dir='ltr' id='par_1_8' title="bbox 452 2469 2153 4227">
     <span class='ocr_line' id='line_1_14' title="bbox 606 2469 2148 2559; baseline -0.001 -23"><span class='ocrx_word' id='word_1_101' title='bbox 606 2469 748 2536; x_wconf 77' lang='lat' dir='ltr'><strong>Carolus</strong></span> <span class='ocrx_word' id='word_1_102' title='bbox 779 2472 1006 2538; x_wconf 89' lang='lat' dir='ltr'><strong>serenissimus</strong></span> <span class='ocrx_word' id='word_1_103' title='bbox 1034 2483 1194 2559; x_wconf 90' lang='lat' dir='ltr'><strong>augustus</strong></span> <span class='ocrx_word' id='word_1_104' title='bbox 1217 2494 1237 2537; x_wconf 95' lang='lat' dir='ltr'><strong>a</strong></span> <span class='ocrx_word' id='word_1_105' title='bbox 1261 2473 1322 2538; x_wconf 93' lang='lat' dir='ltr'><strong>deo</strong></span> <span class='ocrx_word' id='word_1_106' title='bbox 1352 2482 1532 2540; x_wconf 90' lang='lat' dir='ltr'><strong>coronatus</strong></span> <span class='ocrx_word' id='word_1_107' title='bbox 1561 2495 1701 2559; x_wconf 86' lang='lat' dir='ltr'><strong>magnus</strong></span> <span class='ocrx_word' id='word_1_108' title='bbox 1728 2473 1886 2558; x_wconf 87' lang='lat' dir='ltr'><strong>pacificus</strong></span> <span class='ocrx_word' id='word_1_109' title='bbox 1913 2473 2092 2558; x_wconf 90' lang='lat' dir='ltr'><strong>imperator</strong></span> <span class='ocrx_word' id='word_1_110' title='bbox 2114 2480 2148 2536; x_wconf 88' lang='lat' dir='ltr'><strong>et</strong></span> 
     </span>
     <span class='ocr_line' id='line_1_15' title="bbox 505 2575 2147 2663; baseline 0 -24"><span class='ocrx_word' id='word_1_111' title='bbox 505 2575 689 2641; x_wconf 87' lang='lat' dir='ltr'><strong>advocatus</strong></span> <span class='ocrx_word' id='word_1_112' title='bbox 711 2576 946 2660; x_wconf 79' lang='lat' dir='ltr'><strong>Romanorum,</strong></span> <span class='ocrx_word' id='word_1_113' title='bbox 982 2578 1037 2663; x_wconf 92' lang='lat' dir='ltr'><strong>qui</strong></span> <span class='ocrx_word' id='word_1_114' title='bbox 1062 2587 1095 2644; x_wconf 92' lang='lat' dir='ltr'><strong>et</strong></span> <span class='ocrx_word' id='word_1_115' title='bbox 1117 2600 1176 2663; x_wconf 91' lang='lat' dir='ltr'><strong>per</strong></span> <span class='ocrx_word' id='word_1_116' title='bbox 1198 2578 1458 2644; x_wconf 88' lang='lat' dir='ltr'><strong>misericordiam</strong></span> <span class='ocrx_word' id='word_1_117' title='bbox 1481 2577 1533 2643; x_wconf 94' lang='lat' dir='ltr'><strong>dei</strong></span> <span class='ocrx_word' id='word_1_118' title='bbox 1557 2601 1617 2644; x_wconf 86' lang='lat' dir='ltr'><strong>rex</strong></span> <span class='ocrx_word' id='word_1_119' title='bbox 1639 2577 1845 2643; x_wconf 79' lang='lat' dir='ltr'><strong>Francorum</strong></span> <span class='ocrx_word' id='word_1_120' title='bbox 1874 2575 1976 2641; x_wconf 91' lang='lat' dir='ltr'><strong>multo</strong></span> <span class='ocrx_word' id='word_1_121' title='bbox 1999 2585 2147 2662; x_wconf 91' lang='lat' dir='ltr'><strong>tempore</strong></span> 
     </span>
     <span class='ocr_line' id='line_1_16' title="bbox 452 2679 2148 2768; baseline 0.001 -24"><span class='ocrx_word' id='word_1_122' title='bbox 452 2697 484 2746; x_wconf 79' lang='lat'><strong>16</strong></span> <span class='ocrx_word' id='word_1_123' title='bbox 506 2679 614 2745; x_wconf 87' lang='lat' dir='ltr'><strong>dictus</strong></span> <span class='ocrx_word' id='word_1_124' title='bbox 637 2689 669 2745; x_wconf 91' lang='lat' dir='ltr'><strong>et</strong></span> <span class='ocrx_word' id='word_1_125' title='bbox 684 2681 846 2767; x_wconf 91' lang='lat' dir='ltr'><strong>cognitus,</strong></span> <span class='ocrx_word' id='word_1_126' title='bbox 871 2680 1024 2747; x_wconf 91' lang='lat' dir='ltr'><strong>omnibus</strong></span> <span class='ocrx_word' id='word_1_127' title='bbox 1046 2680 1199 2748; x_wconf 89' lang='lat' dir='ltr'><strong>fidelibus</strong></span> <span class='ocrx_word' id='word_1_128' title='bbox 1215 2680 1339 2747; x_wconf 78' lang='lat' dir='ltr'><strong>Christi</strong></span> <span class='ocrx_word' id='word_1_129' title='bbox 1357 2704 1398 2747; x_wconf 88' lang='lat' dir='ltr'><strong>ac</strong></span> <span class='ocrx_word' id='word_1_130' title='bbox 1411 2684 1536 2748; x_wconf 90' lang='lat' dir='ltr'><strong>nostris</strong></span> <span class='ocrx_word' id='word_1_131' title='bbox 1559 2683 1701 2768; x_wconf 86' lang='lat' dir='ltr'><strong>gratiam</strong></span> <span class='ocrx_word' id='word_1_132' title='bbox 1716 2690 1749 2746; x_wconf 92' lang='lat' dir='ltr'><strong>et</strong></span> <span class='ocrx_word' id='word_1_133' title='bbox 1772 2679 1921 2746; x_wconf 87' lang='lat' dir='ltr'><strong>salutem.</strong></span> <span class='ocrx_word' id='word_1_134' title='bbox 2025 2679 2148 2746; x_wconf 88' lang='lat' dir='ltr'><strong>Notum</strong></span> 
     </span>
     <span class='ocr_line' id='line_1_17' title="bbox 506 2782 2147 2872; baseline 0 -24"><span class='ocrx_word' id='word_1_135' title='bbox 506 2784 549 2849; x_wconf 89' lang='lat' dir='ltr'><strong>sit</strong></span> <span class='ocrx_word' id='word_1_136' title='bbox 562 2782 734 2849; x_wconf 77' lang='lat' dir='ltr'><strong>fidelitati·</strong></span> <span class='ocrx_word' id='word_1_137' title='bbox 755 2794 874 2870; x_wconf 72' lang='lat' dir='ltr'><strong>vestre,</strong></span> <span class='ocrx_word' id='word_1_138' title='bbox 898 2785 1038 2872; x_wconf 87' lang='lat' dir='ltr'><strong>qualiter</strong></span> <span class='ocrx_word' id='word_1_139' title='bbox 1053 2808 1114 2851; x_wconf 94' lang='lat' dir='ltr'><strong>nos</strong></span> <span class='ocrx_word' id='word_1_140' title='bbox 1137 2785 1247 2851; x_wconf 87' lang='lat' dir='ltr'><strong>divino</strong></span> <span class='ocrx_word' id='word_1_141' title='bbox 1265 2808 1377 2852; x_wconf 94' lang='lat' dir='ltr'><strong>amore</strong></span> <span class='ocrx_word' id='word_1_142' title='bbox 1400 2786 1590 2872; x_wconf 82' lang='lat' dir='ltr'><strong>compuncti</strong></span> <span class='ocrx_word' id='word_1_143' title='bbox 1606 2783 1829 2850; x_wconf 86' lang='lat' dir='ltr'><strong>venerabilem</strong></span> <span class='ocrx_word' id='word_1_144' title='bbox 1845 2783 1954 2850; x_wconf 91' lang='lat' dir='ltr'><strong>locum</strong></span> <span class='ocrx_word' id='word_1_145' title='bbox 1969 2783 2147 2849; x_wconf 83' lang='lat' dir='ltr'><strong>Fuldensis</strong></span> 
     </span>
     <span class='ocr_line' id='line_1_18' title="bbox 506 2885 2150 2978; baseline 0.001 -27"><span class='ocrx_word' id='word_1_146' title='bbox 506 2888 697 2952; x_wconf 89' lang='lat' dir='ltr'><strong>monasterii</strong></span> <span class='ocrx_word' id='word_1_147' title='bbox 725 2908 787 2974; x_wconf 91' lang='lat' dir='ltr'><strong>pro</strong></span> <span class='ocrx_word' id='word_1_148' title='bbox 816 2885 940 2954; x_wconf 93' lang='lat' dir='ltr'><strong>honore</strong></span> <span class='ocrx_word' id='word_1_149' title='bbox 969 2891 1168 2957; x_wconf 74' lang='lat' dir='ltr'><strong>sanctissimi</strong></span> <span class='ocrx_word' id='word_1_150' title='bbox 1197 2891 1361 2956; x_wconf 87' lang='lat' dir='ltr'><strong>Bonifacii</strong></span> <span class='ocrx_word' id='word_1_151' title='bbox 1396 2889 1633 2978; x_wconf 88' lang='lat' dir='ltr'><strong>specialissimo</strong></span> <span class='ocrx_word' id='word_1_152' title='bbox 1661 2910 1774 2955; x_wconf 89' lang='lat' dir='ltr'><strong>amore</strong></span> <span class='ocrx_word' id='word_1_153' title='bbox 1808 2887 1981 2974; x_wconf 83' lang='lat' dir='ltr'><strong>diligentes</strong></span> <span class='ocrx_word' id='word_1_154' title='bbox 2014 2897 2150 2975; x_wconf 89' lang='lat' dir='ltr'><strong>propter</strong></span> 
     </span>
     <span class='ocr_line' id='line_1_19' title="bbox 506 2991 2148 3081; baseline -0.001 -22"><span class='ocrx_word' id='word_1_155' title='bbox 506 3014 625 3059; x_wconf 90' lang='lat' dir='ltr'><strong>nomen</strong></span> <span class='ocrx_word' id='word_1_156' title='bbox 647 2993 771 3060; x_wconf 90' lang='lat' dir='ltr'><strong>domini</strong></span> <span class='ocrx_word' id='word_1_157' title='bbox 787 3001 820 3059; x_wconf 91' lang='lat' dir='ltr'><strong>et</strong></span> <span class='ocrx_word' id='word_1_158' title='bbox 842 3003 978 3081; x_wconf 89' lang='lat' dir='ltr'><strong>propter</strong></span> <span class='ocrx_word' id='word_1_159' title='bbox 994 3016 1086 3079; x_wconf 89' lang='lat' dir='ltr'><strong>spem</strong></span> <span class='ocrx_word' id='word_1_160' title='bbox 1109 2996 1176 3080; x_wconf 70' lang='lat' dir='ltr'><strong>vite</strong></span> <span class='ocrx_word' id='word_1_161' title='bbox 1192 2991 1323 3080; x_wconf 60' lang='lat' dir='ltr'><strong>eterno*</strong></span> <span class='ocrx_word' id='word_1_162' title='bbox 1347 2994 1507 3060; x_wconf 79' lang='lat' dir='ltr'><strong>donamus</strong></span> <span class='ocrx_word' id='word_1_163' title='bbox 1525 2991 1557 3058; x_wconf 88' lang='lat' dir='ltr'><strong>et</strong></span> <span class='ocrx_word' id='word_1_164' title='bbox 1579 2992 1802 3058; x_wconf 86' lang='lat' dir='ltr'><strong>contradimus</strong></span> <span class='ocrx_word' id='word_1_165' title='bbox 1819 2991 1862 3056; x_wconf 86' lang='lat' dir='ltr'><strong>ad</strong></span> <span class='ocrx_word' id='word_1_166' title='bbox 1885 2991 2024 3057; x_wconf 91' lang='lat' dir='ltr'><strong>eundem</strong></span> <span class='ocrx_word' id='word_1_167' title='bbox 2039 2991 2148 3057; x_wconf 91' lang='lat' dir='ltr'><strong>locum</strong></span> 
     </span>
     <span class='ocr_line' id='line_1_20' title="bbox 506 3095 2149 3183; baseline 0 -21"><span class='ocrx_word' id='word_1_168' title='bbox 506 3096 614 3162; x_wconf 91' lang='lat' dir='ltr'><strong>locum</strong></span> <span class='ocrx_word' id='word_1_169' title='bbox 637 3097 712 3162; x_wconf 89' lang='lat' dir='ltr'><strong>fisci</strong></span> <span class='ocrx_word' id='word_1_170' title='bbox 734 3097 839 3162; x_wconf 88' lang='lat' dir='ltr'><strong>nostri</strong></span> <span class='ocrx_word' id='word_1_171' title='bbox 864 3098 961 3164; x_wconf 91' lang='lat' dir='ltr'><strong>situm</strong></span> <span class='ocrx_word' id='word_1_172' title='bbox 982 3099 1079 3163; x_wconf 89' lang='lat' dir='ltr'><strong>iuxta</strong></span> <span class='ocrx_word' id='word_1_173' title='bbox 1100 3098 1237 3163; x_wconf 85' lang='lat' dir='ltr'><strong>fluvium</strong></span> <span class='ocrx_word' id='word_1_174' title='bbox 1261 3095 1340 3163; x_wconf 87' lang='lat' dir='ltr'><strong>Sala</strong></span> <span class='ocrx_word' id='word_1_175' title='bbox 1363 3097 1526 3164; x_wconf 87' lang='lat' dir='ltr'><strong>vocabulo</strong></span> <span class='ocrx_word' id='word_1_176' title='bbox 1544 3096 1790 3164; x_wconf 75' lang='lat' dir='ltr'><strong>Hamalaburc⁸</strong></span> <span class='ocrx_word' id='word_1_177' title='bbox 1813 3119 1887 3164; x_wconf 91' lang='lat' dir='ltr'><strong>cum</strong></span> <span class='ocrx_word' id='word_1_178' title='bbox 1909 3095 1990 3162; x_wconf 86' lang='lat' dir='ltr'><strong>villa</strong></span> <span class='ocrx_word' id='word_1_179' title='bbox 2004 3096 2149 3183; x_wconf 90' lang='lat' dir='ltr'><strong>Dietpah</strong></span> 
     </span>
     <span class='ocr_line' id='line_1_21' title="bbox 452 3195 2150 3289; baseline -0.001 -23"><span class='ocrx_word' id='word_1_180' title='bbox 452 3217 486 3266; x_wconf 79' lang='lat' dir='ltr'><strong>ao</strong></span> <span class='ocrx_word' id='word_1_181' title='bbox 507 3210 697 3288; x_wconf 88' lang='lat' dir='ltr'><strong>nuncupata</strong></span> <span class='ocrx_word' id='word_1_182' title='bbox 719 3223 795 3266; x_wconf 91' lang='lat' dir='ltr'><strong>cum</strong></span> <span class='ocrx_word' id='word_1_183' title='bbox 811 3201 962 3268; x_wconf 90' lang='lat' dir='ltr'><strong>omnibus</strong></span> <span class='ocrx_word' id='word_1_184' title='bbox 975 3195 1190 3288; x_wconf 46' lang='lat' dir='ltr'><strong>⁴appendiciis</strong></span> <span class='ocrx_word' id='word_1_185' title='bbox 1206 3211 1239 3267; x_wconf 91' lang='lat' dir='ltr'><strong>et</strong></span> <span class='ocrx_word' id='word_1_186' title='bbox 1254 3203 1523 3289; x_wconf 82' lang='lat' dir='ltr'><strong>conpertinentiis</strong></span> <span class='ocrx_word' id='word_1_187' title='bbox 1539 3202 1625 3286; x_wconf 81' lang='lat' dir='ltr'><strong>snis3</strong></span> <span class='ocrx_word' id='word_1_188' title='bbox 1649 3204 1728 3267; x_wconf 90' lang='lat' dir='ltr'><strong>item</strong></span> <span class='ocrx_word' id='word_1_189' title='bbox 1744 3200 1845 3266; x_wconf 88' lang='lat' dir='ltr'><strong>alium</strong></span> <span class='ocrx_word' id='word_1_190' title='bbox 1868 3199 1977 3266; x_wconf 91' lang='lat' dir='ltr'><strong>locum</strong></span> <span class='ocrx_word' id='word_1_191' title='bbox 1993 3199 2150 3266; x_wconf 90' lang='lat' dir='ltr'><strong>Hunefelt</strong></span> 
     </span>
     <span class='ocr_line' id='line_1_22' title="bbox 506 3304 2150 3392; baseline -0.001 -23"><span class='ocrx_word' id='word_1_192' title='bbox 506 3304 669 3371; x_wconf 86' lang='lat' dir='ltr'><strong>vocabulo</strong></span> <span class='ocrx_word' id='word_1_193' title='bbox 695 3305 792 3370; x_wconf 87' lang='lat' dir='ltr'><strong>simul</strong></span> <span class='ocrx_word' id='word_1_194' title='bbox 808 3327 883 3370; x_wconf 91' lang='lat' dir='ltr'><strong>cum</strong></span> <span class='ocrx_word' id='word_1_195' title='bbox 905 3305 1047 3391; x_wconf 72' lang='lat' dir='ltr'><strong>ecclesia</strong></span> <span class='ocrx_word' id='word_1_196' title='bbox 1062 3307 1096 3371; x_wconf 92' lang='lat' dir='ltr'><strong>in</strong></span> <span class='ocrx_word' id='word_1_197' title='bbox 1118 3304 1243 3372; x_wconf 92' lang='lat' dir='ltr'><strong>honore</strong></span> <span class='ocrx_word' id='word_1_198' title='bbox 1259 3316 1372 3372; x_wconf 89' lang='lat' dir='ltr'><strong>sancte</strong></span> <span class='ocrx_word' id='word_1_199' title='bbox 1388 3304 1503 3372; x_wconf 82' lang='lat' dir='ltr'><strong>Crucis</strong></span> <span class='ocrx_word' id='word_1_200' title='bbox 1527 3305 1692 3392; x_wconf 72' lang='lat' dir='ltr'><strong>edificata,</strong></span> <span class='ocrx_word' id='word_1_201' title='bbox 1715 3304 1773 3371; x_wconf 92' lang='lat' dir='ltr'><strong>ubi</strong></span> <span class='ocrx_word' id='word_1_202' title='bbox 1789 3306 1824 3371; x_wconf 92' lang='lat' dir='ltr'><strong>in</strong></span> <span class='ocrx_word' id='word_1_203' title='bbox 1846 3304 1970 3372; x_wconf 91' lang='lat' dir='ltr'><strong>honore</strong></span> <span class='ocrx_word' id='word_1_204' title='bbox 1987 3304 2150 3389; x_wconf 73' lang='lat' dir='ltr'><strong>dominice</strong></span> 
     </span>
     <span class='ocr_line' id='line_1_23' title="bbox 507 3408 2149 3498; baseline 0.001 -25"><span class='ocrx_word' id='word_1_205' title='bbox 507 3410 674 3496; x_wconf 89' lang='lat' dir='ltr'><strong>passionis</strong></span> <span class='ocrx_word' id='word_1_206' title='bbox 689 3409 895 3475; x_wconf 87' lang='lat' dir='ltr'><strong>venerandas</strong></span> <span class='ocrx_word' id='word_1_207' title='bbox 909 3409 1077 3496; x_wconf 80' lang='lat' dir='ltr'><strong>reliquias,</strong></span> <span class='ocrx_word' id='word_1_208' title='bbox 1094 3409 1240 3477; x_wconf 78' lang='lat' dir='ltr'><strong>scilicet‘l</strong></span> <span class='ocrx_word' id='word_1_209' title='bbox 1255 3411 1296 3476; x_wconf 89' lang='lat' dir='ltr'><strong>de</strong></span> <span class='ocrx_word' id='word_1_210' title='bbox 1312 3412 1427 3498; x_wconf 90' lang='lat' dir='ltr'><strong>spinea</strong></span> <span class='ocrx_word' id='word_1_211' title='bbox 1438 3432 1571 3494; x_wconf 90' lang='lat' dir='ltr'><strong>corona,</strong></span> <span class='ocrx_word' id='word_1_212' title='bbox 1589 3410 1629 3476; x_wconf 90' lang='lat' dir='ltr'><strong>de</strong></span> <span class='ocrx_word' id='word_1_213' title='bbox 1644 3410 1763 3476; x_wconf 89' lang='lat' dir='ltr'><strong>lancea</strong></span> <span class='ocrx_word' id='word_1_214' title='bbox 1779 3419 1812 3475; x_wconf 90' lang='lat' dir='ltr'><strong>et</strong></span> <span class='ocrx_word' id='word_1_215' title='bbox 1828 3408 1868 3475; x_wconf 91' lang='lat' dir='ltr'><strong>de</strong></span> <span class='ocrx_word' id='word_1_216' title='bbox 1884 3408 1997 3494; x_wconf 88' lang='lat' dir='ltr'><strong>clavis,</strong></span> <span class='ocrx_word' id='word_1_217' title='bbox 2014 3408 2149 3475; x_wconf 87' lang='lat' dir='ltr'><strong>recondi</strong></span> 
     </span>
     <span class='ocr_line' id='line_1_24' title="bbox 509 3513 2150 3601; baseline -0.001 -21"><span class='ocrx_word' id='word_1_218' title='bbox 509 3522 541 3580; x_wconf 90' lang='lat' dir='ltr'><strong>et</strong></span> <span class='ocrx_word' id='word_1_219' title='bbox 564 3515 752 3580; x_wconf 85' lang='lat' dir='ltr'><strong>conservari</strong></span> <span class='ocrx_word' id='word_1_220' title='bbox 775 3515 939 3597; x_wconf 89' lang='lat' dir='ltr'><strong>iussimus,</strong></span> <span class='ocrx_word' id='word_1_221' title='bbox 974 3536 1049 3579; x_wconf 89' lang='lat' dir='ltr'><strong>cum</strong></span> <span class='ocrx_word' id='word_1_222' title='bbox 1072 3514 1225 3581; x_wconf 90' lang='lat' dir='ltr'><strong>omnibus</strong></span> <span class='ocrx_word' id='word_1_223' title='bbox 1254 3514 1488 3601; x_wconf 90' lang='lat' dir='ltr'><strong>compendiciis</strong></span> <span class='ocrx_word' id='word_1_224' title='bbox 1512 3523 1545 3580; x_wconf 91' lang='lat' dir='ltr'><strong>et</strong></span> <span class='ocrx_word' id='word_1_225' title='bbox 1577 3513 1877 3580; x_wconf 87' lang='lat' dir='ltr'><strong>cohabitationibus</strong></span> <span class='ocrx_word' id='word_1_226' title='bbox 1901 3516 1967 3580; x_wconf 90' lang='lat' dir='ltr'><strong>suis</strong></span> <span class='ocrx_word' id='word_1_227' title='bbox 1991 3522 2095 3579; x_wconf 92' lang='lat' dir='ltr'><strong>totum</strong></span> <span class='ocrx_word' id='word_1_228' title='bbox 2118 3513 2150 3578; x_wconf 94' lang='lat' dir='ltr'><strong>in</strong></span> 
     </span>
     <span class='ocr_line' id='line_1_25' title="bbox 509 3617 2151 3705; baseline -0.001 -23"><span class='ocrx_word' id='word_1_229' title='bbox 509 3619 672 3703; x_wconf 89' lang='lat' dir='ltr'><strong>integrum</strong></span> <span class='ocrx_word' id='word_1_230' title='bbox 695 3618 783 3683; x_wconf 90' lang='lat' dir='ltr'><strong>etin</strong></span> <span class='ocrx_word' id='word_1_231' title='bbox 809 3619 980 3704; x_wconf 89' lang='lat' dir='ltr'><strong>proprium</strong></span> <span class='ocrx_word' id='word_1_232' title='bbox 1004 3618 1065 3684; x_wconf 93' lang='lat' dir='ltr'><strong>deo</strong></span> <span class='ocrx_word' id='word_1_233' title='bbox 1095 3627 1128 3684; x_wconf 89' lang='lat' dir='ltr'><strong>et</strong></span> <span class='ocrx_word' id='word_1_234' title='bbox 1151 3627 1266 3684; x_wconf 88' lang='lat' dir='ltr'><strong>sancto</strong></span> <span class='ocrx_word' id='word_1_235' title='bbox 1289 3618 1462 3685; x_wconf 82' lang='lat' dir='ltr'><strong>Bonifacio</strong></span> <span class='ocrx_word' id='word_1_236' title='bbox 1491 3640 1531 3684; x_wconf 88' lang='lat' dir='ltr'><strong>ac</strong></span> <span class='ocrx_word' id='word_1_237' title='bbox 1554 3617 1713 3685; x_wconf 87' lang='lat' dir='ltr'><strong>fratribus</strong></span> <span class='ocrx_word' id='word_1_238' title='bbox 1736 3619 1770 3683; x_wconf 95' lang='lat' dir='ltr'><strong>in</strong></span> <span class='ocrx_word' id='word_1_239' title='bbox 1797 3618 1925 3705; x_wconf 88' lang='lat' dir='ltr'><strong>prefato</strong></span> <span class='ocrx_word' id='word_1_240' title='bbox 1952 3618 2151 3684; x_wconf 86' lang='lat' dir='ltr'><strong>monasterio</strong></span> 
     </span>
     <span class='ocr_line' id='line_1_26' title="bbox 454 3721 2153 3810; baseline 0.002 -26"><span class='ocrx_word' id='word_1_241' title='bbox 454 3735 488 3786; x_wconf 80' lang='lat' dir='ltr'><strong>ao</strong></span> <span class='ocrx_word' id='word_1_242' title='bbox 511 3721 571 3787; x_wconf 93' lang='lat' dir='ltr'><strong>deo</strong></span> <span class='ocrx_word' id='word_1_243' title='bbox 595 3721 814 3787; x_wconf 90' lang='lat' dir='ltr'><strong>servientibus</strong></span> <span class='ocrx_word' id='word_1_244' title='bbox 839 3722 1000 3788; x_wconf 85' lang='lat' dir='ltr'><strong>donamus</strong></span> <span class='ocrx_word' id='word_1_245' title='bbox 1023 3723 1123 3810; x_wconf 80' lang='lat' dir='ltr'><strong>atque</strong></span> <span class='ocrx_word' id='word_1_246' title='bbox 1146 3722 1380 3806; x_wconf 87' lang='lat' dir='ltr'><strong>contradimus,</strong></span> <span class='ocrx_word' id='word_1_247' title='bbox 1415 3745 1455 3788; x_wconf 88' lang='lat' dir='ltr'><strong>ea</strong></span> <span class='ocrx_word' id='word_1_248' title='bbox 1477 3722 1549 3809; x_wconf 93' lang='lat' dir='ltr'><strong>lege</strong></span> <span class='ocrx_word' id='word_1_249' title='bbox 1572 3732 1605 3789; x_wconf 90' lang='lat' dir='ltr'><strong>et</strong></span> <span class='ocrx_word' id='word_1_250' title='bbox 1628 3723 1814 3790; x_wconf 88' lang='lat' dir='ltr'><strong>conditione</strong></span> <span class='ocrx_word' id='word_1_251' title='bbox 1837 3733 1873 3789; x_wconf 90' lang='lat' dir='ltr'><strong>ut</strong></span> <span class='ocrx_word' id='word_1_252' title='bbox 1896 3724 1999 3788; x_wconf 89' lang='lat' dir='ltr'><strong>nostri</strong></span> <span class='ocrx_word' id='word_1_253' title='bbox 2023 3745 2153 3809; x_wconf 93' lang='lat' dir='ltr'><strong>semper</strong></span> 
     </span>
     <span class='ocr_line' id='line_1_27' title="bbox 511 3826 2152 3913; baseline 0 -21"><span class='ocrx_word' id='word_1_254' title='bbox 511 3827 575 3892; x_wconf 91' lang='lat' dir='ltr'><strong>sint</strong></span> <span class='ocrx_word' id='word_1_255' title='bbox 603 3849 764 3900; x_wconf 89' lang='lat' dir='ltr'><strong>memores</strong></span> <span class='ocrx_word' id='word_1_256' title='bbox 786 3827 876 3913; x_wconf 89' lang='lat' dir='ltr'><strong>apud</strong></span> <span class='ocrx_word' id='word_1_257' title='bbox 905 3827 1002 3893; x_wconf 92' lang='lat' dir='ltr'><strong>deum</strong></span> <span class='ocrx_word' id='word_1_258' title='bbox 1025 3836 1058 3893; x_wconf 91' lang='lat' dir='ltr'><strong>et</strong></span> <span class='ocrx_word' id='word_1_259' title='bbox 1086 3827 1127 3893; x_wconf 93' lang='lat' dir='ltr'><strong>de</strong></span> <span class='ocrx_word' id='word_1_260' title='bbox 1149 3829 1271 3893; x_wconf 91' lang='lat' dir='ltr'><strong>nostris</strong></span> <span class='ocrx_word' id='word_1_261' title='bbox 1302 3826 1526 3892; x_wconf 80' lang='lat' dir='ltr'><strong>oblationibus</strong></span> <span class='ocrx_word' id='word_1_262' title='bbox 1556 3836 1589 3893; x_wconf 91' lang='lat' dir='ltr'><strong>et</strong></span> <span class='ocrx_word' id='word_1_263' title='bbox 1616 3827 1763 3894; x_wconf 89' lang='lat' dir='ltr'><strong>donariis</strong></span> <span class='ocrx_word' id='word_1_264' title='bbox 1791 3828 1915 3892; x_wconf 87' lang='lat' dir='ltr'><strong>victum</strong></span> <span class='ocrx_word' id='word_1_265' title='bbox 1937 3836 1969 3892; x_wconf 91' lang='lat' dir='ltr'><strong>et</strong></span> <span class='ocrx_word' id='word_1_266' title='bbox 1998 3829 2152 3906; x_wconf 86' lang='lat' dir='ltr'><strong>vestitum</strong></span> 
     </span>
     <span class='ocr_line' id='line_1_28' title="bbox 510 3928 2152 4018; baseline -0.001 -22"><span class='ocrx_word' id='word_1_267' title='bbox 510 3930 665 3998; x_wconf 91' lang='lat' dir='ltr'><strong>habeant.</strong></span> <span class='ocrx_word' id='word_1_268' title='bbox 688 3931 733 3996; x_wconf 84' lang='lat' dir='ltr'><strong>Et</strong></span> <span class='ocrx_word' id='word_1_269' title='bbox 747 3939 784 3997; x_wconf 91' lang='lat' dir='ltr'><strong>ut</strong></span> <span class='ocrx_word' id='word_1_270' title='bbox 805 3930 866 4017; x_wconf 76' lang='lat' dir='ltr'><strong>hec</strong></span> <span class='ocrx_word' id='word_1_271' title='bbox 883 3931 1016 3997; x_wconf 86' lang='lat' dir='ltr'><strong>donatio</strong></span> <span class='ocrx_word' id='word_1_272' title='bbox 1040 3954 1100 3997; x_wconf 92' lang='lat' dir='ltr'><strong>seu</strong></span> <span class='ocrx_word' id='word_1_273' title='bbox 1114 3930 1247 3998; x_wconf 89' lang='lat' dir='ltr'><strong>traditio</strong></span> <span class='ocrx_word' id='word_1_274' title='bbox 1270 3931 1424 3996; x_wconf 89' lang='lat' dir='ltr'><strong>firmasit</strong></span> <span class='ocrx_word' id='word_1_275' title='bbox 1447 3952 1577 4018; x_wconf 89' lang='lat' dir='ltr'><strong>semper</strong></span> <span class='ocrx_word' id='word_1_276' title='bbox 1593 3939 1625 3996; x_wconf 92' lang='lat' dir='ltr'><strong>et</strong></span> <span class='ocrx_word' id='word_1_277' title='bbox 1648 3930 1776 3996; x_wconf 89' lang='lat' dir='ltr'><strong>stabilis</strong></span> <span class='ocrx_word' id='word_1_278' title='bbox 1792 3952 1854 3996; x_wconf 87' lang='lat' dir='ltr'><strong>nec</strong></span> <span class='ocrx_word' id='word_1_279' title='bbox 1876 3929 1964 3995; x_wconf 90' lang='lat' dir='ltr'><strong>ullus</strong></span> <span class='ocrx_word' id='word_1_280' title='bbox 1985 3928 2152 4004; x_wconf 91' lang='lat' dir='ltr'><strong>hominum</strong></span> 
     </span>
     <span class='ocr_line' id='line_1_29' title="bbox 511 4033 2153 4124; baseline -0.001 -24"><span class='ocrx_word' id='word_1_281' title='bbox 511 4056 584 4101; x_wconf 94' lang='lat' dir='ltr'><strong>eam</strong></span> <span class='ocrx_word' id='word_1_282' title='bbox 612 4034 737 4101; x_wconf 86' lang='lat' dir='ltr'><strong>violare</strong></span> <span class='ocrx_word' id='word_1_283' title='bbox 767 4037 883 4121; x_wconf 88' lang='lat' dir='ltr'><strong>possit,</strong></span> <span class='ocrx_word' id='word_1_284' title='bbox 918 4033 1008 4101; x_wconf 90' lang='lat' dir='ltr'><strong>anuli</strong></span> <span class='ocrx_word' id='word_1_285' title='bbox 1037 4035 1142 4100; x_wconf 90' lang='lat' dir='ltr'><strong>nostri</strong></span> <span class='ocrx_word' id='word_1_286' title='bbox 1170 4035 1376 4122; x_wconf 85' lang='lat' dir='ltr'><strong>inpressione</strong></span> <span class='ocrx_word' id='word_1_287' title='bbox 1407 4043 1441 4100; x_wconf 91' lang='lat' dir='ltr'><strong>et</strong></span> <span class='ocrx_word' id='word_1_288' title='bbox 1469 4035 1610 4124; x_wconf 87' lang='lat' dir='ltr'><strong>nominis</strong></span> <span class='ocrx_word' id='word_1_289' title='bbox 1633 4036 1737 4100; x_wconf 92' lang='lat' dir='ltr'><strong>nostri</strong></span> <span class='ocrx_word' id='word_1_290' title='bbox 1768 4034 1999 4121; x_wconf 75' lang='lat' dir='ltr'><strong>inscriptione0</strong></span> <span class='ocrx_word' id='word_1_291' title='bbox 2027 4043 2153 4099; x_wconf 90' lang='lat' dir='ltr'><strong>cartam</strong></span> 
     </span>
     <span class='ocr_line' id='line_1_30' title="bbox 510 4138 1010 4227; baseline 0.002 -23"><span class='ocrx_word' id='word_1_292' title='bbox 510 4138 597 4204; x_wconf 88' lang='lat' dir='ltr'><strong>hanc</strong></span> <span class='ocrx_word' id='word_1_293' title='bbox 619 4140 769 4227; x_wconf 87' lang='lat' dir='ltr'><strong>insigniri</strong></span> <span class='ocrx_word' id='word_1_294' title='bbox 792 4140 1010 4226; x_wconf 90' lang='lat' dir='ltr'><strong>precepimus.</strong></span> 
     </span>
    </p>
   </div>
   <div class='ocr_carea' id='block_1_9' title="bbox 457 4274 1529 4365">
    <p class='ocr_par' dir='ltr' id='par_1_9' title="bbox 457 4274 1529 4365">
     <span class='ocr_line' id='line_1_31' title="bbox 457 4274 1529 4365; baseline 0.002 -24"><span class='ocrx_word' id='word_1_295' title='bbox 457 4293 491 4342; x_wconf 78' lang='lat' dir='ltr'><strong>ao</strong></span> <span class='ocrx_word' id='word_1_296' title='bbox 615 4277 751 4365; x_wconf 81' lang='lat' dir='ltr'><strong>Signum</strong></span> <span class='ocrx_word' id='word_1_297' title='bbox 774 4277 886 4344; x_wconf 90' lang='lat' dir='ltr'><strong>domni</strong></span> <span class='ocrx_word' id='word_1_298' title='bbox 907 4277 1024 4344; x_wconf 86' lang='lat' dir='ltr'><strong>Karoli</strong></span> <span class='ocrx_word' id='word_1_299' title='bbox 1047 4274 1134 4363; x_wconf 77' lang='lat' dir='ltr'><strong>(ll.)‘</strong></span> <span class='ocrx_word' id='word_1_300' title='bbox 1153 4279 1361 4364; x_wconf 88' lang='lat' dir='ltr'><strong>imperatoris</strong></span> <span class='ocrx_word' id='word_1_301' title='bbox 1385 4283 1529 4364; x_wconf 82' lang='lat' dir='ltr'><strong>augusti.</strong></span> 
     </span>
    </p>
   </div>
   <div class='ocr_carea' id='block_1_10' title="bbox 1242 4569 1425 4807">
    <p class='ocr_par' dir='ltr' id='par_1_10' title="bbox 1242 4569 1425 4807">
     <span class='ocr_line' id='line_1_32' title="bbox 1290 4569 1378 4645; baseline 0.011 -1"><span class='ocrx_word' id='word_1_302' title='bbox 1290 4569 1378 4645; x_wconf 80' lang='grc'><strong>290.</strong></span> 
     </span>
     <span class='ocr_line' id='line_1_33' title="bbox 1242 4727 1425 4807; baseline -0.016 -17"><span class='ocrx_word' id='word_1_303' title='bbox 1242 4727 1425 4807; x_wconf 83' lang='lat' dir='ltr'><strong>(Uaeelrt.)</strong></span> 
     </span>
    </p>
   </div>
   <div class='ocr_carea' id='block_1_11' title="bbox 515 4884 2155 4977">
    <p class='ocr_par' dir='ltr' id='par_1_11' title="bbox 515 4884 2155 4977">
     <span class='ocr_line' id='line_1_34' title="bbox 515 4884 2155 4977; baseline -0.003 -15"><span class='ocrx_word' id='word_1_304' title='bbox 515 4889 610 4964; x_wconf 86' lang='lat' dir='ltr'><strong>Karl</strong></span> <span class='ocrx_word' id='word_1_305' title='bbox 637 4891 700 4961; x_wconf 88' lang='grc' dir='ltr'><strong>ἄεν</strong></span> <span class='ocrx_word' id='word_1_306' title='bbox 726 4885 853 4958; x_wconf 81' lang='lat' dir='ltr'><strong>Grosse</strong></span> <span class='ocrx_word' id='word_1_307' title='bbox 879 4885 1017 4956; x_wconf 80' lang='lat' dir='ltr'><strong>sebeolrt</strong></span> <span class='ocrx_word' id='word_1_308' title='bbox 1042 4886 1121 4956; x_wconf 85' lang='lat' dir='ltr'><strong>dem</strong></span> <span class='ocrx_word' id='word_1_309' title='bbox 1146 4884 1291 4955; x_wconf 84' lang='lat' dir='ltr'><strong>Kloster</strong></span> <span class='ocrx_word' id='word_1_310' title='bbox 1315 4884 1402 4956; x_wconf 77' lang='lat' dir='ltr'><strong>Feel</strong></span> <span class='ocrx_word' id='word_1_311' title='bbox 1408 4887 1434 4958; x_wconf 93' lang='grc' dir='ltr'><em>ἄ</em></span> <span class='ocrx_word' id='word_1_312' title='bbox 1440 4909 1462 4956; x_wconf 87' lang='lat' dir='ltr'><strong>a</strong></span> <span class='ocrx_word' id='word_1_313' title='bbox 1489 4886 1555 4956; x_wconf 79' lang='lat' dir='ltr'><strong>eleo</strong></span> <span class='ocrx_word' id='word_1_314' title='bbox 1587 4884 1651 4956; x_wconf 83' lang='lat' dir='ltr'><strong>Ort</strong></span> <span class='ocrx_word' id='word_1_315' title='bbox 1686 4885 1842 4957; x_wconf 81' lang='lat' dir='ltr'><strong>Westoeo</strong></span> <span class='ocrx_word' id='word_1_316' title='bbox 1869 4886 1932 4956; x_wconf 81' lang='lat' dir='ltr'><strong>mit</strong></span> <span class='ocrx_word' id='word_1_317' title='bbox 1958 4884 2155 4977; x_wconf 58' lang='lat' dir='ltr'><strong>Salebeeag</strong></span> 
     </span>
    </p>
   </div>
   <div class='ocr_carea' id='block_1_12' title="bbox 462 5007 2113 5175">
    <p class='ocr_par' dir='ltr' id='par_1_12' title="bbox 462 5007 2113 5175">
     <span class='ocr_line' id='line_1_35' title="bbox 516 5007 896 5102; baseline -0.008 -21"><span class='ocrx_word' id='word_1_318' title='bbox 516 5010 678 5102; x_wconf 77' lang='lat' dir='ltr'><strong>Abpabeo</strong></span> <span class='ocrx_word' id='word_1_319' title='bbox 706 5011 781 5080; x_wconf 78' lang='lat' dir='ltr'><strong>aad</strong></span> <span class='ocrx_word' id='word_1_320' title='bbox 807 5007 896 5079; x_wconf 87' lang='lat' dir='ltr'><strong>Zoll.</strong></span> 
     </span>
     <span class='ocr_line' id='line_1_36' title="bbox 462 5124 2113 5175; baseline -0.013 0"><span class='ocrx_word' id='word_1_321' title='bbox 462 5124 495 5175; x_wconf 82' lang='lat' dir='ltr'><strong>so</strong></span> <span class='ocrx_word' id='word_1_322' title='bbox 1902 5145 1942 5154; x_wconf 72' lang='grc'><strong>-</strong></span> <span class='ocrx_word' id='word_1_323' title='bbox 1987 5145 2028 5155; x_wconf 89' lang='grc'><strong>..</strong></span> <span class='ocrx_word' id='word_1_324' title='bbox 2075 5144 2113 5154; x_wconf 90' lang='grc'><strong>..</strong></span> 
     </span>
    </p>
   </div>
   <div class='ocr_carea' id='block_1_13' title="bbox 553 5257 2157 5377">
    <p class='ocr_par' dir='ltr' id='par_1_13' title="bbox 553 5257 2157 5377">
     <span class='ocr_line' id='line_1_37' title="bbox 553 5257 2157 5377; baseline -0.004 -13"><span class='ocrx_word' id='word_1_325' title='bbox 553 5257 559 5266; x_wconf 29' lang='lat'><strong><em>⁴</em></strong></span> <span class='ocrx_word' id='word_1_326' title='bbox 620 5301 690 5365; x_wconf 86' lang='lat' dir='ltr'><strong>Cod.</strong></span> <span class='ocrx_word' id='word_1_327' title='bbox 713 5301 886 5363; x_wconf 82' lang='lat' dir='ltr'><strong>Eberbords&#39;</strong></span> <span class='ocrx_word' id='word_1_328' title='bbox 906 5317 963 5360; x_wconf 78' lang='lat' dir='ltr'><strong>aas</strong></span> <span class='ocrx_word' id='word_1_329' title='bbox 985 5301 1038 5359; x_wconf 88' lang='grc' dir='ltr'><strong>ἄεν</strong></span> <span class='ocrx_word' id='word_1_330' title='bbox 1058 5301 1149 5359; x_wconf 80' lang='lat' dir='ltr'><strong>Mitte</strong></span> <span class='ocrx_word' id='word_1_331' title='bbox 1171 5300 1221 5357; x_wconf 85' lang='lat' dir='ltr'><strong>des</strong></span> <span class='ocrx_word' id='word_1_332' title='bbox 1243 5303 1294 5359; x_wconf 88' lang='grc'><strong>12.</strong></span> <span class='ocrx_word' id='word_1_333' title='bbox 1319 5299 1372 5360; x_wconf 84' lang='lat' dir='ltr'><strong>Jb.</strong></span> <span class='ocrx_word' id='word_1_334' title='bbox 1395 5299 1464 5370; x_wconf 67' lang='grc'><strong>21.</strong></span> <span class='ocrx_word' id='word_1_335' title='bbox 1489 5293 1540 5359; x_wconf 70' lang='lat'><strong>67</strong></span> <span class='ocrx_word' id='word_1_336' title='bbox 1563 5302 1604 5358; x_wconf 86' lang='lat' dir='ltr'><strong>e&#39;m</strong></span> <span class='ocrx_word' id='word_1_337' title='bbox 1628 5299 1831 5360; x_wconf 81' lang='lat' dir='ltr'><strong>Staatsarebiv</strong></span> <span class='ocrx_word' id='word_1_338' title='bbox 1859 5317 1898 5356; x_wconf 83' lang='lat' dir='ltr'><strong>eu</strong></span> <span class='ocrx_word' id='word_1_339' title='bbox 1921 5299 2071 5372; x_wconf 79' lang='lat' dir='ltr'><strong>Morburp</strong></span> <span class='ocrx_word' id='word_1_340' title='bbox 2095 5297 2157 5377; x_wconf 89' lang='lat' dir='ltr'><strong>(C).</strong></span> 
     </span>
    </p>
   </div>
   <div class='ocr_carea' id='block_1_14' title="bbox 547 5434 2158 5620">
    <p class='ocr_par' dir='ltr' id='par_1_14' title="bbox 547 5434 2158 5620">
     <span class='ocr_line' id='line_1_38' title="bbox 619 5434 2158 5514; baseline -0.003 -14"><span class='ocrx_word' id='word_1_341' title='bbox 619 5441 776 5514; x_wconf 76' lang='lat' dir='ltr'><strong>Sebottpen</strong></span> <span class='ocrx_word' id='word_1_342' title='bbox 799 5444 826 5500; x_wconf 85' lang='lat' dir='ltr'><strong>et</strong></span> <span class='ocrx_word' id='word_1_343' title='bbox 848 5441 977 5514; x_wconf 71' lang='lat' dir='ltr'><strong>Kreyeiq</strong></span> <span class='ocrx_word' id='word_1_344' title='bbox 999 5438 1223 5511; x_wconf 80' lang='lat' dir='ltr'><strong>Dlplomotarr&#39;a</strong></span> <span class='ocrx_word' id='word_1_345' title='bbox 1245 5442 1276 5509; x_wconf 86' lang='lat'><strong>1,</strong></span> <span class='ocrx_word' id='word_1_346' title='bbox 1299 5441 1318 5499; x_wconf 88' lang='lat'><em>5</em></span> <span class='ocrx_word' id='word_1_347' title='bbox 1341 5445 1376 5496; x_wconf 82' lang='lat' dir='ltr'><strong>a⁰</strong></span> <span class='ocrx_word' id='word_1_348' title='bbox 1395 5442 1438 5498; x_wconf 82' lang='lat'><strong>13</strong></span> <span class='ocrx_word' id='word_1_349' title='bbox 1467 5456 1523 5496; x_wconf 83' lang='lat' dir='ltr'><strong>aas</strong></span> <span class='ocrx_word' id='word_1_350' title='bbox 1546 5436 1700 5510; x_wconf 77' lang='lat' dir='ltr'><strong>Absebrist</strong></span> <span class='ocrx_word' id='word_1_351' title='bbox 1726 5455 1781 5496; x_wconf 78' lang='lat' dir='ltr'><strong>son</strong></span> <span class='ocrx_word' id='word_1_352' title='bbox 1804 5437 1839 5497; x_wconf 89' lang='lat' dir='ltr'><strong>C.</strong></span> <span class='ocrx_word' id='word_1_353' title='bbox 1874 5469 1915 5482; x_wconf 90' lang='lat'><em>-</em></span> <span class='ocrx_word' id='word_1_354' title='bbox 1949 5437 2071 5494; x_wconf 80' lang='lat' dir='ltr'><strong>Dronlre</strong></span> <span class='ocrx_word' id='word_1_355' title='bbox 2095 5434 2158 5496; x_wconf 87' lang='lat' dir='ltr'><strong>CD.</strong></span> 
     </span>
     <span class='ocr_line' id='line_1_39' title="bbox 547 5540 1615 5620; baseline 0.007 -23"><span class='ocrx_word' id='word_1_356' title='bbox 547 5594 549 5597; x_wconf 86' lang='lat'>.</span> <span class='ocrx_word' id='word_1_357' title='bbox 623 5545 716 5604; x_wconf 83' lang='lat' dir='ltr'><strong>Fald.</strong></span> <span class='ocrx_word' id='word_1_358' title='bbox 741 5548 782 5604; x_wconf 76' lang='lat'><strong>43</strong></span> <span class='ocrx_word' id='word_1_359' title='bbox 804 5549 838 5602; x_wconf 81' lang='lat' dir='ltr'><strong>n⁰</strong></span> <span class='ocrx_word' id='word_1_360' title='bbox 853 5546 893 5604; x_wconf 83' lang='lat'><strong>69</strong></span> <span class='ocrx_word' id='word_1_361' title='bbox 916 5559 973 5602; x_wconf 77' lang='lat' dir='ltr'><strong>oses</strong></span> <span class='ocrx_word' id='word_1_362' title='bbox 997 5541 1027 5601; x_wconf 88' lang='lat' dir='ltr'><strong>C.</strong></span> <span class='ocrx_word' id='word_1_363' title='bbox 1053 5575 1094 5582; x_wconf 88' lang='lat'>—</span> <span class='ocrx_word' id='word_1_364' title='bbox 1116 5541 1310 5600; x_wconf 77' lang='lat' dir='ltr'><strong>Mttldboeber</strong></span> <span class='ocrx_word' id='word_1_365' title='bbox 1332 5543 1402 5616; x_wconf 64' lang='grc' dir='ltr'><strong>Περ.</strong></span> <span class='ocrx_word' id='word_1_366' title='bbox 1426 5545 1489 5603; x_wconf 89' lang='grc'><strong>225</strong></span> <span class='ocrx_word' id='word_1_367' title='bbox 1515 5540 1615 5620; x_wconf 87' lang='grc'><strong>(219).</strong></span> 
     </span>
    </p>
   </div>
   <div class='ocr_carea' id='block_1_15' title="bbox 464 5724 2162 6076">
    <p class='ocr_par' dir='ltr' id='par_1_15' title="bbox 464 5724 2162 6010">
     <span class='ocr_line' id='line_1_40' title="bbox 597 5724 2161 5796; baseline -0.006 -10"><span class='ocrx_word' id='word_1_368' title='bbox 597 5732 656 5786; x_wconf 78' lang='grc'><strong>289,</strong></span> <span class='ocrx_word' id='word_1_369' title='bbox 675 5732 702 5794; x_wconf 85' lang='lat' dir='ltr'><strong>a)</strong></span> <span class='ocrx_word' id='word_1_370' title='bbox 720 5731 848 5785; x_wconf 79' lang='lat' dir='ltr'><strong>daraaet</strong></span> <span class='ocrx_word' id='word_1_371' title='bbox 865 5749 878 5781; x_wconf 89' lang='lat' dir='ltr'><strong>s</strong></span> <span class='ocrx_word' id='word_1_372' title='bbox 896 5729 993 5783; x_wconf 77' lang='lat' dir='ltr'><strong>radiet</strong></span> <span class='ocrx_word' id='word_1_373' title='bbox 1097 5729 1125 5795; x_wconf 93' lang='lat' dir='ltr'><strong>b)</strong></span> <span class='ocrx_word' id='word_1_374' title='bbox 1142 5742 1196 5780; x_wconf 83' lang='lat' dir='ltr'><strong>ooes</strong></span> <span class='ocrx_word' id='word_1_375' title='bbox 1214 5727 1355 5780; x_wconf 72' lang='lat' dir='ltr'><strong>desselben</strong></span> <span class='ocrx_word' id='word_1_376' title='bbox 1373 5727 1464 5780; x_wconf 81' lang='grc' dir='ltr'><em>Ηενιᾶ</em></span> <span class='ocrx_word' id='word_1_377' title='bbox 1481 5727 1548 5781; x_wconf 79' lang='lat' dir='ltr'><strong>e&#39;tber</strong></span> <span class='ocrx_word' id='word_1_378' title='bbox 1568 5727 1617 5780; x_wconf 87' lang='lat' dir='ltr'><strong>der</strong></span> <span class='ocrx_word' id='word_1_379' title='bbox 1636 5727 1710 5780; x_wconf 78' lang='lat' dir='ltr'><strong>Zeila</strong></span> <span class='ocrx_word' id='word_1_380' title='bbox 1727 5725 1932 5796; x_wconf 79' lang='lat' dir='ltr'><strong>esacbpetrapers</strong></span> <span class='ocrx_word' id='word_1_381' title='bbox 2018 5725 2043 5791; x_wconf 88' lang='lat' dir='ltr'><strong>c)</strong></span> <span class='ocrx_word' id='word_1_382' title='bbox 2061 5724 2092 5778; x_wconf 80' lang='lat' dir='ltr'><strong>ies</strong></span> <span class='ocrx_word' id='word_1_383' title='bbox 2111 5724 2161 5778; x_wconf 90' lang='grc' dir='ltr'><strong>ἄεν</strong></span> 
     </span>
     <span class='ocr_line' id='line_1_41' title="bbox 464 5793 2161 5866; baseline -0.004 -14"><span class='ocrx_word' id='word_1_384' title='bbox 464 5804 498 5852; x_wconf 82' lang='grc'><strong>40</strong></span> <span class='ocrx_word' id='word_1_385' title='bbox 678 5800 866 5866; x_wconf 72' lang='lat' dir='ltr'><strong>Ueberscbre&#39;st</strong></span> <span class='ocrx_word' id='word_1_386' title='bbox 885 5799 935 5854; x_wconf 84' lang='lat' dir='ltr'><strong>der</strong></span> <span class='ocrx_word' id='word_1_387' title='bbox 950 5798 1016 5853; x_wconf 80' lang='lat' dir='ltr'><strong>Urit.</strong></span> <span class='ocrx_word' id='word_1_388' title='bbox 1028 5798 1211 5850; x_wconf 84' lang='lat' dir='ltr'><strong>Hamleburch</strong></span> <span class='ocrx_word' id='word_1_389' title='bbox 1228 5798 1266 5863; x_wconf 86' lang='lat' dir='ltr'><strong>(la</strong></span> <span class='ocrx_word' id='word_1_390' title='bbox 1284 5811 1337 5850; x_wconf 80' lang='lat' dir='ltr'><strong>aas</strong></span> <span class='ocrx_word' id='word_1_391' title='bbox 1355 5800 1373 5849; x_wconf 90' lang='lat' dir='ltr'><strong>b</strong></span> <span class='ocrx_word' id='word_1_392' title='bbox 1385 5799 1476 5864; x_wconf 67' lang='lat' dir='ltr'><strong>eorm),</strong></span> <span class='ocrx_word' id='word_1_393' title='bbox 1493 5798 1532 5850; x_wconf 82' lang='lat' dir='ltr'><strong>e&#39;m</strong></span> <span class='ocrx_word' id='word_1_394' title='bbox 1545 5797 1675 5865; x_wconf 71' lang='lat' dir='ltr'><strong>Repenter</strong></span> <span class='ocrx_word' id='word_1_395' title='bbox 1693 5795 1715 5861; x_wconf 74' lang='lat' dir='ltr'><strong>s.</strong></span> <span class='ocrx_word' id='word_1_396' title='bbox 1728 5795 1753 5849; x_wconf 84' lang='lat'><strong>1&#39;</strong></span> <span class='ocrx_word' id='word_1_397' title='bbox 1771 5794 1996 5858; x_wconf 86' lang='lat' dir='ltr'><strong>Hamelenbnroh,</strong></span> <span class='ocrx_word' id='word_1_398' title='bbox 2015 5810 2061 5847; x_wconf 86' lang='lat' dir='ltr'><strong>am</strong></span> <span class='ocrx_word' id='word_1_399' title='bbox 2073 5793 2161 5848; x_wconf 80' lang='lat' dir='ltr'><strong>Rured</strong></span> 
     </span>
     <span class='ocr_line' id='line_1_42' title="bbox 673 5863 2161 5934; baseline -0.005 -11"><span class='ocrx_word' id='word_1_400' title='bbox 673 5885 728 5923; x_wconf 74' lang='lat' dir='ltr'><strong>ooo</strong></span> <span class='ocrx_word' id='word_1_401' title='bbox 745 5869 836 5923; x_wconf 80' lang='grc' dir='ltr'><em>Ηανιᾶ</em></span> <span class='ocrx_word' id='word_1_402' title='bbox 854 5869 902 5924; x_wconf 77' lang='grc' dir='ltr'><strong>ἄεν</strong></span> <span class='ocrx_word' id='word_1_403' title='bbox 920 5871 962 5922; x_wconf 81' lang='grc'><strong>16.</strong></span> <span class='ocrx_word' id='word_1_404' title='bbox 980 5867 1026 5922; x_wconf 71' lang='lat' dir='ltr'><strong>db.</strong></span> <span class='ocrx_word' id='word_1_405' title='bbox 1046 5869 1219 5934; x_wconf 84' lang='lat' dir='ltr'><strong>Hamelborg,</strong></span> <span class='ocrx_word' id='word_1_406' title='bbox 1242 5867 1356 5934; x_wconf 85' lang='lat' dir='ltr'><strong>Dipach,</strong></span> <span class='ocrx_word' id='word_1_407' title='bbox 1380 5867 1512 5918; x_wconf 84' lang='lat' dir='ltr'><strong>Hunefelt</strong></span> <span class='ocrx_word' id='word_1_408' title='bbox 1615 5868 1642 5933; x_wconf 84' lang='lat' dir='ltr'><strong>tl)</strong></span> <span class='ocrx_word' id='word_1_409' title='bbox 1665 5881 1717 5919; x_wconf 81' lang='lat' dir='ltr'><strong>cors</strong></span> <span class='ocrx_word' id='word_1_410' title='bbox 1736 5864 1877 5918; x_wconf 83' lang='lat' dir='ltr'><strong>dereelbers</strong></span> <span class='ocrx_word' id='word_1_411' title='bbox 1895 5863 1986 5918; x_wconf 84' lang='grc' dir='ltr'><em>Ηαννᾶ</em></span> <span class='ocrx_word' id='word_1_412' title='bbox 2010 5879 2056 5916; x_wconf 85' lang='lat' dir='ltr'><strong>am</strong></span> <span class='ocrx_word' id='word_1_413' title='bbox 2074 5863 2161 5917; x_wconf 81' lang='lat' dir='ltr'><strong>Raad</strong></span> 
     </span>
     <span class='ocr_line' id='line_1_43' title="bbox 674 5933 2162 6010; baseline -0.004 -18"><span class='ocrx_word' id='word_1_414' title='bbox 674 5939 880 6010; x_wconf 72' lang='lat' dir='ltr'><strong>aaebpetrapea</strong></span> <span class='ocrx_word' id='word_1_415' title='bbox 948 5938 974 6005; x_wconf 86' lang='lat' dir='ltr'><strong>e)</strong></span> <span class='ocrx_word' id='word_1_416' title='bbox 992 5941 1101 6006; x_wconf 85' lang='lat' dir='ltr'><strong>scriptio</strong></span> <span class='ocrx_word' id='word_1_417' title='bbox 1119 5952 1172 5990; x_wconf 81' lang='lat' dir='ltr'><strong>oors</strong></span> <span class='ocrx_word' id='word_1_418' title='bbox 1190 5935 1330 5989; x_wconf 82' lang='lat' dir='ltr'><strong>derselbea</strong></span> <span class='ocrx_word' id='word_1_419' title='bbox 1350 5935 1440 5989; x_wconf 84' lang='grc' dir='ltr'><em>Ηανιᾶ</em></span> <span class='ocrx_word' id='word_1_420' title='bbox 1459 5935 1629 6002; x_wconf 65' lang='lat' dir='ltr'><strong>aeelRasar</strong></span> <span class='ocrx_word' id='word_1_421' title='bbox 1707 5937 1729 6004; x_wconf 83' lang='lat' dir='ltr'><strong>f)</strong></span> <span class='ocrx_word' id='word_1_422' title='bbox 1747 5933 1797 5987; x_wconf 88' lang='grc' dir='ltr'><strong>ἄεν</strong></span> <span class='ocrx_word' id='word_1_423' title='bbox 1815 5933 1889 5988; x_wconf 83' lang='lat' dir='ltr'><strong>le&#39;relte</strong></span> <span class='ocrx_word' id='word_1_424' title='bbox 1908 5933 1986 5987; x_wconf 78' lang='lat' dir='ltr'><strong>Tbetl</strong></span> <span class='ocrx_word' id='word_1_425' title='bbox 2005 5933 2053 5987; x_wconf 83' lang='lat' dir='ltr'><strong>des</strong></span> <span class='ocrx_word' id='word_1_426' title='bbox 2069 5933 2162 6002; x_wconf 77' lang='lat' dir='ltr'><strong>pltare·</strong></span> 
     </span>
    </p>

    <p class='ocr_par' dir='ltr' id='par_1_16' title="bbox 675 6005 1245 6076">
     <span class='ocr_line' id='line_1_44' title="bbox 675 6005 1245 6076; baseline -0.005 -15"><span class='ocrx_word' id='word_1_427' title='bbox 675 6009 830 6063; x_wconf 81' lang='lat' dir='ltr'><strong>taete&#39;sebea</strong></span> <span class='ocrx_word' id='word_1_428' title='bbox 850 6006 1125 6076; x_wconf 72' lang='lat' dir='ltr'><strong>Titebsoaopromme</strong></span> <span class='ocrx_word' id='word_1_429' title='bbox 1142 6005 1245 6059; x_wconf 74' lang='lat' dir='ltr'><strong>radiet.</strong></span> 
     </span>
    </p>
   </div>
   <div class='ocr_carea' id='block_1_16' title="bbox 564 6103 1986 6165">
    <p class='ocr_par' dir='ltr' id='par_1_17' title="bbox 564 6103 1986 6165">
     <span class='ocr_line' id='line_1_45' title="bbox 564 6103 1986 6165; baseline -0.006 -1"><span class='ocrx_word' id='word_1_430' title='bbox 564 6111 801 6165; x_wconf 82' lang='lat' dir='ltr'><strong>Kaiserurkunden</strong></span> <span class='ocrx_word' id='word_1_431' title='bbox 823 6113 845 6164; x_wconf 83' lang='lat' dir='ltr'>L</span> <span class='ocrx_word' id='word_1_432' title='bbox 1674 6103 1675 6106; x_wconf 65' lang='grc'>’</span> <span class='ocrx_word' id='word_1_433' title='bbox 1953 6107 1986 6157; x_wconf 77' lang='lat' dir='ltr'><strong>bb</strong></span> 
     </span>
    </p>
   </div>
   <div class='ocr_carea' id='block_1_17' title="bbox 0 0 2841 7156">
    <p class='ocr_par' dir='ltr' id='par_1_18' title="bbox 0 0 2841 7156">
     <span class='ocr_line' id='line_1_46' title="bbox 0 0 2841 7156; baseline 0 0"><span class='ocrx_word' id='word_1_434' title='bbox 0 0 2841 7156; x_wconf 95' lang='lat' dir='ltr'><strong> </strong></span> 
     </span>
    </p>
   </div>
  </div>
 </body>
</html>
