5642 7159
1271 723 1716 784 KAISIIRURKUNDEN.

1449 911 1536 987 168.

668 1069 763 1140 Kcrl
790 1072 854 1142 dcc
885 1068 1013 1142 Groesc
1040 1070 1198 1162 bestdttpt
1224 1072 1288 1142 der
1314 1071 1447 1143 Kirclee
1473 1095 1539 1144 eon
1566 1071 1782 1164 Salaberp
1807 1071 2047 1143 semmtlicben
2074 1070 2205 1141 Besc'te.

1956 1242 1996 1253 —
2022 1212 2084 1270 790
2107 1209 2274 1270 December.

772 1418 953 1491 Saieburper
974 1419 1225 1478 Kammertacbcr
1254 1437 1311 1478 aas
1338 1420 1405 1478 dem
1433 1419 1520 1479 liade
1548 1420 1598 1480 des
1625 1424 1676 1481 13.
1701 1419 1754 1481 Jh.
1783 1418 1841 1478 Bd.
1865 1422 1882 1477 1
1916 1415 2015 1488 f.31'
2044 1419 2086 1475 im
2114 1415 2320 1477 Staetsercbc'o

771 1542 812 1581 eu
834 1522 920 1581 Wicn
944 1521 1003 1600 (C).
2342 1533 2358 1581 b

773 1661 976 1741 (Kles'meyra)
1000 1662 1126 1722 Iuvecia
1150 1663 1226 1722 Aah.
1251 1665 1292 1722 50
1314 1667 1383 1723 01⁰9
1406 1679 1464 1721 aas
1489 1660 1520 1723 0.
1543 1694 1584 1705 -
1608 1661 1804 1722 Ms'tblbecber
1824 1661 1896 1734 Rea.
1920 1663 1983 1720 310
2008 1658 2107 1737 (301).

772 1801 837 1860 Der
853 1801 949 1860 Namc
972 1801 1021 1859 des
1037 1801 1289 1873 Reeoqeoscencen
1305 1801 1449 1862 Gildulfns
1471 1801 1604 1860 verdertt
1626 1817 1682 1860 cus
1699 1799 1866 1873 Giltbertus,
1891 1797 1940 1858 die
1957 1799 2033 1858 Zabi
2054 1797 2105 1858 des
2127 1796 2320 1871 createrem

772 1906 1057 1980 Reeiemcysjabres
1073 1906 1165 1965 XXVI
1180 1923 1237 1964 aas
1252 1906 1347 1966 XXIII
1364 1928 1405 1960 =
1430 1909 1493 1967 790
1510 1904 1577 1983 (cel.
1593 1903 1785 1964 Metticacber
1800 1904 1819 1964 I.
1837 1901 1885 1981 e),
1909 1902 1962 1962 der
1977 1902 2154 1962 dasstettcrt
2171 1900 2319 1982 (Worms)

773 2027 839 2068 vom
860 2010 1053 2069 Abschrciber
1074 2009 1273 2082 coepelasscn.
1310 2009 1403 2069 Ucbcr
1425 2009 1473 2068 die
1494 2007 1703 2082 Beece'cbmmy
1725 2008 1778 2067 der
1800 2007 1981 2080 Saleburqer
2001 2007 2112 2066 Kircbe
2134 2006 2180 2066 als
2202 2007 2321 2067 ecclesia

775 2113 941 2173 Palmensis
956 2113 1005 2172 die
1020 2113 1249 2186 weitscbwcifiec
1260 2112 1463 2187 Abbcndlucsy
1477 2130 1533 2172 con
1546 2113 1629 2172 Alcis
1645 2113 1750 2172 Hubcr
1765 2113 1807 2170 im
1823 2111 1912 2172 Arcti.
1928 2109 1952 2183 s.
1966 2115 2019 2171 ost.
2037 2110 2138 2172 Gescb.
2151 2115 2203 2181 37,
2221 2113 2250 2182 6,
2267 2114 2318 2182 82,
2344 2125 2376 2174 ιο

774 2219 848 2276 aber
870 2218 918 2276 die
933 2218 1109 2292 Bedeatunp
1131 2218 1228 2277 dieser
1249 2217 1540 2291 Besitebestbtipsccsy
1563 2215 1679 2295 (ebenso
1701 2221 1735 2275 νιο
1750 2213 1826 2294 160)
1851 2217 1884 2274 in
1906 2215 1972 2274 dem
1993 2231 2060 2273 nan
2081 2215 2146 2273 dem
2162 2215 2316 2274 Freniccn·

777 2322 856 2380 reich
878 2322 1082 2381 cineerlcibtcn
1105 2322 1219 2381 Beiern
1242 2321 1341 2383 Sictel
1363 2322 1458 2384 Bcitr.
1482 2341 1509 2381 e.
1534 2320 1620 2394 Dipl.
1643 2320 1704 2379 III
1728 2321 1847 2381 Wiener
1873 2320 1934 2381 SB.
1959 2324 2010 2390 47,
2034 2322 2108 2379 203.

776 2526 923 2592 Karolus
945 2526 1061 2612 gracia
1084 2526 1158 2592 deia
1180 2549 1241 2591 rex
1262 2527 1468 2592 Francorum
1492 2535 1525 2591 et
1539 2524 1836 2611 Longobardorum
1859 2546 1900 2589 ac
1922 2524 2080 2610 patricius
2097 2524 2321 2591 Romanorum

675 2631 828 2698 omnibus
851 2631 1005 2697 fidelibus
1027 2631 1150 2697 nostris
1173 2640 1240 2696 tam
1264 2630 1473 2717 presentibus
1497 2651 1597 2716 quam
1621 2629 1748 2694 futuris.
1855 2626 1891 2692 Si
1915 2651 1965 2712 ea,
1989 2651 2053 2717 que
2069 2628 2112 2694 ad
2135 2629 2209 2695 loca
2229 2649 2321 2693 sanc·

674 2745 782 2801 torum
805 2738 889 2800 iuste
911 2736 1085 2820 pertinent,
1114 2734 1654 2816 nostraauctoritatefirmamus,
1683 2734 1808 2818 regiam
1832 2734 2102 2800 consuetudinem
2130 2755 2321 2800 exercemus
2346 2752 2378 2800 ιι

675 2848 708 2904 et
730 2838 793 2904 hoo
815 2837 910 2904 nobis
933 2837 976 2904 ad
999 2837 1161 2905 mercedis
1184 2847 1398 2925 augmentum
1423 2837 1473 2902 vel
1497 2835 1713 2902 stabilitatem
1736 2838 1828 2922 regni
1842 2839 1948 2904 nostri
1971 2840 2004 2903 in
2029 2837 2080 2904 dei
2104 2839 2234 2905 nomine
2249 2861 2321 2924 per·

675 2946 780 3010 tinere
802 2942 1008 3009 confidimus.
1047 2943 1258 3029 Quapropter
1281 2942 1409 3032 noverit
1432 2940 1586 3006 sollercia
1609 2949 1731 3022 vestra,
1756 2962 1794 3006 eo
1819 2941 1909 3028 quod
1937 2941 2135 3008 venerabilis
2158 2941 2209 3007 vir
2232 2943 2321 3008 Arno

674 3049 866 3114 Petenensis
889 3047 980 3113 urbis
1004 3048 1189 3135 episcopus,
1220 3070 1283 3134 que
1306 3067 1392 3113 nunc
1421 3045 1608 3132 appellatur
1631 3045 1825 3130 Salzburch,
1861 3048 2070 3113 serenitatem
2098 3049 2190 3133 regni
2218 3047 2322 3113 nostri

675 3153 785 3237 peciit,
808 3161 845 3217 ut
867 3175 926 3239 per
947 3161 1097 3218 nosmum
1120 3162 1311 3239 preceptum
1335 3172 1447 3216 omnes
1470 3173 1523 3216 res
1540 3152 1751 3238 episcopatus
1775 3153 1837 3234 sui,
1861 3152 1917 3238 qui
1942 3153 2047 3216 estin
2070 3151 2193 3218 honore
2217 3151 2322 3217 sancti

674 3256 763 3321 Petri
786 3263 1006 3338 constructus,
1042 3277 1105 3340 que
1134 3254 1275 3340 alonge
1310 3262 1550 3341 temporetam
1585 3254 1626 3319 de
1655 3253 1790 3320 datione
1817 3277 1931 3340 regum
1959 3263 2017 3320 aut
2047 3257 2235 3341 reginarum
2264 3278 2322 3321 sen
2345 3271 2379 3321 ιο

676 3360 798 3426 ducum
820 3359 873 3425 vel
894 3359 1096 3444 reliquorum
1119 3359 1216 3424 deum
1239 3358 1430 3424 timenoium
1453 3357 1622 3423 hominum
1637 3356 1759 3423 ibidem
1781 3360 1867 3424 iuste
1885 3368 1918 3424 et
1939 3359 2184 3426 racionabiliter
2204 3360 2323 3426 tradite

676 3463 729 3529 vel
745 3464 896 3550 delegate
912 3472 998 3546 sunt,
1023 3485 1186 3550 quamque
1202 3462 1276 3546 hoc,
1300 3461 1389 3548 quod
1405 3463 1539 3528 inantea
1554 3485 1613 3548 per
1629 3462 1790 3528 bonorum
1806 3462 1973 3529 hominum
1996 3462 2183 3550 largitatem
2202 3464 2324 3530 ibidem

676 3569 790 3634 divina
813 3570 918 3655 pietas
934 3568 1093 3654 ampliare
1109 3567 1259 3650 voluerit,
1283 3565 1479 3632 confirmare
1502 3589 1561 3653 per
1576 3576 1723 3633 nostram
1746 3569 1976 3634 auctoritatem
1993 3568 2196 3635 deberemus.
2221 3568 2324 3634 Cuius

676 3675 873 3761 peticionem
896 3695 954 3761 pro
977 3672 1136 3739 mercedis
1159 3682 1269 3737 nostre
1286 3680 1462 3757 augmento
1487 3673 1534 3736 ita
1549 3672 1791 3738 confirmamus.
1822 3672 2045 3758 Preprientes
2061 3693 2138 3760 ergo
2161 3672 2325 3755 iubemus,

676 3788 722 3861 ut,
753 3778 911 3865 quicquid
934 3777 977 3842 ad
1006 3777 1169 3863 prefatum
1193 3777 1420 3863 episcopatum
1450 3775 1536 3842 iuste
1560 3785 1593 3841 et
1621 3774 1867 3842 racionabiliter
1895 3779 2037 3863 pertinet
2064 3787 2098 3844 et
2123 3787 2324 3843 memoratus
2347 3792 2381 3843 ab

678 3885 767 3949 Arno
791 3885 966 3969 episcopus
989 3881 1148 3947 moderno
1173 3891 1322 3967 tempore
1345 3891 1456 3946 tenere
1479 3879 1619 3963 videtur,
1650 3882 1755 3946 eciam
1779 3890 1811 3948 et
1833 3882 1906 3967 hoc,
1934 3881 2024 3970 quod
2046 3884 2179 3948 inantea
2203 3882 2326 3948 ibidem

677 3996 767 4051 recto
792 3985 904 4050 ordine
927 3983 1082 4070 largitum
1104 3983 1157 4050 vel
1180 3984 1368 4070 delegatum
1391 3985 1499 4068 fuerit,
1524 4006 1599 4048 eum
1624 3986 1711 4050 omni
1735 3988 1925 4072 integritate
1947 4010 2005 4074 per
2020 3996 2168 4055 nostram
2191 4008 2326 4073 precep-

678 4091 806 4156 cionem
829 4090 894 4154 iam
917 4089 1025 4154 dictus
1049 4091 1139 4154 Arno
1163 4088 1337 4176 episcopus
1363 4090 1478 4176 suique
1502 4110 1712 4178 successores
1734 4090 1868 4156 inantea
1891 4090 2046 4175 habeant,
2070 4100 2204 4156 teneant
2225 4099 2326 4176 atque

678 4193 873 4281 possideant
895 4202 928 4258 et
950 4192 994 4257 ad
1015 4194 1122 4279 ipsam
1141 4203 1290 4258 sanctam
1313 4194 1489 4259 ecclesiam
1506 4195 1539 4259 in
1562 4195 1748 4279 augmentis
1764 4196 1925 4281 proficiat,
1950 4205 2112 4282 quatenus
2128 4216 2186 4260 eos
2210 4194 2326 4261 melius

679 4299 821 4365 delectet
842 4319 902 4386 pro
931 4298 1027 4364 nobis
1056 4320 1225 4385 uxoreque
1248 4321 1288 4364 oc
1312 4298 1425 4365 liberis
1455 4299 1577 4364 nostris
1600 4299 1723 4364 domini
1746 4299 2006 4365 misericordiam
2035 4301 2155 4386 iugiter
2177 4320 2326 4365 exorare.
2349 4315 2383 4364 ιο

678 4403 723 4468 Et
751 4413 788 4468 ut
809 4403 869 4468 hec
899 4404 1080 4468 auctoritas
1108 4402 1233 4468 firmior
1261 4401 1425 4469 habeatur
1452 4401 1505 4469 vel
1534 4402 1697 4468 diuturnis
1724 4404 1928 4490 temporibus
1957 4403 2074 4469 melius
2104 4412 2327 4486 conservetur,

679 4530 779 4573 manu
807 4507 941 4592 propria
964 4507 1076 4573 subter
1106 4530 1179 4572 eam
1211 4507 1417 4576 decrevimus
1446 4507 1605 4574 roborare
1634 4506 1730 4572 etde
1759 4507 1859 4574 anulo
1889 4518 2000 4574 nostro
2030 4508 2144 4574 subter
2171 4509 2326 4573 iussimus

682 4610 838 4696 sigillare.

785 4765 924 4851 Signum
946 4767 1063 4832 Karoli
1087 4771 1153 4846 (II.)
1176 4767 1405 4853 gloriosissimi
1428 4768 1527 4853 regia.

787 4905 955 4972 Gildulfus
979 4906 1127 4972 advi0em
1150 4907 1281 4972 Redoni
1303 4909 1479 4993 recognovi
1503 4917 1536 4974 et
1557 4906 1669 4987 (SR.)'’.
2347 4923 2379 4972 ss

784 5045 875 5110 Data
902 5046 935 5110 in
965 5068 1076 5111 mense
1106 5045 1272 5113 decembri
1302 5069 1387 5113 anno
1417 5067 1503 5113 xxvl
1534 5058 1567 5114 et
1595 5067 1684 5115 xvnl
1713 5050 1804 5135 regni
1835 5050 1954 5132 nostri3
1996 5058 2106 5115 actum
2135 5048 2261 5132 [....];
2295 5050 2329 5114 in

681 5150 811 5215 nomine
835 5149 957 5215 domini
981 5149 1121 5215 feliciter
1145 5172 1249 5216 amen.
1377 5162 1380 5166 ’

1462 5484 1548 5557 169.

683 5639 778 5708 Kcrl
805 5640 869 5709 etc-r
900 5637 1028 5710 Grossc
1056 5640 1212 5733 bestdtipt
1239 5645 1316 5714 dem
1336 5642 1380 5712 Κ
1383 5642 1487 5713 tester
1513 5642 1556 5712 K
1559 5665 1712 5714 rectene
1721 5649 1874 5715 vie'ecstcc
1902 5641 2145 5732 recletslcreiftc'p
2171 5643 2238 5712 decc
2264 5662 2329 5712 con
2386 5717 2388 5720 ,

684 5759 824 5850 Hereop
853 5759 987 5831 Tcssc'lo
1011 5764 1233 5852 pescbenlctccc
1261 5763 1391 5836 Besite.
2351 5781 2386 5830 4⁰

1883 5868 1997 5926 Wcms
2021 5870 2081 5926 791
2107 5866 2233 5926 Januer
2255 5869 2286 5925 3.

760 6047 819 6104 ιιι.
840 6048 866 6111 s)
885 6047 928 6098 ees
947 6051 1038 6113 green
1057 6049 1080 6103 c
1147 6051 1174 6114 ι)
1193 6030 1226 6103 is.
1247 6050 1274 6105 ο,
