5642 7159
1011 676 1129 736 KARL
1151 678 1240 739 Dllli
1262 678 1428 740 GROSSE
1451 674 1523 741 775.
2027 672 2086 739 151
2201 732 2204 738 .

445 856 643 941 requiescit‘l
665 869 698 925 et
712 861 763 926 vir
777 861 975 928 venerabilis
992 863 1137 932 Sturmio
1160 868 1250 933 abba
1265 876 1393 934 turmae
1417 866 1654 933 monachorum
1669 887 1824 952 praeesse
1842 864 2002 946 videtur',
2025 863 2089 929 hoc

445 968 495 1022 est
517 964 787 1031 monasteriolum
820 969 1090 1053 cognominatum
1117 972 1351 1039 Holakiricha¹
1379 975 1413 1038 in
1448 993 1535 1060 pago
1563 970 1799 1047 Vualdsassin‘
1827 991 1926 1056 super
1950 968 2088 1033 fluvium

443 1059 606 1148 Albstatt,
641 1067 731 1152 quod
753 1068 949 1137 Troandus'
971 1096 991 1138 a
1014 1096 1101 1141 novo
1125 1077 1316 1144 fundamine
1338 1080 1372 1143 in
1396 1101 1432 1143 re
1455 1076 1666 1163 proprietatis
1689 1097 1769 1141 suae
1798 1076 1890 1140 visus
1913 1074 1976 1139 fuit
1998 1072 2088 1138 edifi-

444 1176 568 1232 casse'
590 1171 625 1235 in
647 1170 771 1239 honore
794 1173 1052 1259 gloriosissimae
1076 1181 1222 1267 Virginis
1245 1204 1395 1249 necnon
1419 1192 1451 1247 et
1474 1181 1614 1247 aliorum
1637 1189 1828 1245 sanctorum
1849 1187 2032 1265 martyrum
2055 1185 2089 1241 et

407 1282 494 1333 ores
517 1275 727 1360 proprietatis
751 1299 831 1344 suae
862 1279 906 1344 ad
929 1283 1037 1368 ipsum
1066 1283 1175 1349 locum
1198 1287 1288 1351 visus
1312 1288 1374 1353 fuit
1396 1285 1592 1371 delegasse⁸
1615 1293 1647 1350 et
1670 1287 1726 1349 iny
1749 1281 1961 1370 postmodum
1987 1303 2088 1347 manu

442 1379 642 1457 potestativa
665 1382 774 1466 ipsum
796 1386 1084 1453 monasteriolum*
1106 1411 1181 1455 oum
1205 1392 1292 1456 omni
1321 1392 1521 1475 integritate,
1550 1387 1779 1475 appendiciis·
1804 1386 1858 1451 vel
1886 1385 2087 1451 adiacenciis

442 1478 520 1559 suis,
544 1481 722 1569 quicquidb
744 1487 816 1572 ipse
831 1486 883 1553 vel
900 1487 957 1554 alii
973 1490 1123 1557 homines
1140 1493 1183 1558 ad
1206 1493 1390 1580 predictum
1406 1491 1697 1559 monasteriolum⁰
1721 1491 1966 1577 delegaverunt,
1989 1488 2087 1554 nobis

442 1580 577 1648 tradidit
598 1584 674 1652 vel‘¹
695 1590 728 1653 in
752 1590 904 1657 omnibus
928 1594 1145 1680 confirmavit,
1181 1596 1215 1662 id
1238 1607 1290 1663 est
1313 1598 1427 1663 terris⁰
1450 1596 1603 1662 domibus
1627 1595 1765 1663 edificiis
1787 1595 1961 1681 mancipiis
1983 1594 2086 1659 vineis

441 1682 531 1750 silvis
559 1692 685 1777 campis
709 1696 813 1779 pratis
844 1699 978 1783 pascuis
1001 1703 1096 1786 aquis
1126 1724 1328 1788 aquarumve
1352 1699 1568 1768 decursibua‘
1595 1700 1773 1767 mobilibus
1802 1709 1835 1766 et
1863 1696 2086 1764 immobilibus

396 1802 422 1851 ro
441 1792 588 1872 pecuniis
602 1795 757 1881 presidiis
773 1799 962 1867 farinariis⁸
976 1802 1179 1871 adiacenciis
1195 1808 1415 1895 appendiciis,
1439 1808 1597 1894 quicquid
1612 1807 1675 1872 dici
1693 1804 1773 1871 suti
1788 1805 1950 1871 nominari
1966 1812 2085 1891 potest,

440 1895 557 1959 totum¹
578 1908 612 1963 et
628 1898 695 1985 [ad]
712 1902 885 1989 integrum,
910 1908 995 1973 sicut
1011 1908 1167 1995 diximus,
1192 1912 1282 1999 quod
1297 1912 1445 1999 prefatus
1462 1911 1637 1977 Troandus
1652 1909 1749 1975 nobis
1764 1908 1911 1992 tradidit,
1934 1907 2084 1995 partibus

440 2002 543 2063 sancti
565 2002 754 2070 Bonifaoiik
778 2006 984 2096 donavimus,
1016 2014 1216 2082 tradidimus
1229 2014 1338 2102 [atque
1363 2018 1396 2081 in
1419 2015 1571 2081 omnibus
1595 2036 1791 2079 concessum
1813 2034 1887 2077 esse
1909 2008 2085 2094 volumus¹,

440 2122 475 2165 ea
496 2106 626 2173 ratione
655 2119 692 2174 ut
714 2110 756 2176 ab
780 2110 842 2177 hac
865 2114 948 2179 diem
976 2116 1119 2185 ecclesia
1143 2123 1250 2186 sancti
1273 2121 1437 2187 Bonifatii
1464 2119 1518 2186 vel
1540 2128 1686 2186 rectores
1710 2117 1822 2184 illius¹¹
1842 2118 1952 2202 ipsum
1973 2137 2086 2180 mona-

440 2207 627 2275 steriolum⁰
653 2233 728 2278 cum
757 2218 846 2280 omni
879 2218 1093 2309 integritatel’
1122 2223 1283 2300 habeant,
1319 2234 1455 2291 teneant
1484 2236 1585 2313 atque
1618 2222 1820 2311 possedeant
1846 2220 1899 2285 vel
1930 2220 2087 2307 quicquid

393 2328 419 2379 ιι
440 2310 554 2377 exinde
571 2314 682 2382 facere
694 2317 862 2403 elegerint,
877 2342 938 2421 pro
952 2326 1095 2394 utilitate
1112 2338 1145 2395 et
1158 2330 1381 2416 oportunitate
1398 2329 1580 2395 ecclesiaeq
1595 2328 1699 2394 libero
1716 2326 1926 2413 perfruantur
1937 2324 2086 2401 arbitrio,

443 2415 576 2499 qualiter
592 2422 715 2487 nostris
731 2432 765 2488 et
780 2424 901 2501 futuris
918 2432 1122 2518 temporibus
1139 2433 1308 2521 adipsum
1324 2444 1474 2499 sanetum
1489 2433 1599 2498 locum
1614 2432 1785 2519 proficiatr
1806 2432 1839 2495 in
1855 2436 2088 2517 angmentum·

443 2528 471 2582 et
491 2531 526 2585 ut
543 2523 662 2590 melius
686 2522 1108 2622 ipsamcongregationem
1132 2537 1274 2603 delectet
1296 2559 1356 2624 pro
1380 2537 1488 2613 nobis,
1513 2538 1636 2603 uxoret
1658 2537 1811 2601 etiamst
1833 2536 1927 2622 prole
1949 2540 2088 2600 nostrau

445 2622 558 2691 (hmini
581 2630 844 2727 misericordiam
867 2642 1049 2706 attentius*
1071 2662 1220 2707 exorare.
1267 2642 1311 2706 Et
1333 2650 1371 2706 ut
1392 2638 1476 2706 haec
1500 2641 1681 2706 auctoritas
1704 2640 1828 2705 firmior
1849 2636 2013 2704 habeatur
2034 2636 2086 2701 vel

446 2749 497 2813 per
518 2728 677 2853 temposrst'
691 2742 808 2808 melius
831 2753 1053 2826 conservetur,
1087 2768 1188 2810 manu
1211 2747 1348 2831 propria
1372 2744 1487 2810 subter
1514 2766 1587 2810 eam
1614 2744 1817 2809 firmavimus
1840 2752 1874 2807 et
1896 2741 1938 2807 do
1959 2739 2087 2806 anulo'

399 2840 549 2905 20110⁸er
573 2836 715 2937 ⁸}gillari
738 2846 924 2913 iussimus¹.

536 2948 682 3081 ,Signum
705 2984 815 3052 Caroli
838 2986 1092 3074 gloriosissimiy
1113 2989 1211 3074 regis.

510 3100 637 3173 Rado
661 3108 809 3174 advicem
832 3109 964 3175 Hitterii
988 3112 1186 3197 recognoviz
1209 3121 1243 3177 et
1265 3111 1460 3198 subscripsi.

488 3246 491 3251 '
542 3231 634 3296 Data
648 3232 682 3295 in
704 3253 814 3296 mense
829 3233 1020 3298 novembrio
1045 3255 1133 3298 anno
1150 3242 1269 3301 octavo
1292 3235 1384 3319 regni
1401 3235 1527 3316 nostri,
1551 3242 1662 3297 actum
1679 3232 1772 3296 Dura
1785 3229 1915 3317 palacio
1932 3226 2084 3315 publioo;

458 3320 581 3402 lliciter
603 3343 731 3400 ament

418 3470 442 3517 ²⁵
519 3489 576 3545 1⁰6.
595 3489 623 3557 q)
634 3490 681 3541 ubi
694 3490 751 3557 ipss
763 3492 900 3557 preciosus
911 3494 1024 3545 domnus
1037 3500 1065 3547 et
1076 3501 1186 3547 sanctus
1199 3498 1291 3547 martir
1303 3494 1461 3549 Bonifacius
1479 3512 1589 3563 corpore
1601 3497 1746 3563 requiescit
1759 3492 1788 3556 0,
1805 3507 1863 3545 rerer
1876 3489 1926 3544 der
1938 3490 2047 3543 Zuaota
2060 3495 2088 3540 st

593 3566 700 3610 sanctus
713 3558 763 3613 mit
777 3558 826 3613 der
842 3560 980 3615 Varietate
991 3565 1164 3631 corporaliter
1182 3568 1297 3633 quiescit
1309 3564 1341 3617 ia
1354 3564 1385 3619 0
1390 3584 1397 3629 ;
1417 3566 1578 3617 Bonefacius
1592 3564 1622 3619 D
1640 3563 1692 3617 soie
1705 3566 1802 3631 opiter
1814 3562 1954 3613 Bonefacii
2023 3560 2047 3623 r)
2059 3565 2086 3610 st

592 3628 753 3680 venerabilis
771 3632 812 3681 vir
824 3630 924 3682 Stnrmi
943 3632 1012 3684 abba
1024 3635 1101 3702 turbq
1118 3634 1202 3701 (auch
1220 3635 1252 3687 irs
1264 3634 1294 3689 D
1307 3635 1415 3702 turbas)
1431 3636 1620 3686 monachornm
1638 3640 1726 3685 rector
1743 3648 1802 3683 esse
1820 3632 1927 3681 videtu:
1942 3628 1977 3691 03
1994 3634 2022 3679 et
2040 3628 2087 3678 ubi

594 3698 754 3750 venerabilis
767 3705 794 3751 et
806 3706 914 3751 ssnctus
926 3703 969 3751 vir
980 3702 1081 3754 Sturmi
1094 3704 1177 3755 abbas
1190 3706 1427 3756 innumerabilium
1440 3706 1632 3756 monachorum
1644 3704 1881 3769 congregationem
1893 3700 2002 3749 domino
2015 3698 2085 3748 mili-

593 3770 706 3818 tantium
718 3768 829 3835 collegit
842 3767 871 3821 0
934 3769 958 3835 s)
970 3776 1161 3825 monasterium
1174 3780 1352 3841 cognomento
1366 3775 1545 3825 Holakirichs
1558 3770 1590 3836 0;
1609 3774 1743 3841 quoddam
1754 3771 1882 3821 videlicet
1892 3769 2087 3820 monasterium

595 3837 989 3893 HolachirehanominatumU
1041 3841 1063 3908 t)
1080 3844 1109 3893 in
1122 3858 1191 3910 pago
1204 3843 1309 3895 scilicet
1322 3844 1461 3895 Waltsaze
1471 3842 1509 3907 0,
1522 3841 1639 3895 dissolbe
1652 3838 1853 3904 Nomeassorm
1865 3836 1933 3891 irsO
1981 3836 2087 3900 unib-

593 3906 668 3957 stade
678 3903 714 3969 0,
727 3922 806 3973 super
814 3908 953 3960 fluviolum
964 3908 1112 3964 AbbahaO
1162 3912 1189 3977 v)
1200 3913 1341 3963 Troandus
1351 3916 1476 3980 princeps
1488 3915 1565 3980 regni
1574 3910 1699 3963 noscit*
1752 3910 1787 3975 vr)
1796 3911 1829 3959 de
1840 3909 1921 3959 rebus
1930 3904 2015 3974 (istD
2028 3908 2086 3955 iure

593 3974 712 4028 oerlesen
724 3990 778 4028 aas
790 3978 818 4027 in
831 3977 870 4041 re)
882 3994 930 4045 suq
942 3982 1112 4046 proprietatis
1125 3984 1199 4032 risus
1212 3986 1254 4032 est
1266 3982 1405 4049 edificasse
1419 3980 1457 4046 0,
1474 3998 1531 4035 aar
1543 3984 1716 4049 cognoscitur
1727 3978 1865 4046 qdificasso
1878 3976 1901 4031 0
1967 3976 1996 4035 xl
2007 3975 2085 4041 hm?

595 4044 677 4111 Maria
687 4060 790 4113 semper
798 4048 911 4113 virginis
920 4049 980 4115 (nec
990 4065 1045 4099 non
1054 4079 1089 4089 -
1098 4058 1245 4116 martyrum
1254 4049 1344 4118 sebit),
1358 4054 1432 4102 visus
1444 4058 1486 4103 est
1496 4050 1529 4115 03
1542 4054 1570 4102 in
1580 4053 1709 4103 honorem
1721 4052 1800 4115 beate
1812 4056 1839 4100 st
1848 4048 1963 4114 gloriose
1971 4046 2086 4110 virginis

596 4114 678 4179 Mariq
697 4130 746 4165 nec
764 4131 818 4165 non
830 4123 857 4168 et
869 4118 1017 4169 beatissimi
1030 4122 1147 4171 martiris
1160 4121 1294 4172 Bonifacii
1308 4122 1502 4188 archiepiscopi
1521 4128 1723 4188 ceterorumque
1735 4121 1873 4170 martirum
1885 4117 1988 4166 domini
2001 4116 2087 4164 nostri

594 4182 654 4233 lesu
668 4184 767 4234 Christi
785 4200 901 4236 necnon
913 4192 940 4238 et
952 4187 1065 4239 aliorum
1079 4196 1242 4252 sanctorum,
1255 4206 1368 4258 quorum
1380 4193 1419 4242 ibi
1431 4191 1546 4257 reliquie
1558 4197 1622 4242 sunt
1633 4191 1779 4255 recondite,
1791 4190 1819 4238 in
1833 4202 1947 4254 quornm
1957 4184 2086 4234 honorem

594 4266 636 4302 res
655 4256 823 4319 proprietatis
851 4257 987 4317 sucidam
1015 4260 1139 4325 princeps
1157 4266 1248 4310 noster
1275 4266 1367 4311 nostra
1385 4263 1562 4326 permissione
1586 4260 1726 4326 adipsum
1750 4259 1840 4343 locqrq
1861 4258 1935 4338 visus
1953 4258 1995 4305 est
2012 4252 2085 4302 dele·

594 4318 718 4441 {diluuii
734 4323 1027 4459 gppgnglcifiegmffluffi
1046 4326 1571 4467 appendiclidnd'mnunb)(dicquioquid
1588 4345 1643 4450 ppt
1660 4329 2085 4463 cmbfddniabltdi‘dlblde’mddss

595 4462 702 4510 starium
715 4457 743 4524 0,
761 4461 794 4512 ad
826 4463 955 4514 redictum
968 4465 1056 4516 locum
1069 4469 1127 4517 eius
1145 4468 1283 4519 causavel
1301 4484 1349 4534 pro
1362 4468 1406 4518 dei
1419 4483 1508 4518 amore
1523 4465 1551 4520 0
1620 4466 1729 4534 d)stC,
1748 4466 1857 4517 tradidit
1873 4466 1945 4515 idem
1960 4463 2085 4529 princeps

594 4528 731 4581 Troaudus
748 4537 775 4582 et
818 4527 824 4545 '
929 4532 954 4600 s)
972 4538 1027 4585 tam
1049 4538 1128 4586 terris
1152 4536 1252 4587 accolis
1272 4535 1300 4600 0,
1327 4540 1406 4589 terris
1425 4537 1525 4588 accolis
1545 4535 1574 4590 0
1678 4536 1701 4601 f)
1726 4551 1858 4602 aquarum
1884 4532 2041 4584 decursibus
2058 4536 2086 4581 et

595 4598 743 4650 incursibus
763 4598 791 4664 0,
819 4598 869 4653 der
886 4602 993 4655 msera
1011 4609 1038 4654 st
1055 4606 1206 4657 incursibus
1225 4604 1298 4658 uach
1316 4606 1348 4658 irs
1367 4604 1395 4659 0
1510 4606 1539 4673 g)
1556 4604 1741 4673 patinariisO
1852 4604 1881 4667 h)
1898 4600 1985 4654 velO

594 4665 615 4732 i)
631 4673 715 4719 totum
741 4684 805 4737 ergo
823 4668 854 4723 0
965 4672 994 4736 ir)
1020 4676 1183 4727 monasterio
1212 4676 1299 4726 sancti
1317 4677 1451 4727 Bonifaoii
1471 4672 1494 4728 0
1511 4673 1541 4728 0
1656 4675 1677 4738 l)
1694 4676 1832 4735 donamus,
1859 4673 1988 4724 tradimus
2011 4675 2039 4720 et
2055 4668 2084 4720 in

594 4743 748 4803 perpetuum
767 4742 796 4789 in
808 4740 931 4791 omnibns
949 4758 1106 4794 conoessum
1119 4760 1178 4796 esse
1196 4745 1320 4796 volumus
1339 4744 1366 4808 0,
1385 4761 1543 4811 concessum
1555 4748 1585 4796 in
1604 4751 1762 4812 perpetuum
1775 4742 1971 4795 essevolumus
1985 4734 2014 4792 0

594 4805 631 4870 m)
647 4806 680 4856 ab
698 4807 748 4859 bac
766 4810 825 4875 ipsa
841 4811 885 4861 dis
903 4809 931 4875 0,
950 4812 984 4862 ab
1003 4813 1061 4878 ipso
1081 4814 1124 4865 dis
1143 4812 1172 4866 0
1268 4814 1297 4881 n)
1314 4817 1373 4866 eius
1392 4814 1415 4868 0
1432 4812 1461 4867 0
1553 4815 1580 4882 o)
1598 4813 1817 4865 monasteriolum
1834 4810 2037 4862 liolzcbirchun
2056 4807 2084 4860 0

594 4874 622 4941 p)
638 4878 792 4943 integritate
810 4882 932 4946 superins
950 4882 1076 4933 intimata
1094 4880 1157 4936 00
1262 4884 1289 4950 q)
1307 4898 1338 4937 ao
1351 4882 1388 4950 03
1406 4885 1563 4951 possideant
1580 4900 1627 4951 pro
1646 4884 1828 4950 oportunitate
1847 4881 1977 4933 ecclesiae
1996 4875 2040 4942 D3
2058 4884 2086 4929 st

595 4946 720 5013 quicquid
732 4964 779 5013 pro
792 4948 909 5001 utilitate
922 4950 1014 5002 locist
1027 4952 1140 5016 ecclesie
1153 4956 1334 5019 oportunitate
1347 4954 1436 5006 facere
1448 4954 1585 5005 voluerint
1594 4951 1625 5006 0
1694 4952 1718 5019 r)
1730 4953 1894 5020 pertinentia
1905 4948 2045 5016 proficiant
2055 4942 2084 5000 0

594 5015 618 5079 s)
635 5019 782 5067 aucmentis
802 5014 830 5081 0,
848 5021 876 5069 in
895 5026 1065 5071 aucmentum
1085 5021 1197 5072 fratrum
1215 5022 1315 5074 ibidem
1334 5023 1384 5074 deo
1403 5025 1578 5075 servientium
1598 5021 1628 5076 0
1733 5023 1755 5087 t)
1771 5027 1799 5072 et
1817 5035 1899 5072 uxore
1919 5016 1942 5072 0
1958 5014 1990 5070 0'

593 5080 719 5167 tristiam
737 5085 812 5153 prole
831 5086 864 5152 03
883 5094 911 5140 et
928 5090 1003 5156 prole
1022 5095 1153 5142 nostrast
1170 5106 1218 5157 pro
1231 5098 1303 5142 ststn
1322 5108 1353 5143 sc
1365 5094 1544 5144 diuturnitate
1562 5095 1639 5183 regni
1652 5094 1738 5144 nostri
1756 5107 1806 5142 nec
1818 5106 1873 5141 non
1891 5095 1919 5139 et
1930 5104 1978 5154 pro
1997 5086 2085 5137 salute

593 5157 1948 5298 ἷξὲιῗρὲοῗοὲἔὲἰῗιῖιίξᾚζὲιῗῖ0000000αῖοιοιὶιιιγζίιιιῖιῒίἰῗὴιιηῑεἀξυιιιιιιὶοἶίιειιῃῗιξοοξᾶοιιιίκ
1956 5157 2086 5292 xtbdlblolld

592 5289 720 5343 habeatur
737 5300 764 5345 et
780 5297 870 5347 verius
888 5298 1011 5349 credatur
1029 5305 1056 5350 et
1073 5306 1253 5364 conservetur,
1272 5303 1389 5352 nominis
1406 5304 1493 5352 nostri
1506 5307 1641 5352 caractere
1660 5302 1755 5352 subtus
1772 5300 1939 5351 firmavimus
1957 5302 1985 5348 et
2002 5296 2084 5346 anulo

589 5366 678 5411 nostro
690 5364 796 5429 signare
815 5367 941 5417 iussimus
955 5365 989 5432 03
1007 5368 1043 5419 Et
1056 5374 1086 5419 ut
1103 5369 1152 5434 hec
1164 5376 1257 5420 nostra
1275 5372 1421 5421 auctoritas
1433 5377 1461 5422 et
1479 5373 1615 5438 preceptio
1628 5372 1700 5437 regie
1712 5377 1802 5436 nostre
1820 5368 1969 5419 maiestatis
1985 5366 2086 5417 firmior

593 5444 624 5480 ac
642 5430 788 5485 durabilior
805 5434 935 5486 habeatnr
953 5442 980 5487 et
997 5453 1046 5503 per
1063 5441 1155 5489 omnia
1173 5445 1294 5505 tempora
1312 5440 1408 5490 melius
1421 5445 1477 5491 tam
1496 5457 1512 5491 s
1531 5441 1665 5492 modernis
1678 5456 1758 5507 qnam
1777 5456 1793 5490 s
1810 5438 2009 5490 successoribus
2021 5451 2084 5487 con·

594 5506 720 5563 servetur,
747 5519 829 5554 manu
846 5508 953 5572 propria
980 5507 1071 5558 subter
1097 5508 1264 5559 firmavimus
1283 5514 1310 5559 et
1328 5510 1362 5560 de
1385 5509 1469 5561 anulo
1498 5516 1589 5561 nostro
1614 5510 1737 5575 sigillare
1760 5512 1888 5561 iussimus
1911 5524 1962 5559 nec
1978 5523 2034 5558 non
2057 5513 2085 5558 et

593 5576 725 5621 caractere
742 5575 859 5623 nominis
877 5578 961 5625 nostri
980 5578 1207 5643 consignavimus,
1226 5584 1257 5629 ut
1274 5578 1366 5629 nullus
1384 5580 1414 5629 in
1433 5586 1569 5644 posterum
1587 5588 1678 5643 nostre
1697 5581 1877 5647 preceptionis
1896 5579 2084 5629 anctoritatem

589 5643 717 5690 umerus
729 5656 778 5692 sen
790 5643 892 5695 violare
903 5651 1040 5710 presumat
1058 5653 1086 5697 et
1098 5648 1130 5697 de
1149 5647 1219 5698 bono
1233 5648 1352 5699 eiusdem
1370 5648 1484 5714 ecclesie
1497 5651 1640 5715 quicquam
1658 5650 1786 5701 invadere
1798 5649 1843 5701 vel
1861 5649 1965 5699 auferre
1978 5647 2083 5709 audeat,

590 5705 643 5785 dus
660 5706 845 5763 Eaebotutoli
861 5710 938 5778 sealt,
959 5712 988 5767 0
1056 5716 1086 5781 y)
1103 5714 1173 5781 sebit
1191 5716 1218 5777 0.
1237 5715 1366 5769 oberbolb
1385 5716 1436 5769 der
1455 5717 1639 5785 Signumzes'lc
1657 5719 1696 5771 ist
1714 5717 1850 5771 awiscbess
1867 5717 1935 5769 aecci
1952 5716 2084 5769 Kreurers

591 5790 643 5897 tt
661 5778 1398 5922 tutilitltlriitttvl‘tttztutu2¹⁶⁸
1427 5785 2086 5922 tistitus,'‘ititlfiizttlglttft

592 5914 618 5980 a)
635 5916 706 5967 Data
722 5917 765 5969 111
782 5920 825 5970 die
843 5936 934 5972 mense
953 5922 1112 5985 novenbrio;
1132 5930 1220 5974 actum
1233 5924 1308 5975 Dura
1326 5924 1427 5991 palatio
1445 5927 1536 5990 regi03
1554 5926 1671 5979 feliciter
1683 5925 1716 5991 03
1737 5925 1782 5978 dic
1800 5924 1872 5978 Zeia
1886 5924 1927 5974 111
1946 5922 2083 5975 viellea'clst

589 5998 645 6036 nur
662 5984 782 6040 cerlessu
800 5990 851 6053 sair
868 5992 897 6040 in
915 5989 966 6058 egl.
986 5990 1059 6045 assela
1078 5990 1168 6045 Sickel
1186 5992 1253 6061 Ray.
1272 5993 1379 6047 2161(
1394 5996 1437 6047 50.
