5642 7159
1228 647 1383 707 PIPPIN
1406 645 1478 710 760.
2137 646 2177 712 19

532 832 647 916 Fulda,
677 835 732 920 qui
762 844 813 898 est
835 843 1044 899 constructus
1079 835 1112 899 in
1146 833 1270 899 honore
1300 835 1406 898 sancti
1431 831 1622 916 Salvatoris,
1657 855 1753 919 quem
1784 842 1918 899 sanctus
1941 834 2134 900 Bonefatius
2157 859 2178 900 u

532 957 614 1000 novo
643 937 828 1001 construxit
856 958 963 1021 opere,
998 935 1054 1001 ubi
1088 939 1158 1022 ipse
1193 939 1384 1022 praeciosus
1413 945 1540 1021 martyr
1561 957 1698 1021 corpore
1726 935 1935 1022 requie[scit],
1967 938 2045 1023 quin
2067 940 2176 1024 potius

532 1041 777 1124 prumptissima
812 1039 987 1104 devotione
1021 1040 1182 1104 tradimus
1212 1039 1291 1103 villa
1326 1041 1381 1124 qui
1417 1039 1537 1103 dicitur
1565 1039 1731 1123 Thininga
1765 1041 1864 1104 sitam
1896 1041 1930 1104 in
1970 1062 2056 1126 pago
2097 1041 2176 1106 Rani

531 1140 653 1226 sup[er]
675 1140 774 1206 fluvio
799 1143 854 1227 qui
870 1151 1008 1206 vocatur
1023 1139 1149 1227 Agiral'
1173 1144 1351 1208 cumomni
1375 1143 1573 1227 integritate,
1597 1143 1753 1229 quiequid
1774 1143 1818 1208 ad
1840 1146 1913 1229 ipsa
1929 1144 2007 1208 villa
2029 1145 2177 1230 aspicere

495 1245 583 1308 uvel
606 1256 776 1330 pertenere
800 1243 937 1328 videtur,
961 1245 1061 1311 idest
1084 1256 1150 1310 tarn
1174 1249 1270 1310 terris
1294 1248 1419 1310 mansis
1442 1268 1517 1310 oum
1541 1245 1726 1310 hominibus
1744 1257 1979 1313 conmanentes
2002 1248 2176 1332 mancipiis

532 1347 621 1411 silvis
644 1369 773 1412 marcas
789 1348 839 1412 vel
857 1348 939 1414 fines
962 1351 1090 1435 campis
1116 1352 1219 1435 pratis
1244 1351 1375 1435 pascois
1398 1351 1492 1433 aquis
1515 1371 1718 1434 aquarumve
1734 1348 1927 1415 decursibus
1950 1349 2127 1416 mobilibus
2145 1362 2178 1416 et

531 1451 752 1516 immobilibus
777 1452 948 1536 praesidiis
965 1452 1165 1538 quibuslibet
1188 1453 1384 1518 adiacentiis
1409 1462 1513 1516 totum
1535 1461 1567 1516 et
1589 1453 1632 1517 ad
1656 1455 1829 1539 integrum,
1852 1464 1889 1518 ut
1911 1455 2065 1534 diximus,
2088 1477 2109 1519 a
2126 1454 2178 1519 die

530 1565 703 1639 praesente
727 1556 865 1640 adipso
891 1558 1085 1620 monastirio
1111 1559 1214 1620 sancti
1239 1555 1433 1628 Salvatoris,
1468 1554 1523 1620 ubi
1558 1558 1627 1640 ipse
1661 1559 1852 1642 praeciosus
1886 1567 2012 1642 martyr
2044 1567 2178 1622 sanctus

532 1660 724 1723 Bonefatius
759 1680 896 1745 corpore
931 1662 1117 1746 requiescit,
1154 1682 1252 1745 super
1279 1660 1379 1724 fluvio
1403 1658 1511 1725 Fulda
1546 1682 1604 1744 per
1637 1659 1721 1724 banc
1750 1662 1866 1724 seriem
1901 1660 2085 1725 traditionis
2119 1682 2177 1745 pro

482 1779 512 1825 10
532 1762 681 1827 mercede
705 1773 838 1828 nostrae
861 1774 1073 1848 augmentum
1098 1764 1259 1830 donamus
1284 1763 1520 1850 perpetualiter
1540 1761 1583 1827 ad
1607 1763 1860 1848 possedendum,
1883 1765 1930 1827 ita
1952 1775 1988 1827 ut
2003 1763 2046 1828 ab
2070 1785 2109 1827 ac
2126 1762 2178 1828 die

531 1876 676 1931 rectores
698 1868 801 1952 ipsius
826 1869 1011 1932 monastirii
1035 1869 1108 1952 ipsa
1131 1869 1209 1933 villa
1233 1871 1288 1955 qui
1313 1867 1433 1933 dicitnr
1449 1867 1591 1951 Tininga
1614 1887 1687 1931 cum
1713 1865 1864 1931 omuibus
1886 1866 2102 1931 adiaeoentiis
2127 1867 2177 1930 vel

530 1970 735 2055 appendiciis
759 1972 825 2034 suis
847 1970 889 2034 ad
914 1971 1095 2055 profectum
1120 1974 1223 2057 ipsius
1248 1972 1408 2038 ecclesiae
1432 1994 1504 2035 eam
1529 1981 1661 2034 teneant
1684 1980 1717 2035 et
1740 1970 1940 2055 possedeant
1962 1980 1996 2035 et
2018 1992 2122 2056 usque
2145 1972 2177 2034 in

530 2085 723 2160 perpetuum
747 2075 795 2139 eis
818 2076 970 2161 proficiat
992 2076 1024 2139 in
1048 2087 1270 2160 augmentum.
1295 2077 1338 2141 Et
1353 2086 1389 2140 ut
1412 2076 1494 2140 haec
1517 2077 1695 2139 auctoritas
1718 2075 1841 2138 firmior
1863 2073 2024 2138 habeatur
2045 2073 2098 2138 vel
2121 2095 2179 2159 per

531 2189 680 2264 tempora
702 2178 818 2244 melius
841 2189 1062 2260 conservetur,
1096 2179 1208 2245 subter
1230 2202 1302 2244 eam
1327 2180 1529 2243 firmavimus
1554 2178 1603 2242 vel
1629 2178 1669 2243 de
1693 2177 1792 2242 anulo
1815 2187 1927 2241 nostro
1953 2176 2179 2263 sigillavimus.

479 2327 509 2375 15
632 2329 647 2368 2²
670 2318 806 2401 Signum
831 2319 922 2398 (111.)
946 2318 1085 2402 Pippino
1110 2317 1348 2402 gloriosissimo
1371 2339 1460 2401 rege.
1484 2317 1497 2395 i

633 2438 692 2517 (C.)
715 2441 729 2522 ’ξ
751 2438 917 2502 Hitherius
940 2438 1046 2502 invice
1070 2437 1252 2504 Baddilone
1274 2436 1288 2520 ξ
1311 2439 1381 2520 (SR.
1406 2445 1487 2502 NT.:
1513 2432 1680 2499 [litterius
1704 2433 1902 2513 subscripto).
1925 2440 1985 2512 (SI.
2010 2434 2062 2515 D.)

635 2577 722 2641 Data
744 2577 777 2640 in
792 2598 903 2641 mense
927 2577 1016 2642 iunio
1040 2599 1126 2641 anno
1151 2597 1236 2640 nono
1260 2579 1396 2660 regnum
1421 2575 1542 2654 nostri;
1565 2584 1675 2639 actum
1704 2571 1861 2657 Atiniago
1886 2571 2009 2657 palatio
2034 2569 2178 2657 publico.

1324 2866 1384 2941 14.

475 3054 511 3099 eo
530 3027 663 3118 Pippin
692 3028 816 3096 nimmt
842 3028 906 3097 dos
932 3027 1076 3098 Kloster
1093 3025 1149 3097 St.
1173 3024 1327 3096 Calais
1356 3025 1394 3094 in
1422 3026 1539 3094 selues
1566 3025 1641 3094 rsrvd
1666 3024 1776 3094 selues
1794 3021 1923 3092 &ines
1942 3021 2037 3092 Korl
2054 3020 2181 3093 Sobata

532 3147 607 3218 unu
633 3146 790 3235 destdlipl
817 3147 872 3218 die
899 3146 1122 3217 Immunitdt.

1736 3246 1871 3305 Verberie
1893 3249 1955 3304 760
1980 3244 2060 3303 Jsmi
2086 3249 2135 3307 10.

637 3439 789 3512 Abselrrift
815 3440 864 3498 des
893 3441 943 3499 17.
973 3440 1026 3500 Jls.
1057 3441 1124 3516 (uon
1147 3437 1325 3516 melenae),
1357 3439 1458 3496 Funde
1483 3437 1604 3496 Baadot
1633 3441 1652 3496 6
1679 3436 1702 3507 f.
1726 3437 1778 3505 39,
1803 3437 1836 3493 ia
1864 3435 1917 3493 der
1945 3435 2111 3493 Bibliotlels
2136 3453 2178 3493 au

635 3543 728 3616 Dijon
752 3541 816 3620 (B).
840 3575 883 3586 -
906 3542 1060 3614 Aeschrist
1083 3561 1138 3600 von
1162 3546 1244 3601 1709
1269 3544 1347 3600 ciues
1372 3538 1549 3600 Olurtalars
1572 3542 1765 3612 veneten.
1790 3543 1829 3598 11
1854 3541 1898 3595 im
1920 3538 2117 3596 ltiuotbesita
2139 3556 2180 3596 aa

637 3647 679 3707 sc.
706 3645 806 3720 eatae
830 3645 893 3724 (c).

637 3805 775 3862 Monetae
798 3802 867 3864 0011.
893 3808 922 3871 1,
947 3806 990 3861 27
1020 3805 1207 3861 accurtatae
1233 3801 1400 3860 Auisolensi
1425 3800 1479 3878 (D)
1512 3822 1552 3853 =
1582 3799 1720 3872 Boaqaet
1742 3801 1772 3868 5,
1804 3801 1865 3857 701
1889 3805 1923 3854 a⁰
1945 3802 1996 3854 11.
2020 3829 2063 3839 -
2084 3795 2181 3853 aava

640 3908 796 3984 Questioas
820 3904 931 3966 Me'rov.
949 3907 999 3965 IV
1018 3908 1050 3963 ia
1073 3905 1152 3964 Bibl.
1177 3905 1212 3962 de
1235 3892 1344 3962 l'Eeole
1366 3903 1417 3962 des
1432 3905 1545 3961 clane
1569 3907 1620 3976 48,
1643 3907 1708 3961 223
1723 3909 1757 3960 n⁰
1780 3907 1809 3971 9,
1838 3900 1964 3960 Oeuvres
1980 3905 2009 3968 1,
2027 3902 2140 3958 169117
2162 3906 2182 3957 9

635 4029 691 4069 uus
716 4009 783 4072 01).
808 4045 849 4052 -
872 4011 986 4084 Froper
1009 4009 1087 4068 Cart.
1112 4009 1148 4066 de
1171 4009 1213 4068 St.
1240 4005 1340 4067 eatae
1364 4009 1405 4066 11
1429 4025 1485 4065 aus
1510 4005 1541 4066 0.
1565 4039 1607 4050 -
1631 4005 1827 4064 Moliboeber
1848 4004 1920 4076 aeq.
1945 4008 1983 4063 91
2010 4002 2085 4079 (89).

637 4167 679 4228 St.
699 4166 799 4224 Calais
822 4166 901 4224 hatte
926 4166 1030 4224 bereits
1053 4183 1108 4223 von
1131 4165 1246 4238 Pippia
1270 4169 1334 4224 752
1355 4167 1441 4221 einen
1456 4161 1642 4234 Muadbrief
1660 4160 1793 4220 ertaltea
1816 4160 1863 4236 (11ο
1885 4157 1931 4236 2),
1955 4158 2008 4216 cler
2028 4159 2100 4216 uber
2120 4158 2185 4215 hier

638 4271 718 4328 nieht
741 4269 786 4328 als
809 4268 1018 4328 murittelbore
1047 4268 1170 4342 Vorlupe
1192 4270 1312 4327 bentttat
1336 4268 1439 4326 warde
1461 4267 1526 4325 uad
1552 4285 1613 4324 aar
1633 4267 1754 4338 perteue
1776 4262 1933 4334 Aelianas
1959 4264 2056 4321 dictet.
2094 4260 2184 4318 Diese

642 4373 784 4433 d'rltuode
806 4375 845 4432 ist
868 4372 997 4430 wortlicl
1020 4372 1184 4431 wiederltolt
1201 4375 1234 4430 in
1249 4373 1305 4430 den
1326 4372 1557 4443 Bestdtipunqea
1572 4369 1665 4426 Kurls
1682 4368 1709 4427 d.
1731 4367 1783 4426 Gr.
1802 4384 1859 4424 ron
1875 4370 1934 4425 771
1954 4365 2023 4424 Juli
2039 4363 2102 4422 aad
2119 4366 2181 4423 779

637 4476 711 4538 Νου.
737 4480 795 4548 17;
824 4475 872 4533 die
901 4475 1159 4548 maosciupiselven
1186 4475 1359 4544 Urluuden,
1389 4474 1492 4532 welche
1514 4474 1596 4531 mehr
1617 4473 1688 4530 oder
1709 4469 1827 4528 minda
1849 4470 2004 4528 desselben
2036 4467 2181 4525 Wurtluut

636 4582 731 4638 bieteu
754 4577 948 4656 (Olildeberls
970 4579 997 4648 I,
1023 4579 1203 4650 Ohilpcriehs
1233 4579 1256 4636 Ι
1286 4578 1350 4636 sorel
1377 4577 1568 4636 Tlveodericbs
1591 4575 1654 4644 ΙΙΙ,
1678 4573 1722 4636 11.
1749 4573 1785 4633 G.
1810 4572 1885 4631 DD.
1921 4572 2041 4631 illercw.
2066 4574 2095 4640 6,
2131 4573 2182 4639 12,

639 4687 678 4744 15
701 4689 736 4741 n⁰
759 4688 789 4754 4,
813 4688 843 4752 9,
868 4680 932 4759 50),
956 4681 1068 4740 erloldrt
1084 4682 1189 4760 flavet,
1211 4673 1367 4757 questions
1391 4679 1502 4739 Meroe.
1529 4679 1550 4736 I
1553 4679 1578 4736 V
1596 4679 1615 4738 l.
1632 4697 1655 4736 c.
1681 4681 1730 4746 19,
1754 4675 1883 4735 2711ηά
1907 4681 1935 4743 1,
1961 4677 2033 4741 125,
2059 4670 2114 4743 sar
2133 4688 2182 4744 pe·

477 4807 513 4854 31
639 4787 756 4857 1111111.
802 4786 894 4846 Ueber
924 4785 1064 4858 Fassunp
1094 4786 1157 4843 aad
1188 4784 1288 4842 [adult
1318 4783 1414 4844 Siekel
1445 4783 1536 4840 Beitr.
1560 4800 1586 4839 a.
1614 4781 1694 4853 Dipl.
1721 4781 1779 4838 ΙΙΙ
1804 4780 1922 4839 Wiener
1944 4777 2010 4836 SB.
2035 4779 2086 4845 47,
2112 4779 2184 4844 190,

639 4891 781 4950 Bruuner
802 4889 841 4952 D.
866 4889 1064 4962 secusque.
1088 4892 1118 4959 2,
1143 4893 1194 4958 19,
1220 4891 1293 4949 298.

643 5078 822 5163 Pippinus⁵
844 5099 904 5142 rex
927 5075 1130 5141 Francorum
1148 5077 1196 5140 vir
1219 5075 1355 5139 inluster
1379 5071 1532 5138 omnibus
1558 5068 1777 5157 [agentibus]b
1800 5071 1921 5134 nostris
1945 5078 2012 5132 tam
2036 5088 2186 5153 praesen·

536 5181 626 5248 tibus
644 5189 758 5267 quan1⁶
775 5182 903 5245 futuris.
1009 5179 1147 5243 lavante
1164 5177 1306 5260 dominc,
1324 5180 1378 5263 qui
1395 5199 1455 5241 nos
1472 5179 1503 5240 in
1520 5176 1602 5240 solio
1619 5176 1710 5261 regni
1734 5170 1906 5253 instituit‘l,
1931 5173 1958 5235 si
1975 5169 2187 5256 petitionibus

538 5307 708 5350 servorum
725 5285 776 5348 vel
800 5283 1036 5348 monachorum
1053 5281 1196 5346 domini⁸
1218 5279 1308 5353 illud,
1334 5280 1423 5365 quod
1438 5279 1482 5344 ad
1498 5301 1610 5343 eorum
1627 5279 1769 5363 quietem
1786 5276 1838 5341 vel
1862 5277 2013 5339 iuvamen
2038 5273 2187 5358 pertinet,

482 5411 518 5458 to
539 5389 677 5454 libenter
706 5388 901 5453 obaudimus
926 5386 976 5451 vel
1006 5385 1073 5468 [ad]
1104 5385 1254 5450 effectum
1278 5385 1310 5448 in
1335 5383 1460 5449 domini
1489 5405 1606 5447 nomen
1636 5382 1873 5465 mancipamus,
1900 5380 2026 5463 regiam
2049 5397 2187 5441 consue·

601 5623 607 5634 .
626 5577 664 5630 lt.
694 5579 720 5644 b)
738 5576 804 5631 Coo.
824 5575 988 5629 Eberltards'
1006 5577 1025 5627 2
1047 5574 1068 5640 f.
1084 5573 1121 5628 7.·
1140 5572 1218 5626 villas
1236 5580 1290 5625 tres
1309 5574 1481 5639 Lougingen,
1498 5573 1652 5636 Tiningum,
1671 5569 1872 5620 Holnchircbun
1891 5570 1957 5619 sitas
1975 5569 2004 5618 in
2023 5581 2092 5633 pugo
2111 5566 2188 5631 Retia

692 5663 771 5714 super
783 5647 893 5697 fiuvium
906 5646 995 5712 Egara
1008 5650 1034 5695 et
1047 5645 1215 5708 Danubium
1234 5641 1254 5706 s.
1273 5641 1328 5696 24‘:
1346 5642 1439 5692 villam
1458 5658 1510 5708 qus
1528 5641 1625 5690 dicitur
1643 5639 1761 5705 Otingeu
1780 5641 1859 5689 sitam
1877 5639 1905 5687 in
1924 5652 1994 5703 pago
2013 5636 2095 5703 Recio
2114 5637 2190 5684 iuxta

695 5717 805 5767 fluvium
824 5717 869 5782 qui
889 5721 999 5765 vocatur
1017 5713 1108 5780 Egira,

627 5819 665 5873 ll.
694 5823 720 5885 a)
737 5820 853 5886 Pipinus
871 5815 923 5870 BG
1024 5816 1052 5882 b)
1070 5815 1159 5868 dieses
1181 5814 1238 5866 rsvtd
1259 5814 1304 5868 die
1324 5813 1439 5934 abripere
1457 5811 1715 5880 dwellummerteu
1739 5809 1831 5862 Worte
1849 5808 1941 5874 [ables
1959 5806 2048 5868 301),
2073 5810 2188 5876 erpdsvat

489 5891 518 5940 111
693 5903 746 5940 aus
765 5887 819 5940 ders
836 5883 1079 5956 pleiobluutendeu
1101 5883 1255 5938 Urkundea
1274 5882 1364 5937 Kurls
1405 5880 1476 5936 fir.
1496 5884 1546 5934 771
1566 5880 1630 5936 Juls'
1647 5878 1708 5933 und
1729 5881 1780 5932 779
1799 5877 1868 5932 Nou.
1887 5881 1924 5931 17
2027 5876 2052 5943 o)
2070 5884 2189 5943 quamet

691 5958 787 6010 tuturis
805 5953 832 6009 Β
935 5955 963 6020 d)
979 5955 1119 6007 constituit
1141 5951 1168 6006 B

1968 6047 2002 6098 gs
