5642 7159
1004 772 1123 832 Kane
1146 772 1233 831 unu
1254 771 1424 831 GROSSE
1446 765 1545 850 [772].
2046 765 2089 829 95

552 961 610 1039 syl.
625 960 722 1021 Sickel
748 961 820 1035 1209.
844 964 919 1022 229.
965 962 1046 1034 Irriq
1071 965 1147 1021 aetat
1173 962 1227 1019 ἄεν
1249 961 1401 1023 &treber
1430 959 1481 1019 des
1504 957 1682 1019 Ohonulors
1710 960 1788 1021 disse
1816 958 1956 1020 Urkande
1978 960 2011 1017 in
2034 957 2089 1017 dos

551 1066 628 1125 Jatr
650 1068 732 1139 776‚·
755 1066 849 1126 dieses
871 1066 953 1126 Jolrr
974 1068 1013 1126 ist
1035 1066 1125 1125 schoa
1146 1066 1240 1125 durch
1262 1067 1319 1123 ἄενε
1344 1065 1421 1125 utres
1443 1064 1535 1124 Korls
1558 1064 1804 1139 ousqesclrlosseo.

548 1252 691 1319 Karolus
714 1254 822 1340 gratia
846 1253 898 1319 dci
924 1277 986 1320 rex
1008 1254 1211 1319 Francorum
1235 1253 1284 1317 vir
1307 1252 1474 1318 inluster⁸.
1580 1252 1725 1317 Veniens
1749 1252 1792 1317 ad
1815 1274 1876 1317 nos
1899 1250 2091 1317 Haristellio

431 1356 568 1442 palatio
592 1359 641 1422 vir
662 1357 858 1423 venerabilis
883 1356 1122 1423 Gundelandus
1145 1356 1233 1421 abba
1256 1356 1297 1421 de
1320 1358 1520 1423 monasterio
1544 1356 1758 1440 Lauresham,
1782 1356 1838 1422 ubi
1866 1367 2000 1423 sauctus
2023 1355 2087 1421 Na·

367 1478 394 1527 6
427 1461 554 1525 zarius
582 1471 709 1546 martyr
736 1463 770 1525 in
797 1483 935 1547 corpore
964 1462 1150 1547 requiescit,
1184 1460 1279 1526 nobis
1310 1462 1461 1545 innotuit,
1496 1483 1535 1526 eo
1566 1460 1655 1547 quod
1684 1460 1780 1526 homo
1811 1461 1930 1547 aliquis
1957 1462 2088 1526 nomine

423 1566 650 1631 Heimerieus
674 1565 715 1631 de
736 1566 809 1652 ipso
832 1566 1031 1632 monasterio
1055 1564 1236 1630 calumnias
1258 1588 1416 1651 generare
1439 1565 1609 1648 voluisset,
1638 1565 1714 1630 dum
1739 1565 1871 1640 diceret,
1896 1566 1985 1651 quod
2009 1588 2087 1630 suus

416 1666 559 1757 paterb
593 1667 723 1735 Cancer
749 1692 824 1735 eum
855 1669 896 1735 de
924 1672 996 1755 ipso
1024 1670 1223 1734 monasterio
1258 1671 1414 1735 vestitum
1443 1670 1630 1736 dimisisset.
1677 1670 1720 1733 Et
1748 1671 1820 1755 ipse
1849 1668 2088 1734 Gundelandus

413 1795 581 1861 presens
609 1773 745 1839 astabat
777 1783 810 1839 et
838 1795 974 1839 causam
1002 1775 1034 1837 in
1063 1773 1215 1839 omnibus
1250 1773 1445 1859 denegabat,
1480 1773 1558 1839 dum
1587 1773 1719 1856 diceret,
1756 1773 1846 1859 quod
1875 1775 1952 1838 avia
1983 1774 2089 1859 ipsius

413 1877 621 1945 Heimeriei
644 1879 776 1943 nomine
798 1876 1018 1942 Williswinda
1041 1877 1091 1941 vel
1126 1879 1254 1963 genitor
1277 1899 1355 1942 suus
1391 1878 1520 1943 Cancer
1542 1899 1698 1963 germano
1734 1899 1793 1942 suo
1824 1878 1957 1942 domino
1981 1878 2089 1943 Ruod-

331 2008 373 2055 ,ο
413 2002 551 2068 gango
577 1980 827 2067 archiepiscopo
850 1980 1042 2047 tradidisset
1065 1982 1117 2047 vel
1140 1980 1377 2064 confirmasset,
1412 1991 1446 2046 et
1468 1981 1568 2046 talem
1591 1991 1719 2046 cartam
1748 1980 1844 2048 nobis
1874 1982 1992 2047 exinde
2015 2005 2090 2068 pro-

413 2084 515 2150 tulit
538 2084 583 2148 ad
605 2083 827 2170 relegendum.
872 2085 966 2149 Tunc
989 2086 1059 2172 ipse
1082 2085 1290 2150 Heimerieus
1314 2095 1390 2150 ante
1414 2106 1475 2149 uos
1499 2084 1609 2149 taliter
1637 2085 1698 2149 fuit
1720 2086 1900 2170 professus,
1937 2084 2024 2171 quod
2048 2084 2089 2149 de

413 2191 502 2255 hac
527 2209 632 2252 eausa
655 2188 706 2253 vel
730 2189 770 2253 de
785 2190 856 2273 ipso
880 2190 1081 2253 monasterio
1097 2189 1247 2274 superius
1270 2189 1438 2253 nominato
1454 2190 1587 2253 inantea
1610 2210 1788 2274 numquam
1805 2198 1953 2274 tempore
1970 2188 2089 2254 debeat

412 2291 643 2359 calumniam
666 2313 833 2377 generare,
859 2292 917 2357 sed
932 2315 991 2378 per
1006 2292 1167 2357 festucam
1182 2299 1259 2355 ante
1275 2311 1335 2354 nos
1351 2290 1471 2356 exinde
1487 2290 1571 2355 dixit
1587 2292 1720 2356 exitum.
1747 2292 1840 2357 Tunc
1857 2314 1917 2357 nos
1934 2315 1999 2357 una
2015 2312 2090 2357 cum

412 2395 597 2465 fidelibus
620 2396 754 2478 nostris,
777 2395 811 2460 id
834 2406 885 2461 est
907 2396 1051 2481 Hagino‚
1074 2394 1272 2476 Rotblando,
1298 2392 1485 2479 Wicbingo,
1516 2394 1719 2479 Fredegario
1743 2395 1919 2460 comitibus
1943 2416 2004 2460 uec
2025 2418 2091 2459 nou

331 2526 374 2574 ιε,
414 2511 474 2569 et
497 2501 609 2565 vassis
638 2501 761 2565 nostris
784 2498 999 2580 Theoderico,
1022 2498 1211 2581 Bertbaldo,
1247 2496 1411 2580 Albwino,
1443 2495 1638 2581 Frodberto,
1670 2497 1874 2564 Gunthmaro
1899 2498 2009 2564 taliter
2030 2500 2093 2563 visi

409 2605 565 2672 fuimus
587 2603 799 2683 iudicavisse,
835 2611 872 2667 ut
894 2601 935 2667 de
962 2600 1025 2666 bae
1058 2623 1161 2667 eausa
1189 2603 1275 2665 omni
1306 2611 1453 2687 tempore
1481 2602 1551 2687 ipse
1580 2600 1687 2668 abbas
1716 2601 1840 2667 habeat
1869 2603 2091 2688 evindicatum

412 2717 543 2793 atque
566 2705 750 2791 elitigatum
773 2714 807 2769 et
830 2707 873 2769 sit
895 2705 960 2770 illia
984 2706 1018 2770 in
1041 2704 1251 2791 postmodum
1274 2728 1317 2770 ex
1340 2705 1402 2770 bac
1425 2728 1461 2770 re
1486 2707 1613 2791 sopita⁶
1636 2708 1796 2771 causatio.

1239 2982 1299 3054 66.

420 3140 541 3213 Korl
566 3142 630 3213 ἄεν
652 3138 780 3213 Grossc
807 3140 965 3232 bestdtiyt
990 3142 1055 3212 ἄεν
1072 3139 1204 3211 Kirelse
1229 3163 1295 3212 sou
1325 3138 1458 3210 Trier
1483 3139 1540 3211 dic
1557 3139 1770 3212 Immueitdt
1796 3143 1860 3213 mit
1886 3141 2094 3214 besoudereu

348 3285 396 3332 ao
425 3262 745 3355 Bcctimmoaycrt.

1590 3364 1797 3440 Diedeubofea
1820 3367 1883 3428 272
1906 3366 1997 3440 April
2020 3372 2049 3426 1.

549 3554 817 3617 Kesselstott'selsss
840 3556 1004 3616 Oiartular
1026 3573 1084 3615 aas
1105 3557 1158 3614 ἄεν
1179 3560 1275 3614 ersten
1298 3553 1405 3627 Halfte
1428 3555 1478 3613 des
1502 3558 1552 3615 14.
1577 3555 1631 3615 Jt.
1650 3573 1685 3629 p.
1709 3560 1773 3618 102
1788 3556 1845 3635 (Ε)
1868 3559 1903 3614 iu
1924 3557 1977 3616 ἄεν
1994 3556 2093 3616 Stodt·

548 3662 706 3720 tibls'otlsek
726 3679 767 3720 au
792 3662 885 3720 Prior.
909 3691 952 3702 -
975 3659 1139 3720 Chonular
1160 3677 1217 3719 arse
1241 3659 1294 3718 ἄεν
1307 3659 1394 3719 Mitte
1416 3659 1467 3718 des
1490 3663 1542 3719 14.
1559 3658 1612 3721 Ji.
1638 3659 1759 3737 (liciace
1776 3659 1994 3739 Balduiaeum)
2010 3658 2035 3733 s.
2052 3662 2094 3721 56

549 3764 615 3843 (87)
628 3763 686 3843 (Γ)
702 3786 745 3820 =
759 3763 965 3823 Belduineum
980 3766 1189 3837 campiatoris
1200 3781 1257 3822 osse
1269 3763 1322 3821 ἄεν
1332 3763 1421 3821 Mitte
1438 3764 1488 3821 dee
1503 3763 1555 3822 14.
1568 3761 1620 3821 Jls.
1636 3761 1659 3834 f.
1673 3766 1716 3824 48
1732 3764 1777 3842 (F
1781 3758 1813 3841 ¹),
1831 3786 1872 3817 =
1888 3763 2095 3823 Bolduineum

550 3870 614 3927 sinc
630 3870 763 3942 picturis
785 3886 842 3928 aas
865 3868 1015 3927 desselben
1040 3868 1105 3927 Zcit
1127 3866 1153 3939 f.
1177 3868 1214 3928 51
1242 3860 1326 3944 (ΙΝ),
1350 3867 1518 3926 sdmmtls'cls
1540 3869 1582 3925 s‘m
1605 3867 1809 3928 Stootsorcltiv
1830 3887 1872 3927 au
1894 3867 2031 3927 Ooblsuc.

551 4006 645 4082 cher
667 4007 862 4066 Mittclrlres'u.
892 4007 955 4068 UB.
981 4012 1010 4076 1,
1034 4010 1078 4067 28
1100 4013 1134 4063 n⁰
1147 4006 1189 4066 24
1212 4023 1269 4065 oses
1292 4007 1329 4064 F.
1352 4039 1394 4049 —
1417 4006 1612 4066 Mdhlboeher
1634 4009 1707 4082 Περ.
1730 4010 1793 4068 145
1818 4006 1918 4086 (142).

550 4145 618 4204 Fur
632 4146 690 4204 ἄενι
705 4148 739 4203 ia
754 4146 856 4204 beiden
876 4143 1156 4219 Ueberlieferunyen
1177 4144 1397 4218 unqewohulielr
1420 4145 1590 4203 oerdcrbten
1608 4146 1680 4204 Text
1696 4147 1782 4205 dictet
1797 4146 1851 4204 der
1870 4146 1979 4220 ρᾶενῗεᾶιε
2003 4146 2097 4206 Wort-

552 4248 614 4308 taut
629 4250 683 4308 der
692 4250 1071 4328 Immunitdtsbestdtiqunq
1088 4247 1143 4322 scr
1153 4247 1233 4306 Meta
1243 4253 1278 4305 n⁰
1292 4252 1343 4317 91,
1360 4248 1414 4306 ἄεν
1427 4248 1559 4322 austeus
1574 4249 1622 4306 die
1638 4249 1773 4308 Echtbcit
1789 4251 1936 4329 saturet,
1961 4249 2008 4307 ἄνέ
2030 4250 2098 4308 Ver-

553 4354 753 4428 besaeronqen.
771 4386 812 4397 —
828 4355 1021 4428 Eiqcssortiye
1032 4354 1182 4426 Fossam,
1196 4352 1244 4410 die
1253 4369 1345 4426 qeqeu
1357 4352 1404 4409 die
1416 4353 1550 4411 mutet
1562 4353 1723 4411 erhebencn
1735 4352 1891 4412 Βεᾶενᾶεενε
1903 4353 2099 4430 (Bethmanrt-

552 4454 683 4530 Hollwey
699 4456 894 4530 Oioilproccss
909 4458 940 4537 2,
964 4461 1005 4518 49
1021 4457 1061 4519 N.
1079 4459 1131 4537 58,
1154 4456 1274 4528 nonina
1297 4455 1507 4515 Kirclsenrcclst
1522 4456 1551 4527 2,
1576 4459 1638 4516 734
1661 4456 1701 4515 N.
1725 4454 1755 4532 1)
1778 4457 1848 4515 sind
1870 4456 2017 4529 belonqlos
2040 4456 2095 4528 vol.

551 4558 648 4619 Sickel
670 4561 765 4621 Beitr.
787 4579 814 4618 ε.
838 4560 922 4634 Dipl.
946 4561 1009 4631 HI,
1032 4560 1088 4631 IV,
1110 4561 1138 4618 V
1156 4558 1358 4618 Wiener·SB.
1382 4560 1434 4629 47,
1457 4560 1531 4629 225,
1556 4561 1628 4629 233,
1654 4562 1733 4631 579,
1756 4563 1807 4631 49,
1831 4563 1904 4629 342,
1928 4562 2001 4630 360,
2031 4559 2095 4620 UL.

551 4666 614 4722 203
636 4664 671 4721 Κ
683 4667 712 4723 9.
752 4663 839 4723 Gaas
860 4664 1079 4736 unqewolmlicls
1101 4666 1141 4722 ist
1164 4663 1213 4721 die
1234 4663 1442 4735 Beseichmmq
1465 4661 1518 4720 ἄεν
1540 4662 1649 4720 Kirclse
1671 4680 1727 4721 ocu
1752 4664 1840 4722 Ίνᾶεν
1861 4664 1906 4723 uls
1929 4663 2049 4723 ecelesia
2071 4681 2096 4723 s.

552 4766 629 4825 Petri
651 4770 681 4827 ot
696 4784 720 4826 s.
733 4765 892 4840 Maximini,
916 4767 1056 4825 νεᾶἄννενᾶ
1077 4768 1120 4825 sic
1142 4769 1223 4824 sorau
1246 4767 1280 4823 iu
1303 4765 1359 4823 den
1374 4764 1555 4839 Karols'uyer
1570 4765 1728 4839 Diplomeu
1749 4782 1811 4824 nur
1833 4767 1952 4827 ecclesia
1975 4784 1998 4826 s.
2017 4766 2097 4826 Petri

553 4870 657 4943 heisat3
695 4870 736 4928 ἄα
757 4872 828 4929 aber
849 4872 883 4929 irs
908 4871 961 4927 ἄεν
979 4887 1096 4944 concers
1124 4868 1266 4929 Urkundc
1288 4870 1383 4927 nielsts
1416 4869 1600 4927 nauseatur
1630 4871 1678 4940 ist,
1714 4870 1790 4928 wird
1818 4870 1866 4929 dic
1888 4869 2097 4942 Beseielmunq

553 4973 949 5043 inhumanissimis,
984 4974 1033 5032 die
1054 4975 1110 5032 mit
1139 4973 1195 5053 den
1215 4991 1274 5032 sur
1300 4973 1487 5047 Gesoinmmy
1508 4991 1564 5031 oors
1587 4973 1630 5033 st.
1654 4974 1808 5032 Maximis
1828 4973 2003 5049 gefertiyters
2026 4973 2098 5031 Ful-

552 5078 701 5150 sclssmyen
722 5079 756 5135 in
777 5077 891 5136 Ιεεὶνεεννε
915 5078 1174 5151 Ζιιεαννεννεννᾶανιμ
1196 5078 1281 5148 stelit,
1315 5078 1394 5136 nicht
1424 5078 1468 5137 als
1491 5078 1707 5151 Interpozatton
1736 5095 1777 5135 νιν
1799 5078 1999 5138 bearutandca
2021 5078 2097 5137 sein.

558 5180 650 5241 Ucber
664 5181 721 5239 ders
737 5182 941 5240 Recbtss'nlsolt
957 5182 1100 5240 Βννννννεεν
1115 5181 1185 5241 Ro.
1201 5185 1232 5251 2,
1255 5185 1320 5242 298
1335 5181 1375 5241 Ν.
1392 5183 1444 5258 59,
1467 5183 1541 5240 siber
1555 5181 1603 5239 die
1619 5182 1782 5255 Datirurrq,
1806 5182 1856 5240 die
1870 5182 1941 5252 sicli,
1965 5181 2004 5239 do
2021 5181 2099 5238 Karl

556 5283 661 5345 Ostem
685 5283 748 5363 (29.
772 5284 873 5361 Μᾶνε)
897 5304 938 5344 νει
960 5286 1082 5344 Herstol
1104 5283 1203 5357 feiert,
1225 5286 1306 5344 nieht
1328 5288 1375 5344 ius
1399 5284 1889 5361 Itinerarfslqt‚l122blboolscrl.
1914 5304 1938 5348 c.

551 5471 695 5537 Karolus
724 5475 834 5559 gratia
861 5471 914 5537 dei
942 5496 1002 5538 rex
1028 5474 1232 5537 Francorum
1262 5474 1310 5537 vir
1339 5471 1498 5537 inluster·
1527 5473 1720 5558 apostolicis
1751 5473 1892 5539 ducibus
1922 5473 2098 5539 comitibus

437 5564 642 5642 4ltlomesticis
665 5585 733 5641 tam
757 5576 844 5641 ultra
867 5598 965 5663 quam
988 5577 1072 5641 citra
1093 5578 1220 5643 Renum
1244 5576 1296 5641 vel
1321 5573 1496 5662 Ligeremb
1519 5576 1775 5641 consistentibus
1799 5585 1867 5641 tam
1891 5577 2098 5662 presentibus

474 5690 551 5755 quam
574 5689 606 5743 et
628 5679 757 5744 futuris.
863 5679 952 5745 Illud
974 5679 1017 5745 ad
1040 5689 1252 5765 augmentum
1276 5678 1328 5743 vel
1352 5677 1568 5743 stabilitatem
1598 5680 1690 5763 regni
1713 5680 1817 5743 nostri
1848 5680 1917 5743 sine
1941 5679 2041 5746 dubio
2065 5682 2097 5744 iu

472 5772 512 5842 dei
524 5785 651 5849 nomine
667 5783 833 5849 credimus
848 5786 1040 5871 pertinere⁸,
1058 5784 1086 5848 si
1101 5782 1317 5869 petitionibus
1335 5780 1544 5847 sacerdotum
1556 5781 1607 5846 vel
1624 5782 1839 5847 ecelesiarum
1854 5782 1905 5847 dci
1922 5782 1963 5847 de
1979 5782 2100 5848 rectis‘¹

550 5968 590 6022 ii.
608 5972 635 6037 a)
652 5971 767 6023 illustris
784 5971 812 6024 B
914 5973 943 6039 b)
960 5990 1024 6024 suus
1043 5978 1119 6039 pater
1136 5971 1194 6036 uus
1208 5971 1307 6025 Rasur
1325 5985 1379 6022 von
1397 5968 1540 6022 derselbea
1559 5969 1649 6024 Herod
1754 5972 1779 6036 c)
1797 5972 1904 6023 sublata
1923 5970 1958 6023 B.

549 6072 588 6126 Μ.
607 6077 634 6138 a)
651 6076 764 6127 illustris
782 6075 818 6140 E,
837 6078 902 6127 viris
920 6076 1070 6127 illustribus
1088 6075 1119 6129 F
1203 6077 1231 6140 b)
1247 6076 1376 6141 Ligcrum
1394 6072 1425 6126 F
1514 6076 1539 6139 c)
1557 6073 1627 6139 fehlt
1646 6074 1675 6127 F
1785 6076 1813 6143 d)
1831 6079 1938 6127 directis
1957 6074 2017 6129 EF
