5642 7159
1319 1412 1350 1485 l.

508 1561 643 1654 Pippia
671 1562 895 1650 berarhaadet
924 1567 1006 1637 dass
1033 1567 1103 1638 Aer.
1131 1568 1271 1639 Falrad
1298 1593 1363 1640 *ooo
1390 1569 1448 1639 St.
1478 1563 1615 1640 Deoia
1641 1571 1750 1639 wider
1782 1567 1958 1640 Gielemar
1984 1572 2040 1642 die
2066 1569 2159 1641 Villo

508 1681 624 1756 eveza
649 1685 723 1756 aad
749 1687 903 1757 anderen
931 1687 1050 1760 Bestta
1076 1713 1138 1760 oar
1163 1691 1236 1760 elom
1259 1691 1460 1780 periclatlieh
1487 1692 1663 1761 eretrittea
1690 1689 1784 1761 liobe.

1726 1829 1860 1888 Verterie
1883 1831 1947 1888 752
1969 1829 2062 1887 Mara
2083 1834 2112 1889 1.

614 2009 777 2072 manaae
803 2031 860 2074 aaa
889 2014 953 2074 dem
982 2015 1069 2074 Dede
1102 2016 1152 2075 dee
1183 2019 1232 2076 19.
1263 2017 1332 2076 oder
1361 2015 1487 2090 rafano
1521 2018 1571 2076 des
1603 2021 1655 2079 13.
1685 2017 1737 2078 aa.
1768 2017 1835 2077 Im.
1866 2020 1950 2077 1156
1980 2017 2004 2090 s.
2032 2015 2086 2078 23¹
2117 2020 2159 2077 im

613 2117 858 2176 Natioaalarehio
879 2136 919 2176 aa
941 2119 1032 2178 Paris
1057 2118 1121 2196 (Β).
1154 2187 1155 2192 1

614 2289 761 2348 Mat-ilion
790 2291 835 2348 De
865 2309 896 2349 re
924 2290 996 2364 dipl.
1023 2295 1085 2351 491
1108 2300 1142 2349 a⁰
1163 2296 1204 2353 40
1233 2310 1269 2351 ea
1298 2295 1375 2362 arch.
1412 2294 1501 2353 Dion.
1527 2317 1567 2348 =
1591 2295 1727 2367 Boaqaet
1751 2297 1780 2364 5,
1812 2296 1876 2352 697
1896 2300 1930 2351 „a
1951 2299 1979 2364 1,
2012 2315 2052 2347 =
2078 2292 2158 2366 Oria.

616 2391 717 2464 Guelf.
744 2397 772 2464 1,
796 2397 838 2452 97
860 2401 894 2451 a⁰
916 2397 946 2464 9,
971 2416 1012 2448 .--
1035 2395 1137 2468 Mioae
1158 2395 1270 2454 Patrol.
1295 2400 1451 2467 96,1520
1473 2403 1507 2454 a⁰
1532 2402 1581 2456 19.
1608 2429 1646 2439 -
1670 2397 1862 2456 Moraoacaer
1883 2397 1955 2469 Rea.
1980 2399 2020 2457 65
2046 2399 2122 2470 (63).

614 2565 775 2624 Muttitons
799 2567 904 2624 Draelr
931 2571 1051 2625 stammt
1081 2572 1158 2626 trote
1180 2569 1232 2626 der
1254 2568 1490 2642 Ahweiehaaqee
1517 2572 1551 2626 ia
1573 2570 1630 2627 dea
1651 2568 1904 2641 Nomeasformea
1927 2569 2009 2646 (loha
2030 2569 2159 2628 certesea

618 2673 690 2728 stult
713 2670 799 2742 hoba,
825 2671 1047 2745 Helmengaudo,
1070 2673 1257 2745 chrothardo,
1282 2672 1484 2745 charichardo,
1502 2673 1646 2733 Wicherto
1668 2677 1739 2732 etatt
1762 2672 1965 2747 Cheimgaude
1988 2672 2156 2744 Orothardo,

615 2774 796 2842 (herlebando,
821 2773 962 2850 Wiberto)
985 2775 1073 2833 altem
1099 2777 1246 2834 Anseher'a
1267 2777 1344 2835 aoeh
1365 2795 1423 2835 aas
1445 2777 1484 2847 B,
1507 2779 1563 2835 wie
1585 2795 1618 2834 er
1639 2778 1715 2834 aaeh
1737 2781 1817 2835 sonat
1840 2776 1895 2834 aas
1919 2775 2081 2835 Chartutar
2103 2793 2160 2833 oea

613 2876 659 2939 St.
676 2877 770 2934 Deoia
793 2879 847 2935 tait
873 2895 927 2952 „ea
942 2879 1021 2937 arch.
1038 2877 1147 2938 Dion.“
1173 2881 1273 2952 eitirt‚·
1299 2882 1340 2938 im
1355 2880 1480 2952 ottriqea
1496 2882 1583 2938 hietat
1598 2898 1630 2938 er
1651 2897 1713 2939 aar
1733 2879 1967 2938 merhlechterte
1986 2880 2159 2939 Variaaten.

614 3081 774 3166 Pippinus
803 3105 861 3146 rex
894 3083 1094 3146 Francorum
1124 3085 1173 3147 vir
1200 3083 1337 3148 illuster.
1443 3082 1527 3148 Cum
1556 3105 1617 3148 nos
1647 3087 1679 3147 in
1703 3083 1756 3147 dei
1779 3083 1909 3146 nomine
1932 3081 2103 3146 Vermeria
2125 3083 2159 3146 in

511 3184 635 3270 palatio
652 3195 764 3248 nostro
781 3208 847 3249 una
863 3207 937 3250 enm
957 3185 1149 3270 proceribus
1165 3189 1288 3250 nostris
1304 3187 1357 3251 vel
1372 3186 1524 3251 fidelibus
1541 3187 1584 3251 ad
1600 3188 1830 3251 universorum
1841 3207 1961 3249 causas
1975 3183 2160 3250 audiendas

458 3311 489 3356 1⁵
511 3289 563 3354 vel
587 3298 677 3353 recta
699 3287 820 3352 iudicia
842 3289 1049 3354 terminanda
1071 3291 1299 3370 resideremus,
1324 3290 1369 3355 ibi
1392 3292 1527 3356 veniens
1552 3290 1752 3355 venerabilis
1768 3293 1818 3354 vir
1833 3289 1998 3354 Fulradus
2014 3289 2102 3354 abba
2120 3287 2160 3353 de

510 3393 649 3458 basilica
672 3393 849 3479 peculiaris
872 3395 1002 3479 patroni
1026 3395 1129 3458 nostri
1153 3394 1263 3459 domni
1276 3395 1444 3480 Dyonisii,
1467 3394 1522 3459 ubi
1543 3397 1615 3480 ipse
1631 3396 1801 3480 preciosus
1818 3394 1957 3459 domnus
1973 3396 2006 3458 in
2022 3414 2159 3478 corpore

511 3499 697 3583 requiescit,
720 3497 884 3562 hominem
908 3496 1051 3583 aliquem
1074 3498 1204 3563 nomine
1222 3498 1444 3563 Gielemarum
1468 3498 1699 3583 interpellabat
1715 3509 1866 3584 repetens
1883 3497 1924 3562 ab
1942 3519 1992 3579 eo,
2016 3519 2054 3562 eo
2072 3498 2160 3582 quod

509 3601 620 3666 villam
650 3603 754 3666 sancti
780 3602 933 3687 Dyonisii
957 3623 1019 3687 que
1043 3600 1162 3666 dicitur
1184 3601 1395 3667 Abaeiacus⁸
1418 3605 1451 3667 in
1475 3626 1559 3689 pago
1583 3603 1827 3669 Oenomannico
1853 3623 1909 3665 seu
1933 3610 1965 3665 et
1989 3601 2160 3666 Oximensi

510 3706 610 3770 etiam
633 3714 667 3769 et
689 3704 780 3769 illam
803 3705 992 3790 porcionem
1015 3706 1048 3768 in
1065 3703 1214 3769 Sibriaco
1239 3707 1270 3769 in
1295 3728 1381 3791 pago
1398 3705 1621 3787 Matriacensi,
1646 3728 1743 3792 quam
1764 3707 1886 3770 femina
1902 3705 2013 3790 aliqua
2029 3705 2160 3768 nomine

456 3827 491 3872 :¹0
513 3808 607 3873 Loba
640 3809 783 3894 genitrix
818 3809 923 3893 ipsius
953 3807 1137 3896 Gislemari
1164 3831 1222 3894 per
1257 3833 1350 3874 suum
1385 3819 1618 3874 testamentum
1647 3810 1690 3874 ad
1719 3832 1831 3874 casam
1862 3809 2024 3894 prefatam
2053 3810 2159 3873 sancti

510 3913 664 3997 Dyonisii
693 3911 894 3977 condonavit
922 3923 954 3976 et
982 3922 1059 3977 ante
1090 3923 1225 3998 agentes
1256 3915 1363 3978 sancti
1389 3915 1539 3997 Dyonisii
1570 3914 1610 3979 de
1640 3915 1712 3999 ipsa
1735 3914 1812 3977 villa
1836 3922 1913 3977 ante
1937 3912 2159 3998 (lhilpericum

509 4038 619 4100 regem
650 4018 780 4081 auctrix
809 4017 957 4098 affuerat,
986 4018 1077 4101 ipsas
1107 4039 1160 4080 res
1187 4019 1258 4102 ipse
1283 4017 1489 4083 Gislemarus
1513 4027 1588 4103 post
1609 4018 1670 4082 hec
1695 4016 1781 4082 malo
1806 4017 1919 4081 ordine
1941 4015 2103 4081 retinebat
2126 4026 2158 4080 et

511 4121 638 4184 iniuste.
670 4119 745 4206 Ipse
761 4142 838 4184 vero
856 4119 1061 4185 Gislemarus
1086 4121 1118 4185 in
1143 4123 1284 4207 presenti
1301 4122 1445 4195 astabat,
1468 4122 1555 4187 unde
1579 4122 1764 4186 nullatenus
1781 4123 1888 4205 potuit
1905 4120 2076 4205 denegare,
2101 4118 2159 4184 sed

511 4227 543 4286 in
579 4225 720 4308 presenti
751 4225 960 4307 recognovit,
996 4223 1084 4309 quod
1113 4226 1255 4308 genitrix
1286 4247 1345 4289 sua
1376 4224 1472 4289 Loba
1501 4227 1608 4309 ipsam
1637 4223 1749 4289 villam
1779 4225 1928 4310 superius
1958 4225 2160 4287 nominatam

458 4343 492 4390 aa
513 4327 715 4391 abaciacum
750 4348 823 4391 eum
859 4328 946 4391 omni
979 4329 1167 4411 integritate
1196 4330 1229 4392 in
1257 4351 1342 4413 pago
1373 4326 1617 4393 Cenomannico
1648 4351 1706 4393 seu
1736 4337 1768 4391 et
1796 4329 1978 4412 portionem
2008 4325 2098 4390 illam
2127 4328 2160 4389 in

512 4431 661 4499 Sibriaco
691 4453 764 4495 cum
795 4432 881 4494 omni
914 4432 1102 4514 integritate
1132 4432 1163 4495 in
1194 4455 1280 4517 pago
1304 4433 1515 4498 Matriacensi
1545 4433 1589 4497 ad
1617 4454 1731 4497 casam
1756 4431 1861 4496 sancti
1887 4429 2038 4514 Dyonisii
2062 4451 2161 4494 manu

511 4535 713 4621 potestativa
736 4534 969 4600 condonasset.
995 4533 1089 4600 Unde
1113 4544 1145 4599 et
1161 4535 1201 4599 de
1222 4546 1372 4620 presente
1388 4541 1497 4621 ipsum
1512 4536 1693 4601 Fulradum
1709 4537 1742 4599 in
1762 4555 1866 4599 eausa
1883 4535 1988 4597 sancti
2007 4533 2160 4620 Dyonisii

512 4662 570 4724 per
600 4660 694 4702 suum
723 4637 856 4701 vadium
887 4637 927 4701 de
956 4638 1038 4723 ipsis
1067 4638 1153 4702 villis
1184 4641 1335 4724 superius
1359 4641 1536 4704 nominatis
1560 4638 1729 4704 Abaeiaco
1752 4648 1786 4702 et
1809 4635 1958 4702 Sibriaco
1984 4637 2073 4699 visus
2096 4636 2160 4700 fuit

512 4743 686 4806 revestisse
709 4739 750 4805 de
774 4739 925 4804 omnibus
951 4740 1086 4822 scilicet,
1111 4764 1315 4828 quecumque
1331 4745 1396 4806 iam
1414 4742 1503 4806 dicta
1519 4742 1614 4807 Laba
1629 4743 1772 4827 genitrix
1789 4763 1849 4805 sua
1865 4738 1907 4804 ad
1923 4761 2035 4804 casam
2053 4741 2159 4802 sancti

460 4859 493 4906 :so
513 4845 666 4930 Dyonisii
690 4842 935 4909 condonaverat
957 4844 1010 4908 vel
1032 4846 1064 4908 in
1085 4847 1166 4930 ipsis
1182 4845 1268 4909 villis
1284 4856 1450 4925 tenuerat3
1474 4855 1589 4930 postea
1605 4868 1664 4930 per
1680 4867 1773 4910 suam
1790 4841 1972 4908 festucamb
1989 4865 2025 4906 se
2041 4842 2160 4907 exinde

513 4951 545 5013 in
563 4947 715 5013 omnibus
732 4959 848 5012 contra
864 4948 972 5032 ipsum
989 4947 1140 5014 abbatem
1159 4948 1338 5014 Fulradum
1356 4952 1388 5013 in
1405 4971 1509 5013 causa
1526 4950 1629 5013 sancti
1648 4950 1799 5033 Dyonisii
1816 4947 1902 5012 dixit
1918 4969 1989 5011 esse
2005 4946 2160 5009 exitum⁰.

512 5051 654 5117 Proinde
677 5073 737 5116 noe
761 5073 826 5115 una
849 5074 923 5117 eum
947 5053 1138 5137 proceribus
1162 5053 1213 5116 vel
1237 5051 1389 5117 fidelibus
1414 5054 1543 5134 nostris,
1568 5053 1600 5117 id
1624 5063 1674 5117 est
1696 5050 1827 5132 Milone,
1851 5046 2160 5134 Rotgario‚0heim·

513 5155 633 5240 gaude,
662 5155 857 5238 Orothardo,
884 5154 1097 5238 Gerichardo,
1123 5157 1284 5240 Autgario
1308 5166 1341 5220 et
1366 5155 1514 5221 Wiberto
1538 5158 1657 5221 comite
1685 5155 1799 5241 palatii
1826 5155 1929 5218 nostri
1952 5153 2003 5216 vel
2026 5151 2161 5237 reliquis

513 5281 611 5346 quam
639 5259 788 5346 pluribus
820 5262 878 5324 visi
902 5261 1022 5325 suimus
1047 5260 1222 5341 iudicasse,
1254 5271 1298 5341 ut,
1328 5262 1404 5344 quia
1429 5263 1499 5345 ipse
1524 5258 1729 5324 Gislemarus
1752 5258 1785 5322 in
1808 5259 1949 5342 presenti
1973 5255 2108 5320 astabat
2130 5267 2163 5319 et

461 5374 494 5422 35
513 5363 636 5428 nullam
668 5366 774 5448 potuit
804 5364 942 5429 reddere
966 5365 1135 5445 rationem,
1167 5374 1339 5449 propterea
1362 5364 1521 5443 iubemus,
1552 5373 1597 5444 ut,
1630 5365 1706 5448 quia
1730 5362 1790 5427 hec
1813 5383 1915 5426 eausa
1940 5362 1986 5425 sic
2010 5368 2087 5423 aeta
2110 5358 2162 5422 vel

513 5478 702 5553 perpetrata
724 5469 796 5550 fuit,
820 5461 891 5553 ipse
907 5467 1071 5532 Fulradus
1095 5468 1182 5532 abba
1206 5467 1257 5531 vel
1281 5488 1491 5531 successores
1515 5470 1563 5531 sui
1588 5469 1679 5552 ipsas
1696 5465 1791 5530 villas
1809 5467 1959 5552 superius
1976 5467 2161 5529 nominatas

513 5571 737 5637 Abbatiacum
771 5595 845 5636 cnm
881 5573 968 5636 omni
997 5573 1186 5656 integritate
1216 5582 1247 5635 et
1276 5593 1349 5636 cum
1380 5571 1530 5635 omnibus
1560 5569 1753 5635 adiacentiis
1783 5573 1850 5634 suis
1878 5568 1930 5634 vel
1958 5567 2162 5653 appendiciis

512 5687 617 5740 totum
642 5687 674 5740 et
696 5675 739 5740 ad
762 5677 923 5760 integrum
947 5699 1014 5740 rem
1038 5676 1271 5760 inexquisitam
1296 5697 1353 5740 seu
1377 5685 1410 5739 et
1433 5674 1620 5740 Sibriacum
1643 5676 1785 5760 inpage
1810 5673 2032 5753 Matriacensi,
2055 5670 2089 5735 id
2113 5679 2164 5735 est

619 5864 641 5916 l.
669 5865 695 5930 a)
707 5863 774 5918 other
786 5865 935 5916 Atacinus
948 5864 999 5917 orit
1014 5863 1315 5933 Verwea'saaeaaeiehea
1328 5879 1380 5918 oea
1394 5863 1536 5916 derselbea
1545 5861 1649 5915 Herod:
1662 5863 1745 5927 vead,
1758 5862 1854 5915 etatae
1867 5861 1934 5914 ether
1948 5861 2001 5914 dea
2014 5857 2163 5926 soleasdea

460 5944 493 5992 tu
667 5932 777 5987 Nemea
795 5933 841 5986 die
855 5933 994 6003 jdoaqerea
1013 5933 1255 5999 Numerossormea,
1274 5933 1341 5986 other
1359 5935 1512 5984 oximensi:
1532 5933 1599 5996 Oiai,
1620 5931 1685 5984 ather
1698 5933 1831 5984 Sibriaco:
1852 5933 1953 5992 Semel,
1974 5929 2040 5982 other
2052 5929 2162 5978 Maena-

667 6005 752 6054 censi:
772 6005 857 6055 Maior
961 6005 988 6069 h)
1006 6005 1137 6055 festucam
1156 6003 1183 6055 B
1287 6004 1311 6069 c)
1329 6011 1438 6054 exutum
1457 6001 1485 6055 B

1979 6105 2010 6154 1}
