5642 7159
661 737 732 817 '310
1267 750 1716 815 sessanunsuuoan.

664 956 747 1008 libras
769 941 952 1025 duomilia,
975 956 1143 1008 medietatem
1159 973 1236 1008 sacro
1253 962 1345 1008 nostro
1359 956 1460 1022 palatio
1514 957 1632 1007 tionibus
1656 958 1733 1021 aquis
1755 958 1820 1005 rivis
1836 955 1995 1007 molendinis
2017 941 2164 1009 castellis
2180 941 2269 1009 villis
2290 963 2320 1007 et

664 1066 692 1111 et
713 1060 881 1112 medietatem
904 1060 990 1112 eidem
1011 1061 1158 1112 venerabili
1181 1063 1350 1113 monasterio.
1372 1062 1409 1111 Et
1431 1065 1462 1110 ut
1515 1060 1639 1111 omnibus
1661 1061 1742 1112 rebus
1756 1044 1790 1110 in
1805 1042 1920 1112 iisdem‘¹
1942 1061 2151 1126 pertinentibus3
2174 1062 2317 1128 ecclesiam

664 1164 714 1215 hec
739 1158 854 1215 nostra
875 1165 982 1232 largitio
1010 1164 1152 1216 firmiorem
1181 1147 1315 1231 optineat¹
1342 1167 1461 1233 vigorem
1514 1180 1620 1230 quoque
1636 1169 1727 1216 sancte
1744 1163 1787 1216 dei
1809 1164 1990 1230 genitriciset
2011 1166 2124 1231 virginis
2139 1165 2223 1217 Maris
2238 1166 2319 1215 iuxta

664 1274 691 1320 et
718 1286 766 1335 per
788 1269 921 1320 curricula
948 1284 1078 1320 annorum
1106 1269 1290 1320 inviolabilem
1320 1274 1400 1335 atque
1422 1270 1462 1319 in·
1514 1268 1626 1319 fluvium
1654 1269 1777 1319 Trinium
1803 1286 1828 1331 s,
1861 1269 2002 1335 ecclesiam
2032 1274 2124 1321 sancte
2147 1270 2233 1321 Maris
2261 1286 2317 1337 qua

664 1374 879 1425 commutabilem
907 1374 1028 1439 optineat
1060 1371 1211 1424 firmitatem
1239 1379 1267 1424 et
1294 1387 1310 1423 a
1337 1371 1462 1425 fidelibus
1515 1357 1635 1423 diditur
1656 1374 1686 1422 in
1707 1372 1784 1423 Duas
1806 1372 1937 1423 Basilicas
1952 1390 1968 1422 s
1990 1374 2067 1424 iuxta
2081 1372 2176 1441 Sangri
2198 1374 2282 1425 fluvio
2299 1390 2317 1423 s
2340 1375 2358 1423 b

663 1482 755 1529 sancte
777 1477 821 1529 dei
843 1478 956 1545 ecclesie
977 1494 993 1526 ιι
1022 1476 1146 1527 credatur
1168 1482 1195 1527 et
1222 1476 1377 1543 diligentius
1399 1492 1461 1527 eon·
1514 1477 1592 1527 sitam
1616 1469 1649 1526 ei
1670 1460 1769 1527 aliam
1794 1460 1968 1546 ecelesiam
1992 1472 2106 1528 sancte
2122 1462 2227 1527 Mitrie
2250 1486 2316 1549 quq

662 1586 791 1645 servetur,
825 1597 906 1632 manu
928 1581 1038 1647 propris
1064 1580 1312 1645 subterscripsimus
1334 1585 1361 1630 et
1387 1580 1461 1630 anuli
1515 1563 1665 1629 similiter
1688 1565 1808 1631 dicitur
1830 1566 1863 1630 in
1881 1564 1974 1631 Duas
1990 1565 2154 1632 Basilicas
2170 1566 2203 1631 in
2219 1567 2315 1632 terri·

662 1686 748 1737 nostri
769 1686 944 1752 impressione
967 1685 1067 1751 signari
1089 1684 1224 1735 iussimus.
1514 1669 1598 1734 torio
1621 1668 1794 1751 Pinnense,
1818 1667 1992 1753 qcclesiem
2017 1658 2132 1734 sancte
2152 1669 2256 1735 Maris
2280 1671 2316 1735 in

1514 1770 1676 1852 Oanneto,
1693 1772 1869 1858 ecclesiam
1885 1781 1998 1838 sancte
2010 1772 2114 1838 Maris
2129 1774 2163 1837 in
2179 1773 2316 1859 Palene,

1513 1894 1704 1943 monesterium
1728 1876 1834 1942 saneti
1849 1890 1922 1942 Petri
1937 1908 1953 1940 ιι
1968 1892 2046 1943 iuxta
2063 1909 2080 1940 ι
2095 1892 2313 1945 Beneventanam
2339 1894 2375 1943 10

1513 1998 1649 2049 civitatem
1669 2012 1685 2045 ιι
1706 1998 1783 2047 iuxta
1804 1996 1916 2047 fluvium
1932 1994 2044 2047 Sabbati
2066 2002 2142 2046 dum
2159 1981 2314 2047 omnibus

1513 2086 1686 2151 territoriis
1719 2094 1754 2155 et
1780 2085 1986 2172 pertinentiis
2021 2086 2100 2170 suis,
2134 2085 2315 2169 ecclesiam

1513 2210 1604 2255 sancte
1626 2204 1711 2255 Meris
1732 2205 1761 2254 in
1782 2204 1842 2254 loco
1865 2202 1937 2254 Sauo
1966 2210 2041 2253 cum
2065 2187 2216 2255 omnibus
2244 2190 2314 2255 suis

1512 2294 1729 2378 pertiuentiis,
1760 2294 1937 2381 ecclesiam
1960 2294 2067 2359 sancti
2089 2293 2257 2359 Vincentii
2280 2296 2314 2361 in

1512 2396 1624 2462 Tocco
1640 2419 1716 2463 cum
1740 2396 1892 2463 omnibus
1908 2396 2009 2463 rebus
2033 2406 2066 2462 et
2088 2396 2223 2464 familiis
2247 2398 2313 2465 sibi
2340 2417 2374 2463 is

1512 2501 1762 2587 pertinentibus,
1797 2499 1970 2586 ecclesiam
2003 2502 2111 2567 sancti
2140 2499 2245 2567 Sossii
2280 2503 2313 2567 in

1512 2603 1669 2670 Liburias
1693 2625 1769 2670 cum
1790 2602 1904 2669 inclito
1927 2618 2027 2683 wude,
2062 2626 2158 2691 quem
2193 2606 2314 2692 optulit

1512 2708 1651 2775 domnus
1662 2707 1822 2794 Gysolfus
1836 2707 1914 2791 dux,
1928 2707 2039 2773 omnia
2050 2708 2096 2773 ad
2107 2710 2174 2774 iem
2187 2709 2314 2777 dictum

1512 2812 1686 2880 cenobium
1699 2811 1899 2878 subiecimus
1911 2813 1944 2877 iu
1956 2813 2120 2899 integrum
2134 2813 2178 2879 ad
2189 2813 2314 2881 haben-

1512 2917 1589 2983 dum
1613 2926 1646 2982 et
1660 2916 1899 3001 possidendum
1915 2925 1983 2982 tam
1999 2938 2058 3003 per
2081 2916 2143 2982 hoo
2162 2928 2312 2985 nostrum
2337 2936 2374 2985 to

1510 3021 1680 3109 imperiale
1708 3030 1901 3109 preceptum
1925 3044 2025 3107 quam
2053 3031 2087 3089 et
2109 3022 2182 3088 aliis
2211 3025 2314 3089 ratio·

1511 3125 1620 3192 nibus·
1665 3140 1847 3205 Precipientes
1869 3141 1979 3205 insuper
2001 3140 2134 3205 iubemus,
2164 3145 2196 3191 ut
2218 3140 2313 3193 nullus
2337 3144 2381 3193 Ill

1511 3260 1558 3295 rex
1580 3244 1634 3295 dux
1656 3245 1783 3317 princeps
1796 3244 1915 3295 marchio
1939 3260 2028 3297 comes
2043 3246 2192 3297 vicecomes
2216 3247 2314 3297 castal-

1511 3349 1577 3401 deus
1598 3340 1770 3400 sculdasius·
1792 3348 1834 3399 vel
1858 3348 1956 3414 aliquis
1979 3350 2017 3399 rei
2039 3348 2148 3415 publice
2172 3356 2282 3402 exactor
2296 3368 2315 3401 ιι

1510 3454 1635 3504 abbatem
1649 3470 1667 3502 ιι
1684 3437 1738 3504 vel
1753 3454 1898 3505 monachos
1914 3436 1955 3504 de
1978 3454 2082 3518 prelato
2099 3441 2313 3523 monasterio,
2338 3458 2373 3507 25

1511 3540 1552 3608 de
1575 3557 1650 3609 cellis
1677 3556 1776 3622 prediis
1798 3540 1851 3608 vel
1882 3556 2018 3623 aliquibus
2048 3558 2127 3609 rebus
2152 3559 2312 3624 inquietare,

1511 3661 1650 3712 disvestire
1677 3666 1725 3712 aut
1751 3678 1800 3728 per
1822 3661 1921 3726 placita
1943 3662 2075 3729 secularia
2098 3643 2233 3723 dueclre]t
2253 3678 2313 3729 pre-

1511 3770 1607 3815 sumat.
1629 3763 1769 3815 Sancimus
1791 3766 1902 3830 insuper
1925 3770 1951 3815 st
1973 3770 2065 3815 nostra
2086 3766 2219 3831 imperiali
2234 3768 2312 3818 insti·

1510 3870 1614 3920 tutione
1637 3869 1848 3931 corroboramus,
1871 3873 1909 3931 ut,
1933 3870 1955 3917 si
1978 3868 2068 3935 aliquo
2085 3886 2100 3918 ιι
2117 3874 2236 3936 ternpore
2251 3878 2314 3923 orta

1509 3974 1591 4025 fuerit
1619 3975 1754 4025 contentio
1781 3989 1797 4021 ιι
1825 3974 1895 4023 inter
1923 3972 2048 4023 abbatem
2076 3972 2119 4025 vel
2148 3973 2311 4027 advocatum
2336 3978 2372 4028 ³0

1509 4094 1587 4128 suum
1610 4093 1658 4129 seu
1681 4077 1814 4127 deservis
1837 4060 1889 4125 vel
1912 4075 2003 4143 alique
2026 4091 2109 4128 causa
2123 4094 2139 4126 ιι
2154 4080 2224 4130 inter
2246 4082 2314 4130 vici-

1509 4199 1572 4233 num
1595 4198 1672 4233 suum
1696 4198 1742 4233 seu
1765 4181 1987 4247 qualemcumque
2003 4182 2144 4247 hominem,
2167 4183 2249 4234 Hceat
2271 4186 2314 4236 eis

1509 4302 1537 4337 se
1554 4285 1694 4337 defendere
1710 4300 1757 4351 per
1772 4286 1907 4335 scariones
1923 4285 2042 4337 eiusdem
2059 4288 2221 4351 monasterii,
2239 4289 2314 4339 sicut

1509 4392 1657 4456 antiquitus
1672 4389 1838 4441 consuetudo
1855 4390 1915 4452 luit,
1938 4406 1988 4440 nec
2003 4390 2102 4441 audeat
2118 4390 2214 4456 aliquis
2236 4392 2314 4457 ipsos

1509 4497 1620 4547 abbates
1635 4495 1678 4545 vel
1693 4494 1837 4544 monachos
1850 4493 1884 4543 ad
1896 4499 2090 4545 sacramentum
2106 4496 2227 4557 invitare,
2243 4497 2313 4561 quia
2337 4498 2373 4549 35

1509 4604 1602 4650 contre
1625 4597 1743 4647 divinam
1766 4598 1951 4647 auctoritatem
1969 4602 1995 4647 et
2017 4596 2110 4648 contra
2125 4598 2244 4665 regulam
2260 4606 2313 4651 est.

1508 4702 1674 4767 Precipimus
1708 4706 1829 4766 preterea
1862 4700 1995 4765 prefatum
2025 4702 2214 4753 monasterium
2248 4720 2314 4754 cum
2337 4708 2352 4757 1

1510 4807 1633 4857 omnibus
1647 4822 1663 4854 ιι
1679 4805 1878 4855 monasteriis*
1894 4804 1969 4855 cellis
1992 4790 2088 4855 terris
2104 4806 2184 4856 rebus
2203 4822 2314 4874 quoque

1510 4926 1541 4961 ac
1569 4910 1678 4961 familiis
1706 4909 1806 4959 ibidem
1832 4909 2046 4973 respicientibus
2068 4926 2085 4958 ιι
2113 4924 2145 4960 ac
2172 4911 2314 4963 monachis

1508 5014 1608 5066 ibidem
1631 5013 1681 5064 deo
1697 5012 1890 5063 famulantibus
1913 5014 1963 5064 sub
1980 5019 2070 5064 nostre
2093 5014 2216 5064 tuitionis
2233 5030 2312 5065 mun·
2337 5019 2376 5069 40

1509 5118 1624 5170 burdum
1647 5119 1718 5169 omni
1741 5122 1860 5182 ternpore
1882 5132 2047 5182 permanere.
2091 5117 2170 5179 Quod
2192 5117 2217 5167 si
2238 5120 2314 5185 quis-

1510 5228 1609 5293 quam
1638 5227 1731 5273 contra
1763 5223 1833 5273 banc
1867 5228 1984 5273 nostram
2019 5223 2245 5275 confirmationem
2278 5220 2316 5275 et

1510 5328 1707 5377 concessionem
1731 5328 1869 5393 insurgere
1885 5326 1928 5377 vel
1951 5327 2087 5377 molestias
2107 5328 2204 5397 im'erre
2227 5330 2315 5394 temp-

1509 5432 1615 5493 taverit,
1638 5432 1705 5481 sciat
1721 5446 1749 5481 se
1765 5433 1975 5497 compositurum
1997 5432 2056 5481 auri
2072 5432 2206 5496 purissimi
2227 5430 2315 5483 libras

1509 5552 1525 5582 ιι
1540 5534 1620 5597 milla,
1639 5534 1806 5585 medietatem
1822 5541 1951 5585 camere
1968 5529 2081 5585 nostre
2097 5540 2123 5586 et
2138 5534 2313 5588 medietatem
2336 5540 2379 5589 ib

1510 5623 1659 5707 predicto
1683 5640 1854 5690 monasterio.

703 5790 960 5859 manoperam
978 5791 1005 5844 Β
1556 5791 1634 5849 227⁶.
1652 5794 1680 5860 d)
1702 5796 1786 5848 isdem
1804 5794 1832 5849 B
1935 5797 1961 5862 e)
1985 5798 2105 5851 sculdais
2129 5797 2164 5859 B,
2192 5796 2317 5855 dissolbe

1655 5862 1810 5930 Wortform
1827 5865 1859 5918 ιἰι
1883 5863 1933 5918 der
1954 5866 2020 5920 Urk.
2041 5866 2120 5921 Ottoa
2138 5864 2181 5929 ΙΙ,
2208 5868 2241 5919 ia
2260 5868 2317 5923 der

1650 5932 1796 5987 Nestore.
1809 5934 1963 5987 Heinricbs
1977 5936 2015 5988 Π
2023 5934 2065 5988 Μ.
2080 5934 2113 5991 0.
2127 5934 2196 5989 DD.
2210 5939 2236 5999 3,
2254 5940 2317 5993 342

1649 6004 1800 6055 sculdasius
1878 6003 1963 6070 odie
1980 6004 2079 6058 beiden
2097 6005 2198 6059 letzim
2215 6004 2316 6062 Besed—
2341 6011 2383 6063 bt)

1647 6072 1746 6126 elabere
1764 6072 1906 6126 ilberlrlebt
