5642 7159
1074 710 1190 770 Kree
1212 709 1487 770 6616666666
1512 743 1560 769 -.
2080 705 2142 770 437

608 901 655 962 his
686 899 848 974 adiacentia
869 899 947 960 dedit
968 901 1097 977 prodicta
1118 900 1234 960 domina
1260 901 1361 959 saneto
1379 899 1539 974 Boniiacio,
1563 919 1618 976 que
1640 903 1722 961 modo
1743 902 1850 962 habent
1871 901 1977 962 diversi
1999 900 2144 978 principes

607 1007 639 1067 in
654 1005 814 1081 beneficio),
838 1004 946 1065 66666
961 1005 1026 1064 end
1043 1005 1212 1066 2666616666
1225 1004 1398 1079 Fotsoboep
1412 1009 1534 1067 61293.
1558 1005 1645 1066 Aeoli
1658 1008 1692 1065 ιἰι
1706 1008 1816 1066 senem
1830 1023 1951 1080 pressea
1966 1003 2146 1079 Copialbaet
2231 1043 2234 1048 -

607 1112 687 1171 batte
702 1128 734 1170 er
755 1111 897 1170 66661162
918 1107 943 1180 f.
960 1102 1012 1170 59‘
1034 1109 1082 1169 die
1103 1109 1244 1171 Urtaede
1259 1107 1411 1186 Eiebe'lds,
1435 1110 1483 1169 dte
1505 1126 1537 1170 er
1557 1112 1623 1171 bier
1643 1128 1705 1170 ear
1722 1111 1848 1186 peteret
1870 1109 2028 1184 aasabim,
2052 1110 2145 1170 diercis

488 1194 493 1202 ’
605 1215 654 1274 die
680 1212 846 1288 Zsefapeenp
871 1215 953 1273 61666
980 1214 1072 1274 Notis
1097 1215 1171 1274 bber
1192 1213 1390 1288 Bestdtipanp
1417 1213 1510 1273 duret
1537 1213 1834 1277 1166166666ιά
1867 1215 1920 1275 der
1946 1214 2146 1289 Se'peumaeite

607 1321 755 1381 desselben
768 1320 962 1392 sereneobtet,
985 1321 1119 1381 Feltria
1132 1321 1345 1395 Forsobanpee
1365 1338 1393 1379 e.
1410 1319 1440 1381 6.
1460 1318 1561 1380 Geseb.
1577 1320 1630 1390 18,
1653 1321 1717 1379 566
1739 1319 1803 1378 aed
1817 1318 1920 1379 Roller
1934 1318 1954 1378 l.
1971 1336 1994 1379 e.
2010 1318 2086 1378 Bel.
2103 1320 2145 1379 43

604 1431 640 1485 e⁰
656 1426 734 1487 205.
777 1426 840 1485 Die
861 1424 982 1500 Arenpa
1008 1429 1130 1486 stemmt
1156 1442 1213 1485 aas
1241 1425 1298 1484 dea
1323 1424 1541 1484 Immeoitdtee
1568 1421 1624 1495 for
1649 1423 1760 1495 sobe,
1788 1424 1837 1484 die
1861 1440 1961 1499 penore
1987 1425 2022 1482 ie
2049 1423 2146 1484 dieser

605 1531 698 1590 Fores
726 1530 907 1606 (disponente
936 1529 1044 1608 meda)
1072 1533 1174 1590 sceret
1200 1532 1289 1588 aeter
1303 1528 1443 1589 ’1166666
1463 1527 1501 1588 ll
1532 1525 1666 1599 aeftritt,
1695 1527 1817 1588 Droelee
1845 1528 1864 1589 t.
1888 1546 1913 1592 e.
1937 1528 2000 1589 353
2026 1533 2061 1586 e·
2081 1530 2144 1587 742

606 1633 687 1713 (VU.
710 1632 788 1712 Ill).
823 1634 1029 1708 Topopropbe'e
1051 1635 1099 1694 bei
1120 1632 1308 1693 Dobeneclrer
1328 1634 1401 1707 Rep.
1429 1629 1520 1694 Tbor.
1544 1637 1574 1706 1,
1597 1637 1639 1694 19
1662 1639 1696 1693 e⁰
1711 1635 1762 1694 66.

605 1821 745 1888 Carolus
769 1821 823 1889 dei
844 1824 953 1909 gratia
975 1845 1036 1889 rex
1057 1823 1262 1889 Francorum
1286 1831 1318 1888 et
1339 1821 1638 1908 Longobardorum
1661 1844 1701 1888 ac
1725 1823 1884 1909 patricius
1898 1822 2144 1892 Romanorum·

448 1942 480 1991 10
503 1926 655 1992 omnibus
690 1927 759 1992 suit
792 1926 1013 1993 familiaribus
1043 1925 1230 2013 Christique
1263 1925 1427 1993 fidelibus.
1532 1942 1644 1994 Constat
1669 1959 1719 1993 nos
1748 1943 1840 1994 divina
1873 1943 2029 2010 disponente
2057 1946 2144 2011 gratia
2166 1945 2206 1995 111

502 2048 597 2113 ceteris
624 2048 819 2114 supereminere
848 2046 1013 2110 mortalibus,
1047 2047 1118 2098 unde
1148 2052 1254 2112 oportet
1282 2053 1320 2112 ut,
1349 2049 1426 2098 cuius
1448 2048 1617 2113 propellimus
1645 2063 1762 2113 munere,
1797 2049 1854 2099 eius
1877 2049 2031 2104 studeamus
2058 2049 2143 2100 modis

502 2150 625 2202 omnibus
647 2152 781 2202 voluntati
803 2166 906 2217 parere.
951 2135 1160 2222 Quapropter
1183 2136 1329 2202 omnium
1350 2135 1499 2202 fidelium
1522 2135 1645 2201 Christi
1666 2157 1707 2200 ac
1728 2145 1916 2202 nostrorum
1942 2144 2057 2223 pateat
2080 2135 2143 2201 sol·

501 2238 611 2324 lercie,
646 2240 724 2325 quia
753 2240 794 2305 ob
830 2260 976 2305 amorem
1007 2239 1117 2325 divine
1150 2242 1424 2306 remunerationis
1455 2239 1612 2326 elegimus
1641 2239 1739 2306 nobis
1773 2239 1884 2306 locum
1917 2240 2082 2328 quendam
2109 2239 2144 2305 in

499 2341 671 2409 Bochonia
694 2345 804 2428 situm,
840 2344 1128 2430 congregationem
1157 2343 1314 2410 videlicet
1342 2335 1540 2410 sanctissimi
1568 2345 1712 2410 martiris
1734 2343 1898 2410 Bonifacii
1929 2345 1963 2409 in
1985 2342 2143 2409 Fnldensi

448 2460 479 2511 ι6
502 2449 711 2531 monasterio,
734 2470 773 2515 eo
797 2447 887 2534 qnod
908 2447 1066 2534 religione
1090 2457 1123 2514 et
1146 2447 1257 2513 divino
1279 2447 1474 2534 plerumque
1497 2449 1622 2533 polleat
1637 2459 1669 2514 et
1690 2449 1804 2534 vigeat
1827 2448 1977 2531 servicio,
2001 2449 2054 2513 cui
2069 2446 2142 2512 loco

500 2570 566 2616 non
589 2551 694 2618 solum
716 2573 778 2618 nos
801 2575 844 2618 ex
867 2552 960 2638 larga
982 2561 1094 2638 nostre
1116 2552 1325 2619 liberalitatis
1347 2553 1572 2618 munificentia
1594 2553 1685 2638 regio
1709 2573 1843 2619 munere
1866 2550 2067 2617 contulimus
2089 2570 2142 2616 res

500 2655 714 2742 proprietatis
736 2664 858 2741 nostre,
894 2678 1010 2722 verum
1032 2657 1133 2723 etiam
1155 2658 1257 2740 ceteri
1279 2655 1394 2722 fideles
1417 2645 1524 2722 nostri
1552 2656 1694 2742 plurima
1717 2647 1885 2722 contulere
1914 2654 2052 2721 donaria
2074 2661 2142 2718 tam

499 2759 534 2824 in
557 2759 680 2846 prediis
703 2781 743 2824 ac
767 2759 901 2825 decimis
925 2782 1024 2846 quam
1047 2761 1080 2825 in
1103 2760 1317 2827 facultatibus
1340 2770 1373 2826 et
1395 2760 1539 2826 familiis.
1568 2760 1607 2825 In
1631 2759 1750 2846 quibus
1773 2758 1817 2824 ad
1840 2757 2019 2825 excitanda
2042 2756 2144 2823 corda

499 2873 681 2951 ceterorum
703 2863 889 2930 inducimus
911 2865 957 2931 ad
979 2864 1167 2953 exemplum
1190 2864 1315 2931 factum
1338 2865 1512 2932 cuiusdam
1540 2863 1661 2950 famule
1684 2861 1808 2929 Christi
1831 2860 1996 2948 Einhildp,
2030 2868 2142 2945 nostre

444 2985 478 3035 20
501 2969 633 3056 quidem
656 2968 837 3035 secundum
860 2991 991 3035 carnem
1014 2979 1165 3057 cognate,
1202 2970 1261 3036 sed
1285 2971 1466 3036 secundum
1490 2970 1612 3036 domini
1643 2966 1876 3054 triumphantis
1899 2966 2020 3031 virtute
2043 2965 2141 3029 casti-

492 3073 577 3138 tatis
600 3081 633 3138 et
655 3070 885 3159 virginitatisl,
908 3096 982 3160 que,
1007 3096 1082 3139 cum
1105 3075 1139 3139 in
1160 3075 1294 3160 proprio
1318 3073 1470 3140 domate·
1492 3073 1555 3139 sibi
1570 3073 1805 3139 monasterium
1828 3072 1971 3154 fecisset,
1995 3068 2052 3134 ubi
2067 3091 2142 3135 cum

498 3177 611 3242 multis
626 3176 808 3263 virginibus
824 3176 885 3242 deo
903 3178 1024 3243 servire
1039 3177 1187 3244 decrevit
1209 3178 1243 3242 in
1258 3177 1331 3244 loco
1350 3180 1404 3265 qui
1421 3175 1564 3244 Milone‘¹
1588 3187 1805 3264 nuncupatur,
1828 3183 2013 3261 cunctaque
2028 3172 2143 3260 predia

500 3303 560 3348 sna
582 3281 689 3347 eidem
711 3281 785 3347 loco
808 3281 900 3347 inid
930 3304 1011 3368 opus
1035 3281 1246 3367 attitulasset,
1276 3282 1319 3349 ab
1342 3283 1479 3348 incursu
1507 3267 1723 3369 paganorum,
1758 3280 1951 3348 Sclavorum
1977 3277 2141 3360 videlicet,

498 3386 554 3471 qui
579 3408 597 3450 6
620 3385 753 3471 regione
775 3386 910 3471 Boemie
935 3386 1051 3473 sepius
1075 3386 1289 3473 irruptionem
1311 3387 1421 3453 facere
1451 3397 1484 3453 et
1506 3387 1655 3453 homines
1686 3385 1851 3452 abducere
1875 3382 2036 3467 solebant,
2070 3404 2141 3469 pre-

443 3503 477 3553 se
498 3488 609 3575 pedita
643 3491 753 3554 omnia
776 3489 892 3575 predia
927 3511 987 3555 sua
1010 3489 1107 3555 simul
1130 3512 1205 3556 cum
1228 3489 1370 3576 ecclesia
1393 3514 1492 3579 quam
1515 3499 1749 3558 construxerat
1773 3499 1887 3557 sancto
1910 3488 2084 3555 Bonifacio
2107 3487 2141 3551 in

497 3592 655 3658 Fuldensi
671 3595 871 3660 monasterio
895 3593 1096 3660 contradidit
1111 3597 1251 3682 ipsaque
1274 3618 1340 3662 non
1363 3595 1600 3682 postmultum
1622 3605 1752 3680 tempus
1775 3594 1818 3660 ad
1833 3592 1996 3660 innubae·
2017 3593 2052 3657 in
2067 3590 2140 3656 loco

497 3696 739 3764 Biscofesheim
757 3696 812 3765 se‘
832 3699 981 3782 contulit,
1005 3721 1103 3785 quem
1118 3699 1228 3765 locum
1251 3699 1351 3766 beata
1366 3700 1473 3766 Lieba
1496 3700 1663 3786 quondam
1678 3699 1762 3765 bene
1785 3709 1819 3764 et
1839 3698 1994 3784 religiose
2009 3707 2142 3763 rexerat

498 3811 531 3868 et
552 3803 673 3869 multas
695 3802 742 3868 ibi
766 3803 827 3870 deo
851 3805 996 3888 virgines
1020 3813 1272 3890 aggregaverat.
1306 3806 1369 3871 Per
1391 3828 1509 3872 manus
1533 3828 1611 3892 ergo
1634 3815 1747 3890 nostre
1769 3803 1891 3891 regalis
1914 3802 2060 3890 potentie
2082 3801 2142 3865 im-

498 3929 652 3993 peramus
676 3907 829 3973 omnibns
850 3907 1036 3975 hominibus
1052 3909 1287 3994 cuiuscumque
1303 3910 1507 3975 condicionis
1531 3920 1564 3976 et
1579 3931 1729 3996 persone,
1752 3918 1790 3974 nt
1804 3908 1914 3974 nullus
1937 3904 2141 3971 6666666166

442 4028 477 4078 oo
499 4011 711 4078 donationem
734 4021 767 4078 et
789 4012 998 4079 traditionem
1022 4012 1149 4099 aliquid
1171 4013 1279 4078 facere
1302 4014 1355 4080 661
1378 4014 1534 4080 invadere
1557 4022 1737 4101 presumat.
1760 4014 1846 4078 Nam
1862 4011 1952 4098 quod
1973 4013 2048 4097 ipsa
2063 4029 2139 4075 con·

497 4115 645 4198 tradidit,
668 4138 729 4182 nos
753 4116 977 4183 contradimus
995 4125 1027 4183 et
1049 4118 1219 4183 firmamus
1242 4127 1275 4182 et
1297 4140 1357 4205 pro
1373 4118 1445 4184 eius
1470 4119 1660 4192 defensione
1676 4121 1710 4185 in
1734 4116 1885 4184 omnibus
1902 4126 1935 4182 et
1949 4137 2008 4202 per
2031 4117 2141 4180 omnia

498 4219 680 4287 astabimus
710 4229 777 4284 tam
800 4221 835 4285 in
868 4221 1073 4307 protectione
1100 4221 1290 4306 prediorum
1318 4243 1419 4307 quam
1447 4224 1482 4288 in
1510 4225 1655 4289 tuicione
1683 4223 1931 4308 mancipiorum.
1977 4221 2083 4304 Igitur
2105 4229 2141 4285 ut
2184 4257 2189 4264 ·

290 4373 298 4386 .
380 4370 383 4375 <
497 4323 647 4390 omnibus
675 4323 829 4390 fidelibus
855 4333 922 4389 tam
950 4324 1070 4390 futuris
1093 4346 1193 4410 quam
1220 4325 1430 4412 presentibus
1458 4336 1573 4394 notum
1596 4329 1639 4392 sit
1666 4335 1698 4392 et
1720 4336 1757 4392 ut
1785 4327 1819 4391 in
1852 4332 2022 4411 posterum
2049 4321 2140 4389 nulla

496 4430 640 4495 incursio
664 4429 717 4495 vel
739 4429 915 4516 impedicio
939 4429 980 4497 de
1002 4429 1065 4496 hac
1093 4430 1260 4497 liberrima
1283 4431 1487 4498 tradicione⁸
1508 4433 1577 4515 fiat,
1605 4431 1731 4518 placuit
1752 4427 1926 4514 clementie¹
1948 4436 2069 4511 nostre,
2104 4434 2140 4492 ut

441 4550 474 4601 eo
497 4534 665 4600 evidenter
686 4533 740 4599 hic
763 4536 1015 4620 pronunciemus
1038 4534 1185 4600 eiusdem
1209 4535 1270 4602 deo
1295 4536 1403 4603 dicate
1426 4538 1563 4623 virginis
1587 4536 1805 4622 proprietates
1822 4543 1854 4600 et
1876 4531 2031 4616 familias,
2056 4553 2138 4618 quas

496 4659 692 4725 permanes
715 4646 847 4702 nostras
870 4638 931 4703 deo
955 4648 989 4703 et
1011 4648 1125 4705 sancto
1148 4639 1323 4707 Bonifacio
1347 4640 1548 4707 contradidit
1570 4642 1604 4706 in
1628 4640 1786 4706 Fuldensi
1815 4638 2014 4704 monasterio
2039 4645 2071 4702 et
2093 4634 2136 4701 ad

497 4743 670 4808 servicium
694 4733 756 4807 deo
780 4742 992 4808 militantium
1015 4743 1200 4831 deputavit:
1234 4745 1344 4832 ipsum
1367 4745 1476 4812 locum
1498 4762 1594 4813 Misere
1624 4744 1721 4811 simul
1744 4765 1820 4810 cum
1846 4743 1977 4831 prefata
1998 4740 2175 4828 666166161

495 4855 529 4913 et
550 4849 622 4912 eius
646 4846 865 4913 decimatione
888 4855 922 4912 et
945 4846 1033 4929 dote,
1069 4847 1181 4913 villam
1203 4864 1357 4933 Henungen
1384 4871 1461 4917 cnm
1484 4849 1635 4916 omnibus
1665 4848 1869 4936 appendiciis
1893 4848 1970 4931 suis,
2004 4863 2032 4910 in
2055 4860 2140 4942 61666

495 4949 582 5016 villis
604 4966 736 5017 Hocheim
758 4949 856 5016 dictis
886 4950 1042 5036 quicquid
1071 4950 1192 5019 ibidem
1221 4955 1433 5041 proprietatis
1456 4953 1582 5038 habuit,
1611 4971 1640 5019 in
1662 4968 1809 5032 Suudorfe,
1837 4970 1866 5018 in
1888 4967 1974 5018 66666
1995 4964 2140 5027 Hectoris,

440 5072 474 5121 40
496 5072 524 5121 in
546 5071 632 5122 tribus
653 5070 805 5134 Berclrnsis,
827 5071 856 5120 in
877 5070 1089 5136 Wilantasbeim,
1111 5073 1290 5140 Hebonngen,
1313 5051 1457 5142 Baringen,
1478 5074 1622 5139 Rotmnlte,
1645 5055 1830 5139 Hertiselth‚
1853 5069 2021 5134 Turstolden,
2036 5067 2139 5119 Wider·

496 5175 629 5242 geltestat,
663 5174 907 5241 Dagemarssheim,
941 5174 1075 5240 Herestat,
1112 5179 1273 5244 Drossestat,
1306 5180 1466 5246 Dingeefelt,
1503 5178 1661 5244 Struiedori,
1697 5178 1833 5241 Nortdori‚
1849 5177 1851 5180 ’
1870 5155 2138 5245 81ς6101666610611,

495 5278 662 5330 Greiiesdori
674 5283 701 5329 et
716 5279 769 5330 dno
784 5278 940 5342 Eichenfelt,
962 5280 1180 5347 Lisheresbnsen,
1196 5284 1369 5342 Heroliestat‚
1393 5284 1623 5346 Othelmeshnsen,
1639 5282 1890 5344 Irmenolteslrusen,
1907 5277 2137 5344 Gerwigesbnsen‚

494 5382 731 5445 Wicirideshusen,
753 5382 931 5448 Willenestat,
954 5400 971 5433 6
985 5385 1115 5449 Lircbsse,
1137 5387 1304 5440 Rothmovne
1320 5383 1353 5438 et
1367 5389 1531 5452 Wiamovnc,
1547 5386 1687 5450 Hinteislt,
1703 5383 1943 5452 Tagamaresbaeh,
1961 5381 2133 5431 Hedamares·
2160 5379 2187 5430 11

494 5487 571 5552 bach,
593 5488 786 5552 Beinherestat,
809 5489 957 5553 Dorrestat,
978 5490 1130 5541 Mireebach
1146 5496 1173 5542 et
1194 5492 1247 5543 dno
1263 5490 1415 5556 Seaelaoha,
1437 5491 1659 5564 Hishereshusen,
1681 5470 1891 5555 166116τῦ6611,
1906 5467 2138 5552 Ratolfesdorf,

439 5678 472 5729 46
572 5677 632 5734 266
652 5680 678 5745 a)
696 5681 824 5746 patricius
836 5680 1017 5732 Romanorum
1036 5680 1094 5746 aas
1101 5681 1201 5736 aseer
1218 5698 1272 5737 ooe
1285 5684 1427 5739 deraetbere
1440 5684 1530 5739 Hoed
1600 5686 1629 5752 b)
1647 5699 1718 5738 corr.
1733 5697 1786 5736 eus
1799 5683 1922 5733 mutate
1935 5685 1962 5731 et
1973 5679 2138 5744 virginitate,

649 5753 721 5801 trote
739 5748 789 5801 der
803 5747 951 5803 Correctur
963 5748 1053 5804 daret
1065 5749 1120 5805 dee
1131 5750 1249 5817 Aoesoll
1267 5754 1439 5808 rniedeetees
1452 5755 1527 5808 eines
1545 5751 1606 5808 dem
1618 5755 1765 5806 secundnm
1777 5747 2013 5819 entspreoberrdee
2030 5745 2137 5801 Wortes

647 5819 730 5884 (etwo
748 5819 858 5882 donum)
876 5818 1004 5872 eerdnbt
1072 5818 1139 5887 6)0
1217 5823 1245 5890 d)
1262 5823 1474 5878 Roedoermert
1491 5839 1546 5879 ooe
1564 5823 1655 5877 Herod
1673 5823 1721 5876 dee
1739 5825 1782 5876 15.
1800 5819 1846 5876 lb.
1864 5819 1962 5870 Mileto
2042 5819 2066 5880 Θ)
2084 5815 2136 5885 ῠθῑ·

648 5887 786 5956 Ducaepe
807 5886 1029 5942 Glossarium.
1048 5889 1089 5943 ed.
1110 5893 1135 5954 4,
1152 5892 1207 5943 369
1224 5895 1268 5959 (=
1285 5893 1424 5961 innuptas)
1527 5893 1634 5960 babes
1652 5889 1702 5946 der
1720 5890 1794 5945 Zetle
1817 5905 1869 5944 voe
1888 5886 2029 5942 derselbea
2046 5885 2137 5939 Hand

647 5954 854 6025 eocbpetropen
958 5961 986 6026 g)
1013 5957 1059 6012 die
1076 5957 1214 6013 Endsitbe
1232 5980 1266 6014 ne
1291 5963 1498 6033 nortpetropen
1602 5963 1631 6028 h)
1648 5961 1680 6015 ιἰι
1701 5961 1758 6018 VU.
1777 5959 1803 6023 I,
1821 5959 1856 6012 11
1882 5957 1935 6012 doe
1958 5960 2055 6026 epdter
2079 5954 2136 6008 eier-

439 6024 472 6073 60
646 6024 811 6094 peocbobeee
829 6027 959 6080 Hintiielt
1044 6029 1066 6095 i)
1082 6028 1114 6081 ιἰι
1136 6029 1192 6084 VU.
1212 6031 1235 6086 Ι
1247 6034 1439 6095 Siduchesstat,
1462 6032 1493 6085 ιἰι
1515 6031 1572 6087 VU.
1591 6032 1630 6086 ΙΙ
1645 6030 1846 6099 Sidrangsstori
