5642 7159
1054 736 1175 798 KARI.
1197 737 1286 798 DER
1308 737 1478 799 GROSSE
1502 733 1574 800 802.
2069 735 2131 799 267
2215 801 2220 808 ,

481 922 612 988 nomine
635 921 680 987 ad
702 921 853 988 effectum
877 922 1100 1008 perducimus,
1124 924 1250 1006 regiam
1272 923 1461 988 exercimus
1483 923 1754 990 consuetudinem
1777 933 1876 1012 atque
1899 923 1943 988 ad
1964 933 2131 990 aeternam

482 1026 720 1092 beatitudinem
743 1049 802 1092 seu
830 1025 1042 1093 stabilitatem
1067 1025 1200 1092 Christo
1231 1035 1420 1114 protectore
1448 1028 1576 1114 imperii
1604 1029 1707 1093 nostri
1736 1029 1900 1115 pertinere
1927 1028 2132 1095 confidimus.

482 1131 588 1216 Igitur
610 1140 725 1196 uotum
749 1132 791 1196 sit
814 1130 966 1197 omnibus
988 1130 1143 1197 fidelibus
1165 1132 1287 1197 nostris
1310 1131 1539 1218 praesentibus
1564 1132 1690 1198 scilicet
1712 1141 1745 1197 et
1767 1133 1896 1207 futuris,
1921 1133 2062 1218 qualiter
2083 1135 2134 1198 vir

478 1235 677 1302 venerabilis
692 1234 864 1301 Richullns
888 1245 1024 1300 sanctae
1039 1234 1361 1321 Mogontiacensium
1380 1234 1473 1300 urbis
1496 1235 1656 1302 ecclesiae
1672 1235 1941 1324 archiepiscopus
1965 1239 2133 1303 serenitati

442 1348 613 1406 anostrae
640 1340 817 1425 suggessit,
853 1360 892 1404 eo
922 1338 1011 1426 quod
1039 1339 1268 1426 Maginfrcdus
1302 1339 1470 1426 quondam
1505 1363 1619 1407 servus
1652 1351 1765 1407 noster
1798 1342 1928 1429 aliquas
1961 1365 2014 1409 res
2048 1342 2134 1407 infra

480 1445 705 1529 Thoringiam‚
728 1442 763 1509 id
786 1445 887 1509 estin
909 1465 996 1531 pago
1013 1444 1222 1530 Helmgauue
1244 1447 1278 1509 in
1300 1445 1380 1510 villa
1402 1455 1615 1532 nuncupante
1631 1444 1776 1513 Salzaha
1798 1468 1947 1513 necnon
1970 1457 2004 1514 at
2018 1449 2051 1512 in
2068 1445 2132 1511 alio

481 1570 567 1633 pago
598 1548 653 1635 qui
682 1557 823 1614 vocatur
847 1547 1012 1632 Altgauue
1042 1551 1075 1614 in
1102 1549 1182 1614 villa
1217 1570 1303 1636 quae
1332 1549 1452 1615 dicitur
1474 1548 1621 1635 (lorneri,
1655 1573 1721 1617 una
1749 1573 1825 1618 cum
1857 1551 1952 1618 terris
1980 1551 2133 1617 domibus

482 1652 640 1718 aedificiis
664 1651 845 1718 accolabus
861 1654 1034 1739 mancipiis
1058 1653 1151 1718 silvis
1167 1655 1294 1740 campis
1318 1655 1423 1740 pratis
1439 1655 1574 1739 pascuis
1597 1656 1692 1741 aquis
1715 1676 1919 1741 aquarumve
1942 1654 2133 1721 decursibus

482 1758 569 1822 iuste
592 1766 625 1823 et
646 1757 888 1824 rationabiliter
916 1757 1125 1844 adquesisset
1148 1766 1181 1824 et
1210 1758 1254 1824 ad
1276 1761 1513 1825 monasterium
1536 1758 1630 1823 cuius
1658 1756 1861 1823 vocabulum
1884 1767 1935 1823 est
1957 1756 2133 1823 Herolucs-

427 1877 460 1927 10
482 1860 559 1944 feld,
584 1861 673 1948 quod
695 1871 746 1927 est
769 1870 994 1930 constructum
1018 1864 1051 1926 in
1075 1863 1200 1928 bonore
1224 1862 1277 1929 dei
1300 1873 1334 1928 et
1356 1871 1549 1928 sanctorum
1572 1864 1642 1927 eius
1659 1861 1801 1928 Simonis
1825 1873 1858 1928 ct
1876 1862 2006 1945 Tathei,
2029 1871 2134 1928 totum

484 1973 517 2030 et
544 1964 588 2030 ad
610 1966 784 2052 integrum,
820 1975 1121 2053 quantumcumque
1143 1968 1177 2032 in
1205 1968 1287 2053 ipsis
1315 1968 1410 2053 pagis
1441 1967 1494 2032 vel
1524 1987 1656 2031 marcas
1682 1969 1794 2031 visus·
1820 1968 1883 2033 suit
1909 1966 2042 2050 habere,
2076 1989 2136 2052 per

484 2067 643 2134 cartolam
659 2069 845 2135 traditionis
861 2069 1057 2155 delegasset,
1082 2069 1140 2135 sed
1155 2071 1291 2136 minime
1307 2069 1488 2135 secundum
1503 2069 1609 2156 legem
1627 2068 1705 2155 [ct]b
1727 2072 1888 2137 iustitiam
1904 2073 1977 2157 ipsa
1999 2071 2134 2138 traditio

484 2174 575 2239 facta
598 2175 662 2239 fuit
683 2197 744 2240 nec
767 2174 955 2240 nullatenus
977 2197 1110 2240 manere
1126 2184 1247 2261 potest,
1270 2175 1345 2241 ideo
1369 2175 1447 2261 quia
1464 2197 1579 2240 servus
1603 2184 1716 2241 noster
1731 2184 1811 2241 erat.
1836 2175 1911 2257 Qua
1926 2175 1967 2240 de
1989 2177 2135 2263 repetiit

485 2277 674 2364 praedictus
703 2280 853 2364 pontifex
877 2277 1065 2345 celsitudini
1096 2288 1241 2362 nostrae,
1276 2289 1313 2344 ut
1341 2280 1432 2365 ipsas
1455 2302 1508 2344 res
1537 2281 1571 2344 in
1594 2279 1788 2344 aelimosina
1817 2288 1930 2344 nostra
1960 2300 2019 2364 per
2041 2300 2133 2364 prae·

432 2399 462 2448 15
485 2393 617 2469 ceptum
649 2383 857 2449 auctoritatis
891 2392 1024 2449 nostrae
1046 2382 1163 2449 cedere
1191 2393 1225 2448 et
1246 2383 1440 2450 confirmare
1470 2383 1674 2450 deberemus.
1721 2382 1823 2449 Cuius
1853 2384 2045 2470 petitionem
2075 2405 2134 2469 pro

483 2488 668 2553 reverentia
697 2487 801 2572 ipsius
827 2489 932 2552 sancti
962 2487 1025 2552 loci
1048 2487 1101 2552 vel
1132 2509 1191 2574 pro
1216 2489 1287 2552 eius
1312 2487 1446 2553 servitio
1477 2497 1510 2553 et
1532 2489 1656 2553 meritis
1685 2486 1946 2572 conpellentibus
1971 2486 2136 2572 denegare

393 2601 397 2609 '
485 2590 659 2674 noluimus,
689 2590 748 2657 sed
776 2592 825 2656 ita
851 2592 1060 2657 concessisse
1082 2600 1116 2656 et
1144 2592 1177 2655 in
1205 2589 1356 2656 omnibus
1379 2593 1612 2657 confirmasse⁸
1643 2593 1844 2678 cognoscite.
1891 2591 2135 2677 Praecipientes

484 2696 570 2761 enim
593 2695 754 2778 iubemus,
790 2705 826 2759 ut
853 2695 965 2761 nullus
988 2694 1143 2782 quislibet
1171 2704 1316 2761 vestrum
1347 2695 1388 2760 de
1415 2695 1526 2778 rebus,
1562 2705 1598 2760 ut
1628 2695 1783 2778 diximus,
1818 2717 1901 2782 quas
1931 2696 1995 2761 ianr
2025 2696 2135 2762 dictus

484 2798 713 2886 Maginlredus
737 2799 905 2885 quondam
934 2821 1050 2865 servus
1084 2808 1198 2865 noster
1226 2799 1312 2864 infra
1334 2798 1549 2885 Thoringiam
1583 2800 1616 2864 in
1647 2821 1733 2884 pago
1757 2798 1964 2883 Helmgauue
1998 2801 2032 2865 in
2058 2799 2137 2865 villa

429 2922 463 2970 ao
485 2913 696 2991 nuncupante
719 2902 863 2969 Salzaha
892 2925 954 2969 nec
977 2925 1041 2967 non
1071 2911 1105 2968 et
1127 2905 1160 2967 in
1187 2924 1274 2988 pago
1299 2901 1466 2987 Altgauue
1492 2904 1526 2967 in
1549 2901 1629 2967 villa
1652 2923 1741 2988 quae
1768 2901 1887 2967 dicitur
1909 2900 2048 2970 Corneri
2070 2925 2137 2968 una

484 3031 558 3074 cum
582 3009 677 3074 terris
695 3008 848 3075 domibus
865 3008 1024 3074 aedificiis
1041 3007 1222 3073 accolabus
1245 3007 1418 3092 mancipiis
1437 3006 1528 3070 silvis
1551 3006 1677 3092 campis
1692 3007 1797 3092 pratis
1821 3007 1916 3092 aquis
1933 3029 2136 3093 aquarumve

485 3111 677 3179 decursibus
707 3112 830 3177 mobile
853 3121 886 3178 et
914 3111 1063 3177 inmobili
1085 3113 1171 3176 iuste
1200 3119 1233 3175 et
1254 3109 1497 3175 rationabiliter
1520 3109 1708 3195 adquesivit
1736 3109 1788 3175 vel
1813 3110 1856 3175 ad
1879 3121 2007 3197 partem
2029 3112 2135 3196 ipsius

484 3217 674 3283 monasterii
692 3215 869 3302 delegavit,
892 3217 1043 3302 quamvis
1059 3223 1171 3281 noster
1186 3215 1304 3280 fuisset
1319 3236 1444 3298 servus,
1468 3213 1549 3279 nihil
1564 3213 1685 3280 exinde
1701 3214 1892 3280 abstrahere
1916 3225 1974 3280 aut
1989 3217 2137 3280 minuare

486 3342 615 3407 quoque
643 3330 792 3406 tempore
815 3321 1046 3407 praesumatis,
1081 3318 1140 3384 sed
1162 3342 1220 3405 per
1247 3317 1311 3382 hoc
1333 3329 1480 3384 nostrum
1512 3319 1721 3383 auctoritatis
1752 3327 1853 3404 atque
1876 3319 2136 3384 confirmationis

431 3441 465 3490 aa
487 3434 699 3511 praeceptum
722 3433 826 3488 totum
850 3432 884 3488 et
905 3423 950 3488 ad
971 3424 1133 3508 integrum
1157 3421 1201 3487 ad
1225 3422 1453 3508 supradictum
1476 3423 1711 3487 monasterium
1727 3421 1959 3487 Heroluesfcld
1982 3421 2135 3508 deinceps

487 3530 610 3594 nostris
632 3529 817 3614 futurisque
845 3526 1049 3614 temporibus
1072 3528 1106 3590 in
1136 3527 1330 3592 aelimosina
1352 3535 1466 3590 nostra
1489 3525 1663 3611 proficiant
1688 3526 1721 3590 in
1744 3525 1939 3609 augmentis,
1974 3534 2136 3610 quatenus

486 3634 575 3720 ipsos
592 3653 705 3697 servos
729 3631 792 3714 dei,
815 3633 871 3720 qui
888 3631 1011 3696 ibidem
1034 3630 1096 3696 deo
1112 3629 1267 3696 famulari
1285 3629 1447 3712 videntur,
1472 3628 1589 3694 melius
1605 3651 1645 3694 ae
1668 3628 1784 3694 melius
1801 3628 1943 3694 delectet
1965 3650 2024 3715 pro
2042 3628 2136 3694 nobis

486 3747 519 3802 et
540 3735 654 3802 liberis
677 3736 800 3803 nostris
823 3735 876 3801 vel
898 3757 957 3822 pro
982 3734 1163 3800 stabilitate
1185 3735 1315 3819 imperii
1338 3735 1443 3799 nostri
1467 3733 1586 3818 iugiter
1607 3732 1731 3798 domini
1746 3731 1972 3798 misericordia
1994 3736 2136 3798 exorari.

486 3842 531 3906 Et
553 3849 590 3905 ut
612 3840 695 3905 baec
711 3840 903 3925 praeceptio
927 3848 1028 3926 atque
1043 3838 1250 3904 confirmatio
1273 3838 1397 3903 firmior
1411 3836 1574 3902 habeatur
1596 3837 1649 3902 vel
1671 3858 1731 3922 per
1754 3846 1903 3922 tempora
1926 3837 2044 3902 melius
2062 3860 2136 3903 con·

430 3962 465 4012 ao
488 3954 647 4026 servetur,
670 3966 772 4009 manu
795 3945 929 4031 propria
953 3944 1066 4010 subter
1087 3944 1291 4009 firmavimus
1315 3953 1348 4007 et
1371 3942 1411 4007 de
1435 3940 1534 4006 anulo
1557 3951 1670 4006 nostro
1695 3940 1830 4026 sigillari
1854 3943 2022 4007 iussimus.

588 4081 602 4164 5
624 4083 764 4169 Signum
787 4087 877 4163 (ltu.)
899 4082 1016 4149 Karoli
1040 4084 1182 4170 piissimi
1206 4106 1246 4149 ac
1271 4082 1473 4149 serenissimi
1495 4082 1715 4167 imperatoris.
1738 4076 1752 4160 Ξ

590 4207 647 4285 (0.)
674 4203 875 4291 ξθθιιθείιιε
904 4205 1053 4272 advicem
1082 4205 1283 4271 Ercanbaldi
1311 4205 1488 4290 recognovi
1517 4211 1550 4268 et
1578 4200 1592 4282 Ξ
1625 4205 1795 4281 (SR.N'1¹.:
1833 4204 1978 4266 Geneatae
2006 4207 2137 4266 advicem

485 4312 672 4373 Erconboldi
693 4315 846 4386 recognovi
869 4317 896 4372 et
918 4314 1100 4387 subachai,-
1123 4315 1187 4387 ipse
1209 4312 1336 4372 domnus
1358 4315 1523 4386 imperator
1539 4312 1695 4384 precepit).
1720 4310 1791 4385 (Sl.)

590 4430 681 4495 Data
703 4447 779 4493 xvn
802 4430 871 4495 kal.
895 4429 1041 4496 octobris
1067 4453 1152 4496 anno
1177 4431 1322 4497 secundo
1347 4429 1478 4495 Christo
1502 4431 1646 4516 propitio
1670 4429 1797 4514 imperii
1820 4430 1926 4495 nostri
1956 4440 1989 4494 et
2009 4447 2137 4493 xxxr111

430 4552 464 4601 ab
485 4535 578 4619 regni
600 4533 705 4599 nostri
728 4534 761 4597 in
784 4534 927 4599 Francia
950 4543 1051 4620 atque
1073 4553 1202 4599 xxvnn
1224 4536 1256 4599 in
1280 4533 1389 4617 Italia,
1412 4532 1595 4599 indictione
1618 4551 1657 4612 x;
1688 4542 1797 4598 actum
1821 4532 1977 4619 Uuosega
1999 4533 2083 4598 silva
2104 4535 2137 4597 in

486 4639 560 4703 loco
584 4639 639 4724 qui
663 4637 784 4702 dicitur
807 4637 934 4724 Suega3
957 4640 990 4704 in
1014 4639 1066 4704 del
1090 4641 1222 4705 nomine
1245 4638 1385 4704 feliciter
1407 4636 1534 4704 amend.

1274 4916 1361 4990 199.

487 5058 583 5130 Korl
609 5060 674 5130 der
705 5056 833 5141 Gnosso
866 5058 1023 5149 bestettipt
1055 5060 1134 5130 dene
1166 5056 1311 5129 Klosten
1337 5054 1480 5143 Furfo
1514 5057 1581 5128 den
1614 5058 1663 5128 im
1697 5055 1810 5128 Jobre
1837 5057 1912 5126 803
1946 5057 1984 5128 in
2018 5058 2139 5128 classen

492 5177 632 5250 (leuare
660 5179 845 5250 sulenden
871 5179 1002 5250 Besite.

431 5297 466 5345 40
1706 5281 1828 5341 Aeeten
1850 5285 1914 5342 803
1937 5280 2018 5341 June
2040 5285 2093 5341 13.

591 5453 765 5527 Reys'strnm
788 5452 937 5526 Forfense
959 5473 1015 5514 ons
1039 5456 1106 5514 dem
1128 5455 1215 5515 Fnde
1237 5456 1287 5515 des
1310 5460 1362 5515 11.
1386 5455 1441 5514 Jt.
1464 5457 1498 5513 in
1521 5454 1593 5514 God.
1622 5455 1713 5512 Velie.
1739 5458 1826 5515 8487
1849 5453 1872 5527 f.
1897 5448 1948 5514 55'
1969 5459 2004 5511 n⁰
2018 5457 2081 5513 190
2104 5455 2138 5512 e'n

591 5560 645 5618 der
672 5559 893 5618 Vaticaniscten
911 5560 1077 5619 Bibliotleet
1099 5578 1141 5618 en
1154 5560 1233 5619 Rom
1249 5558 1315 5638 (B).
1331 5591 1374 5602 -
1397 5557 1505 5618 Cleon.
1522 5556 1613 5629 Fors.
1630 5574 1686 5616 ons
1710 5557 1775 5615 dem
1792 5557 1916 5632 Anfanp
1939 5557 1989 5617 des
2013 5560 2064 5620 12.
2082 5557 2136 5616 Jn.

592 5662 617 5737 f.
640 5665 679 5724 51
704 5666 739 5724 e'n
761 5665 813 5724 der
835 5665 999 5724 Biblioteco
1026 5664 1332 5724 VittorioEmonnele
1353 5682 1394 5722 en
1417 5664 1494 5723 Rom
1517 5659 1577 5740 (C).

565 5833 627 5890 1aa
645 5835 671 5900 a)
689 5851 792 5887 marcas
804 5837 865 5885 visu
883 5848 937 5887 ocae
950 5832 1092 5886 desselben
1105 5832 1195 5886 Hand
1214 5833 1268 5896 ont
1280 5832 1387 5899 Rosnr,
1406 5849 1446 5886 on
1459 5805 1543 5886 Stelle
1561 5831 1609 5886 des
1622 5835 1714 5884 ersten
1727 5847 1743 5882 s
1761 5828 1862 5895 feriter
1873 5829 1919 5882 ein
1934 5827 2098 5896 Obersclraft
2111 5830 2138 5883 Δ

433 5903 467 5952 46
642 5904 671 5970 b)
688 5904 766 5958 Locis
783 5903 822 5956 ine
840 5902 1007 5971 Perponrent
1026 5904 1060 5969 A,
1079 5907 1194 5972 erponet
1213 5917 1266 5954 aas
1286 5900 1310 5954 0
1375 5903 1402 5969 c)
1420 5904 1544 5954 omnibns
1562 5901 1734 5953 confirmasse
1757 5900 1788 5952 e'n
1807 5897 2024 5967 freiqetassenen
2042 5897 2137 5952 Boane

643 5970 1009 6096 ppopqqicrppptpgmgphqtst
1034 5988 1088 6026 oon
1117 5971 1255 6025 Geneatae
1277 5971 1484 6041 seocbpetrupen
1508 5973 1535 6024 A
1639 5971 1666 6037 d)
1689 5984 1752 6022 eane
1776 5967 1890 6021 Soletum
1912 5967 1983 6021 noch
2006 5985 2084 6020 amen
2106 5968 2138 6021 in

1921 6141 1971 6190 ut*
