5642 7159
1229 653 1387 714 PIPPIN
1412 646 1484 713 753.
2136 647 2174 710 11

529 871 692 937 maiorum
716 867 814 933 domo
836 863 962 929 firmior
983 859 1146 926 habeatur
1169 869 1201 924 et
1223 860 1312 923 circa
1334 859 1408 943 ipsa
1432 865 1548 921 sancta
1570 875 1651 918 casa
1673 852 1725 918 dei
1747 854 1933 937 perenniter
1955 863 2176 932 conservetur,

530 997 630 1041 manu
657 981 773 1039 nostra
801 968 914 1035 subter
942 988 1016 1032 eam
1045 963 1250 1030 decrevimus
1282 961 1457 1046 adsignare
1486 969 1519 1024 et
1548 958 1588 1023 de
1611 957 1710 1023 anolo
1740 965 1856 1023 nostro
1887 956 2000 1022 subter
2023 956 2177 1042 sigillare.

636 1111 773 1197 Signum
796 1111 886 1185 (Ml'.)
910 1105 1030 1171 domno
1053 1110 1166 1168 nostro
1190 1100 1331 1186 Pippino
1354 1098 1592 1184 gloriosissimo
1614 1119 1703 1182 rege.

636 1235 696 1310 (0.)
718 1235 732 1316 ξ
753 1230 835 1295 Eius
858 1227 967 1292 iussus
983 1224 1159 1308 recognovi
1183 1230 1215 1286 et
1234 1220 1414 1306 subscripsi
1436 1216 1450 1299 ἒ
1472 1223 1540 1297 (SR.
1556 1227 1637 1283 N'R:
1663 1216 1863 1300 Confitemini
1884 1218 2008 1284 domim
2031 1223 2179 1303 qaoaim

492 1357 509 1404 5
533 1336 642 1412 bonus,
665 1332 814 1416 quoniam
836 1330 872 1394 ia
894 1327 1032 1393 seculum
1054 1323 1272 1390 misericordia
1294 1321 1378 1386 Eius
1399 1327 1529 1405 repente
1551 1319 1720 1401 Falrudo).
1745 1328 1817 1402 (SI.)
1846 1324 1938 1390 Vene
1961 1325 2075 1390 valeas
2084 1325 2108 1390 ¹¹.

635 1460 695 1534 (0.)
725 1455 848 1520 Datum
872 1451 961 1540 quod
983 1451 1062 1516 fecit
1083 1473 1184 1516 mens.
1207 1448 1303 1512 iulius
1327 1445 1398 1512 dies
1422 1455 1497 1511 octo
1520 1468 1606 1511 anno
1631 1445 1775 1510 secundo
1799 1448 1892 1530 regni
1917 1450 2036 1530 nostri3
2069 1450 2103 1512 in
2127 1448 2180 1514 dei

534 1562 664 1628 nomine
685 1559 833 1626 feliciter.

1345 1777 1378 1849 7.

535 1941 668 2034 Pippin
696 1938 854 2029 testatior
880 1938 958 2009 dem
984 1935 1130 2007 Kloster·
1148 1933 1197 2006 St.
1218 1933 1375 2045 Denta.
1383 1935 1440 2006 ase
1466 1931 1659 2005 dernaelbea
1686 1936 1874 2006 statuisse-ne
1899 1933 1994 2006 Villo
2014 1935 2181 2008 Taberni-

479 2062 695 2144 warnerio
722 2059 870 2131 Poriser
903 2056 994 2129 Gau.

1661 2159 1796 2217 Verteris
1818 2162 1880 2219 754
1903 2158 2140 2238 [Ma-Just]

642 2371 805 2432 Chartalcr
838 2385 895 2428 aas
929 2368 995 2426 dem
1027 2367 1113 2425 Euda
1144 2365 1193 2425 des
1228 2368 1280 2425 12.
1303 2365 1374 2424 oder
1407 2364 1532 2438 Aesone
1566 2365 1616 2425 des
1650 2369 1701 2425 13.
1726 2366 1779 2425 Ja.
1809 2366 1876 2425 Ln.
1901 2369 1986 2427 1156
2022 2366 2046 2439 f.
2068 2370 2112 2427 20
2140 2367 2184 2426 im

641 2473 890 2536 Nationularolriu
911 2489 953 2530 aa
975 2472 1066 2531 Paris
1090 2469 1154 2545 (Β).

641 2613 790 2672 Mobillon
812 2611 858 2670 De
880 2626 912 2668 re
936 2604 1536 2681 1111493143εωανοὴλὴυηω)
1558 2629 1600 2661 =
1624 2607 1762 2681 Bouquet
1780 2609 1808 2678 5,
1834 2612 1895 2668 701
1920 2614 1953 2666 n⁰
1968 2611 1997 2678 6,
2020 2631 2062 2663 =
2084 2609 2187 2683 Mipne

642 2717 755 2777 Pstrol.
779 2718 831 2786 96,
855 2716 941 2774 1526
963 2718 997 2771 πθ
1011 2714 1062 2772 15.
1087 2744 1129 2755 -
1151 2709 1346 2770 Mstblbaelrsr
1367 2709 1441 2783 Rea.
1466 2713 1508 2770 76
1532 2711 1609 2784 (74).

648 2856 740 2916 Ueber
773 2853 821 2913 dis
848 2853 1039 2924 Eiareitunq
1067 2852 1131 2925 (ror
1158 2849 1211 2908 der
1232 2846 1397 2919 Heerfatrt
1426 2849 1502 2908 acels
1523 2850 1646 2925 Raliea)
1675 2851 1740 2909 und
1772 2851 1820 2910 die
1845 2852 2005 2912 Literatur
2031 2854 2105 2912 atbar
2132 2852 2189 2910 den

643 2957 849 3019 Rechtsr'nbslt
872 2957 1024 3032 (Precarie
1045 2956 1130 3014 verbo
1153 2953 1245 3028 rents)
1268 2952 1462 3012 Mttblbaeber
1484 2953 1503 3013 1.
1528 2971 1550 3015 e.

643 3162 801 3247 Pippinus
824 3183 884 3226 rex
900 3159 1105 3225 Francorum
1128 3161 1179 3224 vir
1200 3156 1335 3223 illuster.
1441 3155 1614 3222 Credimus
1637 3155 1733 3221 nobis
1756 3157 1801 3223 ad
1820 3167 1968 3223 eternum
1990 3159 2132 3224 iudicem
2155 3162 2189 3226 in

542 3264 690 3331 mercede
713 3265 852 3346 sociare,
887 3264 915 3326 si
937 3262 1001 3328 boc
1025 3265 1266 3346 cognoscimus,
1300 3259 1390 3346 quod
1413 3261 1457 3326 ad
1485 3262 1560 3324 loca
1583 3268 1772 3324 sanctorum
1802 3261 1904 3326 fuisse
1927 3260 2123 3346 delegatum,
2158 3274 2190 3327 et

484 3390 519 3438 20
542 3369 809 3457 preceptionem*
840 3366 1040 3431 anteriorum
1072 3386 1187 3450 regum
1214 3387 1314 3429 manu
1347 3362 1534 3450 subscripta
1562 3362 1643 3427 inibi
1678 3363 1927 3428 confirmatione
1955 3386 2013 3449 per
2042 3376 2190 3432 nostrum

545 3471 712 3540 oraculum
740 3492 800 3555 pro
829 3490 943 3535 amore
966 3468 1019 3535 dei
1049 3479 1081 3532 et
1103 3465 1319 3533 retributione
1349 3476 1540 3532 sanctornm
1563 3467 1776 3533 affirmamus.
1822 3468 1967 3554 Ideoque
1990 3469 2211 3537 venerabilis·

544 3580 594 3642 vir
621 3574 786 3640 Fulradus
819 3572 908 3638 abba
937 3572 978 3637 de
1012 3570 1151 3637 basilica
1179 3571 1356 3655 peculiaris
1391 3573 1523 3657 patroni
1556 3574 1661 3637 nostri
1697 3573 1802 3636 sancti
1831 3572 1996 3657 Dyonisii,
2030 3572 2087 3638 ubi
2120 3577 2192 3660 ipse

545 3682 714 3769 preciosus
748 3688 875 3762 martyr
902 3698 977 3742 cum
1011 3678 1109 3742 sociis
1138 3677 1206 3741 suis
1235 3677 1268 3739 in
1297 3696 1438 3761 corpore
1465 3675 1633 3760 quiescere
1661 3674 1790 3740 videtur
1819 3673 1871 3739 vel
1898 3677 1970 3760 ipse
1998 3674 2088 3741 abba
2118 3698 2193 3742 cum

547 3798 653 3850 turma
686 3781 827 3869 plurima
860 3779 1097 3845 monachorum
1131 3779 1250 3866 degere
1277 3779 1409 3846 videtur
1441 3780 1492 3846 vel
1528 3779 1659 3846 domiuo
1694 3779 1835 3847 militare
1867 3791 2060 3863 noscuntur,
2093 3784 2194 3846 missa

488 3906 523 3958 ss
546 3889 710 3975 peticione
734 3883 831 3949 nobis
854 3893 1099 3968 suggesserunt,
1124 3905 1162 3948 eo
1186 3883 1274 3968 quod
1291 3892 1367 3948 anta
1390 3883 1452 3950 bos
1474 3907 1580 3950 annos
1603 3884 1730 3950 illuster
1746 3887 1798 3950 vir
1817 3885 2004 3953 Guntaldus
2028 3885 2195 3973 quondam

547 3989 657 4055 villam
674 4010 769 4053 suam
783 3997 1009 4072 nuncupatam
1025 3985 1266 4052 Taberniacum
1290 3989 1387 4051 sitam
1409 3989 1444 4054 in
1467 4010 1555 4074 pago
1571 3989 1739 4054 Parisiaco
1761 4012 1822 4077 pro
1839 3993 1945 4058 anime
1969 4015 2027 4058 sue
2048 3992 2194 4059 remedio

549 4117 623 4159 cum
645 4093 735 4159 omni
757 4091 947 4176 integritate
962 4111 1021 4154 sua
1045 4090 1088 4155 ad
1110 4091 1217 4175 ipsam
1237 4091 1409 4158 basilicam
1433 4092 1545 4158 domni
1560 4094 1715 4177 Dyonisii
1738 4092 1924 4178 delegasset
1944 4096 1996 4161 vel
2019 4095 2193 4176 firmasset,

550 4208 582 4264 et
609 4206 726 4283 postea
748 4195 918 4262 Johannes
947 4195 990 4259 ad
1013 4195 1211 4280 peticionem
1233 4193 1369 4260 illustris
1391 4195 1453 4260 viri
1475 4195 1613 4261 Ebroini
1640 4197 1775 4261 maioris
1798 4196 1915 4263 domus
1938 4200 2044 4285 ipsam
2068 4208 2193 4265 curtem

551 4325 609 4389 per
629 4303 813 4388 precariam
837 4301 951 4366 tenuit.
986 4297 1143 4363 Similiter
1167 4298 1350 4364 Frodoinus
1374 4309 1408 4365 et
1431 4299 1598 4366 Geruntus
1621 4321 1680 4383 per
1703 4303 1884 4384 precariam
1908 4305 2015 4368 sancti
2038 4303 2194 4386 Dyonisii

492 4427 528 4476 30
550 4414 723 4472 tenuerunt
744 4415 778 4471 et
800 4404 843 4468 ad
864 4405 972 4489 ipsam
995 4403 1234 4488 delegationem
1257 4402 1309 4467 vel
1332 4403 1613 4469 confirmationem
1630 4425 1687 4468 seu
1710 4406 1803 4490 ipses
1826 4409 1995 4492 precarias
2018 4409 2193 4473 anterioris

550 4511 636 4594 regis
659 4508 770 4574 domni
794 4505 996 4572 childeberti
1020 4517 1053 4572 et
1075 4507 1258 4592 precariam
1281 4506 1436 4571 avunculi
1458 4509 1563 4573 nostri
1588 4507 1773 4574 Grimoaldi
1795 4512 1929 4576 maioris
1953 4511 2069 4577 domus
2093 4533 2195 4597 quon-

551 4616 625 4680 dam
648 4613 745 4679 nobis
761 4611 951 4678 obtulerunt
973 4611 1017 4676 ad
1032 4609 1251 4695 relegendum.
1275 4610 1320 4675 Et
1335 4613 1491 4695 qnoniam
1514 4613 1737 4698 periniquum
1759 4615 1973 4698 cupiditatem
1997 4638 2019 4680 a
2041 4616 2194 4700 malignis

551 4717 737 4784 hominibus
768 4718 842 4803 ipsa
870 4715 947 4780 villa
970 4713 1200 4779 Taberniacus'
1219 4713 1260 4779 de
1287 4716 1361 4798 ipsa
1384 4737 1463 4780 casa
1492 4718 1600 4781 saneti
1622 4716 1774 4802 Dyonisii
1797 4719 1859 4782 fuit
1882 4719 2052 4785 abstracta
2074 4720 2126 4784 vel
2149 4721 2195 4784 in-

553 4827 686 4906 minuta,
709 4823 804 4908 petiit
819 4823 890 4906 ipse
905 4818 994 4884 abba
1017 4818 1070 4883 vel
1085 4822 1159 4905 ipsa
1183 4819 1395 4903 congregatio
1420 4842 1440 4884 a
1455 4820 1650 4886 celsitudine
1668 4824 1760 4907 regni
1776 4825 1892 4906 nostri,
1916 4833 1952 4887 ut
1967 4847 2026 4911 per
2048 4836 2195 4890 nostram

499 4947 533 4997 ae
556 4926 838 4992 confirmationem
867 4924 920 4989 vel
949 4921 1218 4987 deliberationem
1245 4926 1371 4987 munire
1394 4921 1589 4988 deberemus
1618 4936 1819 5012 preceptum,
1855 4928 2010 5013 quicquid
2038 4929 2197 5015 gasindus

556 5040 666 5097 noster
681 5029 887 5096 Teudbertus
910 5050 968 5112 per
983 5036 1130 5092 nostrum
1153 5026 1349 5090 beneficium
1363 5027 1471 5110 ipsam
1494 5026 1605 5092 villam
1621 5028 1864 5096 Taberniacum
1888 5033 2038 5117 superius
2055 5032 2197 5098 denomi-

556 5144 667 5201 natam
679 5135 794 5216 tenuit,
807 5132 870 5198 hoc
883 5140 934 5196 est
944 5152 1011 5195 una
1023 5152 1097 5194 cum
1110 5132 1204 5194 terris
1217 5129 1369 5195 domibus
1381 5130 1519 5195 edificiis
1530 5131 1682 5217 presidiis
1694 5134 1879 5221 manicipiis
1891 5137 2018 5202 colonis
2030 5137 2198 5223 inquilinis

557 5239 734 5306 accolabus
755 5238 893 5320 libertis,
928 5238 1029 5302 servis
1053 5245 1120 5301 tam
1143 5235 1266 5301 ibidem
1290 5235 1436 5301 oriundis
1459 5257 1558 5321 quam
1587 5248 1620 5303 et
1642 5237 1774 5303 aliunde
1796 5240 1977 5323 translatis,
2012 5242 2144 5306 rusticis
2167 5251 2200 5305 et

557 5345 700 5427 urbanis,
725 5341 864 5407 saltibus
887 5349 986 5426 atque
1009 5339 1201 5422 subiunctis,
1229 5341 1326 5405 terris
1348 5341 1445 5405 cultis
1468 5350 1501 5407 et
1523 5342 1666 5421 incultis,
1695 5345 1799 5409 vineis
1823 5344 1914 5409 silvis
1938 5347 2042 5431 pratis
2064 5347 2199 5431 pascuis

503 5451 652 5535 tesquis
685 5467 886 5533 aquarumve
915 5443 1109 5510 decursibus
1144 5443 1318 5529 pecoribus
1341 5443 1481 5529 peculiis
1514 5446 1635 5512 mobile
1658 5455 1691 5511 et
1722 5446 1878 5513 inmobile
1908 5470 2068 5534 omneque
2096 5469 2199 5533 genus

559 5553 719 5640 pecudum
743 5561 776 5617 et
797 5553 986 5616 universum
1001 5550 1161 5630 meritum,
1185 5569 1260 5612 cum
1276 5546 1480 5632 appendiciis
1504 5550 1699 5615 adiacentiis
1721 5561 1790 5617 tam
1813 5553 1899 5618 infra
1921 5555 2078 5618 terminos
2102 5575 2201 5639 quam

559 5667 651 5724 extra
684 5657 841 5722 terminos
865 5675 1043 5740 omnesque
1074 5675 1127 5717 res
1150 5651 1343 5738 adquisitas,
1380 5653 1535 5738 quicquid
1559 5653 1625 5718 dici
1654 5664 1712 5720 aut
1740 5658 1902 5722 nominari
1925 5668 2046 5743 potest,
2082 5680 2139 5723 seu
2168 5668 2201 5724 et

662 5867 685 5917 6,
721 5863 750 5928 h)
767 5861 845 5916 bride
867 5860 960 5914 Warte
978 5859 1029 5912 mit
1049 5857 1199 5913 decollarer
1219 5859 1244 5913 Τ
1243 5859 1309 5912 inte.

662 5965 687 6020 7.
724 5967 750 6034 a)
768 5982 815 6033 per
833 5967 1031 6034 preceptionem
1049 5975 1167 6017 nostram
1185 5963 1220 6028 Β,
1239 5971 1358 6016 nostram
1377 5962 1446 6028 fehlt
1465 5963 1536 6018 auch
1554 5963 1586 6017 itt
1604 5972 1637 6016 nt
1650 5965 1688 6016 23
