5642 7159
1058 700 1177 760 ruas
1200 700 1289 760 aaa
1311 686 1478 762 onossn
1501 697 1573 763 797.
2079 698 2140 763 367

487 890 563 955 liter
579 912 639 976 ego
663 892 863 976 imperatore
878 887 1005 969 Karolo
1029 910 1103 954 curn
1127 890 1291 956 universis
1315 878 1577 977 archiepiscopis
1601 891 1672 956 sivo
1695 891 1871 977 episcopos
1886 899 1986 977 atque
2010 890 2051 956 de
2069 911 2142 976 pre-

490 994 659 1059 ordinibus
683 994 774 1058 viros
797 991 1003 1059 erudimenta
1035 994 1194 1059 scientiae
1219 994 1394 1061 decoratos
1425 994 1653 1060 circumfultus
1676 1016 1824 1081 congrua
1847 994 2057 1061 multitudine
2079 993 2141 1058 hoc

488 1107 680 1185 preceptum
696 1097 811 1185 optuli,
830 1106 943 1163 sancte
956 1098 1162 1184 preceptioni
1178 1121 1292 1164 eorum
1305 1100 1499 1185 percuntari
1514 1098 1749 1171 commoditate
1762 1100 1987 1185 suprascripta
2003 1097 2141 1163 ecclesie

489 1212 522 1269 ot
537 1203 672 1269 tandem
687 1202 811 1268 bonnm
826 1205 934 1269 visum
950 1204 1095 1289 dompno
1111 1204 1259 1289 pontifici
1284 1227 1383 1290 quam
1399 1214 1434 1270 et
1456 1204 1600 1270 universi
1617 1204 1673 1291 qui
1695 1203 1764 1270 illic
1785 1203 1926 1271 aderant
1948 1204 2142 1285 deverunt⁸,

451 1324 467 1371 o
490 1315 535 1385 ut,
560 1308 759 1393 quicumque
781 1308 935 1372 inventus
958 1307 1073 1374 fuisset
1089 1308 1244 1373 malivolo
1267 1309 1444 1393 instigatus
1461 1310 1570 1373 animo
1594 1306 1646 1373 vel
1662 1310 1837 1374 temerario
1862 1307 1926 1375 hoc
1940 1316 2142 1395 preceptum,

489 1410 578 1496 quod
600 1420 715 1476 nostre
738 1411 908 1476 serenitati
931 1409 1183 1476 corroboramus
1206 1420 1240 1476 et
1261 1411 1507 1495 confirmamus,
1541 1414 1692 1496 frangere
1716 1422 1773 1477 aut
1800 1434 2009 1499 corrumpere
2031 1412 2084 1477 vel
2109 1414 2142 1478 in

490 1514 557 1580 alio
581 1537 643 1579 usu
665 1536 788 1600 ponere
811 1513 864 1579 vel
886 1514 1047 1600 pontifex,
1079 1516 1133 1601 qni
1157 1537 1216 1600 per
1238 1524 1386 1602 tempore
1409 1517 1567 1602 prefuerit
1589 1517 1686 1582 huius
1710 1516 1798 1583 alme
1822 1515 1913 1583 urhis
1935 1517 2049 1599 Rome,
2077 1537 2143 1581 non

491 1618 675 1685 defenderit
696 1621 731 1683 in
754 1618 906 1685 omnibus
931 1620 1063 1684 omnino
1086 1618 1181 1702 locis,
1210 1621 1244 1684 in
1268 1621 1356 1686 omni
1380 1643 1457 1686 vero
1480 1630 1628 1707 tempore
1652 1624 1768 1706 gratis,
1797 1632 1876 1687 tunc
1900 1623 2045 1687 universi
2069 1642 2144 1686 eum

490 1744 586 1789 sacro
615 1724 772 1811 pontifice
801 1724 965 1790 dederunt
998 1734 1192 1810 perpetuam
1220 1722 1533 1809 anathemationem,
1569 1727 1723 1811 quatinus
1757 1725 1867 1791 nullus
1903 1725 1972 1790 dux
2000 1724 2146 1790 marchio

437 1844 470 1894 to
492 1850 604 1895 eomes
626 1830 812 1895 vicecomes
828 1828 1010 1911 castaldus,
1033 1828 1115 1893 nulli
1137 1830 1230 1912 regni
1253 1829 1357 1894 nostri
1381 1850 1504 1913 magna
1526 1838 1584 1894 aut
1607 1852 1711 1916 parva
1735 1852 1877 1916 persona
1899 1829 1945 1893 ibi
1968 1829 2145 1895 molestare

490 1933 543 2000 vel
567 1934 752 2019 inquietare
775 1932 899 1998 audeat
921 1934 955 1999 in
977 1933 1076 1998 rebus
1099 1931 1151 1997 vel
1173 1934 1206 1997 in
1230 1932 1428 1998 hominibus.
1453 1932 1550 2014 Quod
1566 1935 1593 1999 si
1617 1934 1690 2019 quis
1715 1933 1881 1999 diabolico
1905 1933 2016 1998 furore
2033 1933 2145 2019 exagi-

489 2047 579 2104 tatus
602 2039 767 2103 contraire
789 2037 941 2113 voluerit,
964 2038 1117 2123 inprimis
1139 2039 1223 2103 iram
1246 2038 1401 2103 trinitatis
1425 2040 1581 2122 incurrat,
1614 2040 1770 2105 sortietur
1794 2048 1904 2105 autem
1929 2060 2003 2103 cum
2027 2039 2146 2103 Iannes

491 2153 524 2209 et
546 2143 714 2210 Mambres
737 2144 919 2210 adversarii
936 2142 1044 2231 hloysi
1053 2140 1074 2224 ¹,
1098 2141 1222 2208 habeat
1244 2152 1372 2229 partem
1395 2164 1471 2209 cum
1487 2142 1570 2210 Iuda
1587 2143 1707 2211 Ohristi
1732 2143 1891 2209 traditore
1916 2141 2146 2229 dampnandus

491 2270 567 2313 cum
590 2248 651 2331 his,
688 2250 743 2335 qui
766 2247 902 2335 pollutis
925 2247 1079 2314 manibus
1102 2247 1341 2313 crucifixerunt
1364 2245 1543 2321 Christum,
1579 2256 1711 2313 etcum
1734 2246 1912 2329 hereticos,
1947 2247 2001 2333 qui
2026 2254 2149 2330 negant

438 2368 470 2416 ro
493 2351 651 2438 quicquid
673 2352 714 2417 de
738 2351 800 2417 deo
823 2350 1024 2418 credendum
1048 2360 1110 2433 cst,
1139 2350 1193 2437 qui
1218 2349 1425 2416 descendunt
1448 2352 1481 2416 in
1504 2351 1669 2418 infernum
1691 2372 1797 2437 usque
1820 2350 1994 2416 adinstar
2017 2350 2149 2436 puncti3
2187 2338 2190 2347 ¹

493 2456 526 2520 in
549 2456 694 2541 presenti
718 2454 830 2521 seculo
856 2456 963 2521 sciant
987 2478 1022 2520 se
1046 2477 1131 2541 pena
1155 2454 1404 2537 subiacendum,
1434 2464 1613 2540 componat
1635 2456 1709 2521 auri
1733 2454 1848 2541 optimi
1876 2452 1979 2521 libras
2002 2454 2146 2539 triginta,

493 2541 704 2626 medietatem
736 2582 867 2627 camere
889 2569 1002 2626 nostre
1030 2567 1064 2625 et
1086 2558 1296 2625 medietatem
1328 2560 1393 2623 iam
1418 2558 1566 2645 predicte
1596 2557 1744 2623 ecclesie.
1791 2557 1865 2623 Hoc
1894 2564 2006 2623 nostre
2029 2554 2146 2621 confir·

495 2662 652 2729 metionis
676 2672 868 2751 preceptum
890 2663 1026 2729 firmiter
1048 2662 1236 2728 stabilimus
1264 2662 1512 2748 inperpetuum
1537 2658 1820 2748 permansuruml,
1850 2682 1913 2747 que
1936 2658 2147 2727 scribendum

494 2769 694 2854 precipimus
717 2767 858 2834 Alcuino
880 2768 983 2835 levita
1010 2777 1044 2833 et
1066 2766 1264 2832 cancellario
1288 2769 1375 2832 sacri
1402 2768 1507 2832 nostri
1531 2766 1657 2852 palatii,
1680 2767 1713 2831 in
1741 2766 1899 2831 vicesimo
1924 2765 2069 2831 secundo
2093 2763 2145 2828 die

440 2886 474 2937 to
495 2893 608 2939 mense
625 2871 811 2938 decembrio
836 2894 918 2958 opus
934 2871 997 2937 hoc
1019 2870 1176 2957 compleri
1192 2870 1330 2936 fecimus
1353 2879 1386 2935 et
1402 2870 1500 2936 anulo
1523 2880 1637 2936 nostro
1653 2869 1772 2935 subtus
1787 2869 1937 2954 insigniri
1960 2870 2115 2934 iussimus
2123 2876 2146 2934 ⁸.

597 3007 612 3090 i
634 3010 772 3096 Signum
795 3031 914 3075 manus
938 3008 1063 3076 domini
1087 3010 1190 3074 nostri
1216 3009 1417 3074 serenissimi
1447 3010 1655 3075 invictissimi
1679 3030 1719 3074 ac
1742 3008 1972 3095 triumphatori
1996 3004 2147 3095 pacificil

496 3113 608 3200 magni
631 3114 832 3201 imperatori.
855 3108 870 3197 Ξ

598 3250 780 3339 Πεεςᾶἰς
795 3251 1097 3319 archicancellarii⁰
1120 3276 1163 3318 ex
1179 3254 1251 3318 vice
1275 3252 1408 3337 dompni
1426 3251 1557 3337 augusti
1581 3252 1801 3337 potentissimi
1826 3261 1925 3339 atque
1949 3253 2147 3317 sanctissimi

495 3365 658 3423 terrarum
681 3357 768 3424 orbis
793 3354 1011 3445 imperatori‘.
1057 3355 1217 3422 Alcuinus
1241 3356 1460 3422 cancellarius
1494 3356 1665 3421 sanctione
1688 3356 1901 3441 imperatoria
1930 3357 2070 3444 perfecit
2091 3355 2147 3421 ad·

440 3478 474 3527 ao
498 3462 694 3528 summovitss
716 3462 807 3528 dedit
830 3462 1008 3548 complevit
1029 3459 1199 3526 roboravit
1221 3469 1254 3525 ct
1277 3459 1429 3526 absolvit.
1454 3463 1468 3545 ξ

600 3601 692 3666 Data
706 3623 794 3667 anno
810 3599 853 3666 ab
876 3601 1104 3666 incarnatione
1120 3599 1242 3665 domini
1265 3602 1370 3666 nostri
1386 3601 1465 3665 Iesu
1481 3600 1604 3667 Christi
1625 3599 1916 3686 septingentesimo
1933 3603 2147 3686 nonagesimo

498 3706 649 3791 septimo,
678 3704 859 3771 indictione
889 3706 1029 3791 septima
1057 3705 1141 3787 (u.);
1179 3713 1291 3769 actum
1321 3714 1371 3769 est
1399 3706 1433 3769 iu
1461 3703 1585 3790 palatio
1621 3706 1718 3769 iuxta
1745 3704 1909 3769 Vaticano
1938 3703 1982 3769 ad
2009 3704 2149 3770 basilica

498 3810 605 3874 sancti
629 3808 716 3875 Petri
738 3810 881 3897 apostoli
904 3810 938 3874 in
961 3831 1073 3875 mense
1097 3808 1263 3874 decembri
1287 3808 1339 3873 die
1361 3826 1455 3890 xx113
1487 3806 1627 3873 feliciter
1650 3806 1777 3873 ameni.

1287 4102 1375 4177 255.

444 4275 478 4324 ao
1236 4258 1418 4341 (Uaectrt.)

499 4398 595 4471 Korl
622 4401 686 4472 der
715 4398 844 4473 Grosse
871 4400 1029 4493 bestdtipt
1054 4402 1133 4473 dem
1159 4400 1304 4473 Kloster
1328 4400 1381 4469 M
1383 4400 1662 4472 catecumino
1689 4400 1756 4471 dea
1782 4418 1846 4473 ‘uon
1881 4400 2011 4471 acinam
2044 4398 2151 4471 Vates·

498 4518 634 4613 Pippia
660 4523 736 4592 rond
762 4524 883 4594 deseca
910 4522 1057 4595 Brrulcr
1082 4523 1179 4594 Karl
1202 4523 1426 4614 pesobeulcica
1454 4521 1575 4593 Recita
1600 4528 1729 4594 sommi
1754 4521 1976 4595 Immuaitdt.

1662 4662 1758 4741 Baria
1782 4666 1846 4723 798
1867 4662 2007 4722 Febraar
2030 4656 2105 4744 [121.

603 4818 688 4911 Pars
710 4850 840 4910 orama
861 4852 1037 4924 acassam
1060 4850 1163 4911 cassa
1186 4869 1244 4913 aas
1267 4852 1322 4911 aer
1343 4852 1431 4912 nato
1454 4851 1505 4911 aes
1528 4854 1580 4913 πε.
1598 4851 1651 4911 Ja.
1676 4850 1701 4922 f.
1726 4854 1767 4910 m
1790 4856 1825 4910 »r
1839 4854 1903 4911 103
1928 4849 1981 4929 (a)
2004 4849 2070 4909 aar
2091 4850 2153 4910 Aa·

443 4963 478 5013 ³5
602 4952 713 5026 schrift
734 4955 785 5014 des
808 4957 861 5015 12.
885 4954 940 5014 Jh.
966 4953 1019 5032 (0)
1043 4956 1085 5013 im
1109 4954 1219 5013 Archia
1238 4973 1280 5013 aa
1302 4956 1532 5016 Montecassiao.

573 5136 635 5194 251.
654 5140 682 5205 a)
697 5138 730 5192 ia
749 5138 771 5192 0
788 5138 834 5193 die
851 5138 937 5192 haam
954 5138 1096 5208 ειᾶἄεείρε
1113 5138 1306 5194 Emendatioa
1324 5141 1450 5191 dixerunt
1531 5140 1559 5205 b)
1576 5139 1650 5192 accis
1668 5155 1714 5206 per
1732 5137 1815 5203 0⁸¹er
1834 5141 1902 5204 (roua
1921 5137 2071 5207 soipaadca
2082 5138 2151 5202 Que-

651 5206 750 5277 qctilqt
763 5207 790 5260 B
859 5210 884 5275 c)
904 5208 1033 5262 dorrroclu
1050 5224 1103 5261 aar
1121 5208 1299 5278 cassanum
1315 5208 1366 5261 der
1383 5207 1489 5261 Zeiled
1508 5206 1659 5261 Setae-tel
1671 5207 1698 5260 B
1767 5210 1795 5275 d)
1812 5208 1891 5275 paciti
1904 5206 1931 5261 B
2000 5207 2027 5273 o)
2044 5208 2153 5275 Fregdi)

652 5278 746 5343 garchi
763 5278 920 5330 cancellarii
932 5277 973 5344 Β,·
990 5277 1221 5332 wobrscbeiniicb
1232 5278 1406 5332 colustrairte
1419 5278 1478 5330 sich
1492 5276 1542 5330 der
1556 5276 1688 5329 ddlscber
1703 5277 1784 5330 εἰειεη
1798 5276 1908 5330 Nomen
1920 5278 2038 5345 Fragdig
2050 5276 2153 5343 astolon

653 5348 782 5413 Proderig
802 5346 828 5399 S.
842 5350 896 5401 366
915 5348 945 5400 Z.
958 5349 997 5401 24
1014 5347 1076 5401 arad
1092 5352 1187 5401 canat
1206 5348 1267 5400 εἰπε
1278 5346 1464 5416 Recoyuitioa
1477 5346 1552 5400 eirico
1566 5345 1763 5412 Erakanzlers,
1781 5345 1841 5399 dem
1859 5362 1889 5398 er
1906 5346 1978 5400 noch
1996 5345 2061 5413 jesse
2078 5344 2153 5399 εἰειεε

653 5414 794 5469 Kambre
814 5416 907 5485 salpen
925 5415 991 5469 lices
1095 5417 1191 5485 f)inrp
1213 5417 1263 5469 mit
1283 5415 1528 5485 Karruapsstricis
1546 5414 1582 5478 B,
1605 5414 1746 5485 aafqeio'at
1764 5415 1838 5467 urach
1857 5415 1906 5468 der
1929 5413 2085 5479 Wartform
2103 5413 2152 5466 der

654 5484 839 5555 &pasnadio
908 5486 936 5552 p)
954 5487 1055 5537 adsum
1069 5485 1110 5551 Β,·
1128 5488 1315 5548 adsummavit,
1334 5485 1389 5538 das
1402 5485 1475 5537 cuch
1488 5484 1627 5553 Ducoupe
1637 5489 1660 5548 1,
1673 5487 1726 5538 443
1737 5500 1794 5537 aar
1807 5483 1838 5535 ia
1852 5482 1973 5536 auderes
1986 5483 2153 5550 Bedcutoap

652 5554 747 5615 tarsrt,
764 5559 845 5608 emeat
857 5555 936 5608 nicht
953 5554 985 5607 ira
999 5554 1423 5624 Notariotauatcrfertiqanqea
1440 5553 1650 5620 trachweiabar3
1668 5553 1741 5607 auch
1759 5553 1805 5605 die
1823 5550 1971 5621 folgenden
1994 5552 2088 5606 Wortc
2109 5567 2153 5621 ye-

654 5622 738 5676 ltrirzt
755 5625 798 5675 dd.
817 5640 857 5691 cp.
876 5625 914 5675 rb.
934 5631 962 5675 et
979 5626 1069 5676 abslvt
1172 5624 1201 5689 h)
1219 5623 1367 5677 uaterhalb
1397 5622 1447 5676 der
1466 5621 1699 5691 Dotiruupsreile
1719 5621 1765 5674 die
1784 5620 2083 5691 Notariatsserta'paaq
2101 5636 2154 5673 coos

655 5692 799 5747 deraclbca
817 5692 926 5746 Hand:
942 5692 1104 5760 (Hassdmol
1122 5692 1174 5761 aql.
1189 5692 1215 5745 S.
1229 5696 1283 5747 364
1301 5693 1375 5746 Note
1392 5695 1420 5757 a)
1438 5693 1496 5758 Ego
1510 5692 1644 5743 Iohannes
1661 5693 1729 5758 (isar
1747 5690 2073 5759 lt'anrcaamoaopramm)
2090 5694 2154 5741 scri·

655 5764 759 5813 niarius
777 5770 870 5815 sancte
882 5764 1004 5815 Romane
1016 5764 1139 5826 ecclesie,
1158 5766 1228 5814 sicut
1245 5766 1337 5814 inveni
1354 5765 1384 5813 iu
1403 5763 1495 5813 themo
1508 5762 1653 5813 carticineo
1671 5762 1806 5827 imperiali
1824 5762 1916 5828 sigillo
1934 5760 2037 5813 bullato
2055 5762 2154 5827 scripto

653 5834 689 5883 ab
700 5832 820 5898 higuino
832 5832 997 5884 cancellario
1010 5834 1080 5884 bone
1093 5834 1220 5884 memorie
1232 5834 1406 5899 suprascripti
1420 5832 1522 5882 domini
1535 5830 1624 5881 Caroli
1637 5832 1752 5897 piissimi
1764 5832 1942 5898 imperatoris,
1960 5833 1998 5881 its
2013 5830 2157 5895 diligenter

653 5901 807 5968 exemplavi
825 5909 853 5954 et
872 5904 975 5969 scripsi.

539 6006 560 6071 1)
577 6008 597 6059 2
619 6004 688 6058 rim.
707 6006 734 6070 e,
752 6008 778 6057 a
