5642 7159
1042 685 1162 746 KARL
1188 683 1276 745 DER
1297 682 1465 743 GROSSE
1487 678 1561 745 801.
2066 679 2130 746 381

480 874 693 963 temporalem
716 878 958 961 recognoscent
980 873 1013 937 in
1035 872 1099 939 hiis
1115 872 1268 953 maxime,
1291 870 1410 957 quibus
1426 868 1559 935 iusticia
1574 868 1766 956 temporalis
1787 869 1936 937 iudicare
1951 870 2131 935 consuevit.

480 982 519 1046 ln
542 982 622 1067 ipsis
644 982 756 1067 itaque
779 979 877 1045 curiis
901 978 1130 1063 confugientes
1153 975 1307 1041 libertate
1330 984 1363 1039 et
1384 974 1570 1041 municione
1593 973 1806 1041 ecclesiarum
1828 974 2022 1062 gaudebunt
2043 995 2130 1040 oom-

478 1094 713 1169 morantesque
742 1082 863 1148 inillis
892 1081 1045 1163 vendere,
1080 1102 1188 1145 emere
1214 1087 1274 1145 aut
1301 1079 1385 1145 alios
1414 1088 1604 1147 contractus
1627 1079 1736 1145 facere
1764 1080 1889 1147 licitum
1913 1082 1975 1146 erit
2001 1089 2130 1146 contra-

482 1189 642 1253 dictorum
667 1196 823 1271 precepto
846 1185 1092 1251 nonobstante.
1120 1185 1165 1249 Et
1179 1206 1220 1248 ne
1242 1193 1357 1250 nostra
1381 1184 1521 1251 donacio
1544 1183 1767 1268 predictorum
1791 1196 1824 1251 et
1847 1184 1987 1251 aliarum
2010 1207 2130 1267 rerum,

442 1309 458 1359 o
480 1302 579 1379 prout
600 1293 634 1357 in
657 1294 759 1357 cartis
782 1299 814 1356 et
837 1290 912 1356 aliis
935 1291 1058 1355 nostris
1081 1288 1246 1376 preceptis
1269 1289 1463 1372 continetur,
1488 1288 1699 1375 periclitetur,
1728 1290 1838 1354 anima
1861 1311 1992 1375 quoque
2015 1298 2130 1355 nostra

482 1396 577 1461 simul
606 1405 639 1462 et
661 1397 770 1461 anime
798 1393 1070 1481 predecessorum
1093 1402 1279 1459 nostrorum
1308 1414 1423 1477 regum
1447 1401 1480 1457 et
1508 1400 1691 1463 futurorum
1719 1390 1846 1477 aliquid
1868 1391 1912 1457 ibi
1941 1415 2000 1479 pro
2023 1393 2131 1458 salute

481 1522 541 1565 sua
565 1500 774 1565 offerencium
789 1498 1040 1565 fraudulentur!
1064 1497 1105 1563 ob
1123 1497 1378 1564 diminucionem
1402 1497 1502 1562 divini
1519 1495 1628 1562 cultus
1653 1501 1791 1583 ipsaque
1806 1517 1888 1560 oasa
1911 1495 1963 1561 dei
1980 1497 2132 1582 paciatur

481 1604 712 1670 detrimentum
734 1603 907 1685 bonorum,
939 1624 1002 1689 que
1026 1601 1137 1667 omnia
1160 1600 1266 1667 libera
1288 1611 1321 1667 et
1344 1600 1470 1686 absque
1494 1602 1651 1668 servitute
1674 1612 1707 1666 et
1730 1602 1862 1688 penitus
1885 1601 1927 1667 ab
1952 1603 2038 1667 omui
2061 1602 2131 1667 iuro

480 1708 587 1775 alieno
613 1707 722 1774 soluta
750 1708 985 1791 concessimus,
1019 1705 1077 1773 sed
1104 1716 1140 1772 ut
1170 1728 1248 1792 sepo
1271 1704 1379 1772 dictaz
1406 1714 1521 1771 nostra
1545 1715 1660 1770 sancta
1683 1704 1859 1771 abbaoiola
1883 1706 1950 1770 sive
1974 1727 2054 1771 oasa
2078 1704 2130 1771 dei

429 1830 460 1881 ro
481 1812 638 1900 perhenni
662 1820 811 1898 tempore
834 1809 961 1876 illibata
984 1820 1184 1898 permaneat,
1214 1811 1424 1897 precipimus,
1453 1820 1490 1876 ut
1511 1810 1632 1894 nullus,
1663 1811 1898 1897 cuiuscumque
1926 1809 2130 1875 condicionis

480 1917 658 1989 extiterit⁸,
682 1936 803 2002 magna
825 1936 993 2002 parvaque
1008 1936 1151 2001 persona
1174 1914 1298 1980 audeat
1319 1937 1380 1981 nec
1395 1924 1564 2001 presumat
1586 1916 1675 1982 bona
1698 1926 1731 1982 et
1752 1938 1912 2004 personas
1936 1912 2027 1981 eiusb
2050 1937 2130 2001 qua-

481 2041 622 2105 cumque
646 2020 820 2084 occasione
842 2018 998 2084 invadere
1021 2028 1186 2084 arrestare
1214 2039 1379 2106 occupare
1408 2018 1566 2106 impedire
1597 2019 1744 2086 alienare
1766 2019 1908 2087 vendere
1935 2041 2042 2087 emere
2066 2018 2130 2085 dis·

480 2123 611 2188 trahere
633 2122 685 2187 vel
715 2121 872 2208 obligare,
903 2143 1003 2206 super
1031 2121 1096 2187 hiis
1125 2132 1233 2187 sturae
1256 2133 1315 2188 aut
1343 2123 1435 2189 aliud
1465 2126 1517 2189 ius
1539 2134 1651 2211 petere
1674 2147 1734 2189 neo
1758 2133 1964 2211 extorquere,
1995 2144 2130 2188 consue-

480 2227 612 2294 tudines
641 2229 676 2292 in
703 2225 922 2312 preludioium
951 2226 1129 2313 imponere.
1176 2225 1265 2291 Dato
1300 2248 1378 2293 vero
1413 2228 1445 2292 in
1476 2228 1621 2293 futurum
1651 2228 1761 2316 aliquo
1797 2229 1976 2294 infortunio
2005 2228 2130 2312 ignium

427 2350 460 2400 tt
481 2353 674 2419 guerrarum
697 2339 941 2416 tempestatum,
971 2331 1060 2417 quod
1083 2328 1234 2396 Christus
1258 2330 1391 2396 minime
1414 2333 1592 2419 permittat,
1622 2332 1666 2398 ad
1688 2332 1966 2398 restauracionem
1996 2339 2029 2398 et
2050 2330 2129 2397 rele-

481 2439 653 2503 vacicnem
677 2435 824 2523 dampni,
854 2458 894 2500 ue
917 2435 977 2501 fiat
999 2457 1090 2501 error
1112 2436 1205 2521 peior
1227 2435 1346 2520 priore,
1378 2434 1575 2501 auctoritate
1607 2436 1785 2523 superioris
1808 2436 1917 2523 petita
1941 2444 1975 2501 et
1997 2433 2133 2500 obtenta

481 2543 536 2627 bii,
571 2543 627 2628 qui
655 2561 715 2628 pro
745 2549 893 2626 tempore
916 2541 951 2605 in
978 2538 1132 2605 Lebrahe
1161 2540 1361 2606 monasterio
1390 2541 1576 2616 residerint,
1611 2541 1737 2628 aliquid
1767 2540 1808 2607 ab
1841 2540 1956 2607 alienis
1986 2542 2132 2625 recipere

480 2646 639 2712 valebunt
661 2666 736 2709 cum
758 2643 1011 2709 assecuraeione
1036 2643 1207 2727 bonorum,
1230 2644 1277 2709 ita
1300 2652 1411 2709 tamen
1435 2645 1524 2730 quod
1546 2647 1627 2732 ipsis
1651 2644 1869 2711 oreditoribus
1893 2644 1934 2709 de
1957 2642 2133 2731 principali

481 2758 570 2817 sorte
597 2749 640 2815 ad
663 2750 828 2835 integrum
857 2746 1033 2834 persolutis
1056 2747 1199 2835 amplius
1229 2748 1397 2815 debitores
1421 2750 1454 2814 in
1483 2748 1579 2815 bonis
1602 2751 1725 2815 nostris
1750 2758 1783 2816 et
1812 2750 1880 2815 suis
1903 2770 2028 2815 vexare
2057 2769 2131 2834 pro·

425 2872 459 2923 ao
480 2854 649 2937 bibemus3
677 2852 767 2940 quod
790 2853 818 2917 si
842 2861 960 2917 contra
983 2851 1046 2917 hoc
1070 2862 1259 2937 preceptum
1283 2862 1483 2939 attemptare
1506 2855 1768 2940 presumpserint
1790 2863 1822 2919 ot
1845 2852 1932 2918 ultra
1955 2852 2076 2918 iustam
2099 2862 2133 2918 et

480 2959 615 3024 datam⁶
638 2979 799 3023 summam
823 2958 1168 3044 superusurpaverint,
1191 2958 1282 3043 ipsos
1306 2956 1489 3043 sacrilegos
1512 2956 1555 3022 ad
1578 2956 1736 3023 iudicium
1755 2956 1901 3023 divinum
1924 2955 2131 3044 appellamus

481 3063 644 3150 simulque
671 3084 731 3149 pro
755 3084 842 3149 pena
865 3060 1029 3149 corporali
1053 3060 1095 3126 ab
1125 3081 1238 3126 eorum
1262 3059 1426 3127 iudicibus
1458 3060 1634 3129 ordinariis
1657 3061 1701 3127 ad
1723 3062 1965 3129 restitutionem
1989 3062 2131 3149 compel-

479 3166 613 3235 lantur‘¹
641 3177 674 3233 et
702 3166 745 3233 ad
768 3165 939 3233 emendam
969 3164 1215 3231 arbitratoriam
1243 3165 1557 3255 condempnentur⁰,
1592 3166 1839 3233 racionabiliter
1867 3165 2028 3242 nolentes,
2060 3164 2131 3251 [ut],

480 3297 543 3360 que
560 3297 602 3339 ex
625 3281 738 3339 nostro
754 3271 886 3358 proprio
910 3269 1107 3336 contulimus
1123 3291 1183 3356 pro
1206 3279 1321 3336 nostra
1336 3281 1591 3357 nostrorumque
1607 3271 1724 3356 salute,
1748 3293 1822 3339 cum
1838 3274 1948 3337 usuris
1971 3271 2132 3339 violenter

424 3392 458 3445 at
480 3385 538 3443 aut
553 3376 700 3443 indebite
717 3374 767 3441 rel
788 3375 853 3441 alio
870 3376 986 3462 quovis
1009 3374 1107 3441 modo
1130 3397 1189 3462 per
1204 3396 1322 3441 manus
1345 3374 1473 3443 alienas
1487 3385 1520 3442 et
1543 3374 1633 3441 velut
1655 3373 1855 3462 sacrilegas‘
1875 3374 2131 3443 distrabanturss⁸

479 3482 585 3549 Vobis
600 3482 701 3568 igitur
723 3481 846 3545 nostris
862 3479 1016 3546 fidelibus
1038 3478 1248 3568 presentibus
1265 3488 1298 3545 et
1320 3480 1439 3545 futuris
1454 3481 1486 3545 iu
1511 3478 1599 3545 villis
1616 3488 1649 3545 et
1672 3480 1864 3545 civitatibus
1881 3480 1984 3546 nostri
2001 3480 2131 3567 imperii

479 3584 734 3674 presidentibus,
756 3585 925 3670 magistris
948 3583 1121 3650 advocatis
1136 3584 1332 3650 consulibus
1355 3595 1388 3650 et
1404 3582 1570 3667 civibush,
1589 3593 1739 3651 nostram
1754 3594 1905 3651 sanctam
1929 3594 1962 3651 et
1978 3584 2131 3651 dilectam

479 3689 691 3759 abbaoiolam
719 3692 752 3757 in
775 3686 946 3754 Lebraha¹
977 3711 1054 3754 cum
1081 3690 1234 3776 personis
1257 3700 1291 3755 et
1318 3690 1416 3756 bonis
1445 3688 1616 3756 eiusdemk
1648 3712 1736 3757 nunc
1765 3701 1798 3756 et
1829 3712 1889 3777 per
1918 3689 2132 3758 succedentia

478 3807 629 3882 tempora
650 3803 825 3881 protegere
847 3802 880 3859 et
903 3792 1080 3859 defendere
1102 3793 1263 3861 iubemus.
1287 3794 1456 3860 Timentes
1479 3816 1622 3881 namque
1637 3803 1713 3882 post
1735 3804 1884 3861 nostrum
1908 3794 2080 3860 decessum
2097 3797 2131 3859 in

424 3917 458 3968 ao
479 3901 544 3966 biis
573 3921 638 3965 non
662 3901 785 3964 servari
812 3897 912 3963 fidem
941 3898 1090 3963 misimus
1118 3898 1222 3965 Rome
1254 3898 1535 3966 corroborandum
1558 3909 1750 3986 preceptum
1774 3899 1982 3965 auctoritatis
2004 3910 2129 3965 nostre.

479 4006 525 4071 Et
552 4013 590 4070 ut
612 4003 673 4072 beo
705 4003 846 4070 donacio
870 4025 945 4069 cum
975 4012 1099 4070 statuto
1123 4007 1381 4092 prescriptorum
1410 4004 1561 4071 stabilior
1591 4005 1762 4090 habeatur,
1797 4014 2001 4092 protectores
2025 4007 2130 4073 eciam

478 4112 552 4197 ipsa
575 4130 655 4175 casa
679 4108 733 4174 dei
756 4111 926 4196 percipere
948 4108 1117 4195 glorietur,
1147 4108 1363 4196 Lothoringie
1392 4110 1508 4176 ducem
1537 4110 1737 4176 advocatum
1764 4119 1797 4176 et
1827 4110 2032 4176 defensorem
2055 4131 2130 4177 esse

479 4214 727 4296 constituimus,
767 4211 974 4279 venerabiles
1014 4212 1284 4300 archiepiscopos
1318 4214 1549 4299 Magantinum
1583 4223 1616 4279 et
1649 4212 1903 4282 Treverensem¹
1941 4234 1982 4279 ac
2017 4236 2131 4281 eorum

481 4319 708 4404 suffraganeos
723 4340 797 4384 oum
814 4337 926 4383 eornm
942 4318 1191 4386 suecessoribus
1207 4317 1416 4386 coadiutores
1433 4328 1465 4385 et
1480 4328 1730 4385 conservatores
1747 4342 1789 4385 ex
1812 4340 1914 4385 causa
1931 4319 2128 4385 racionabili

424 4439 458 4490 at
478 4426 623 4490 omnium
648 4424 869 4511 predictorum
885 4446 959 4489 esse
983 4445 1003 4487 a
1019 4432 1135 4489 sancta
1150 4423 1229 4489 sede
1252 4424 1439 4510 apostolica
1456 4425 1635 4489 meruimus
1658 4424 1837 4510 impetrare
1852 4444 1939 4489 nunc
1961 4432 1995 4489 et
2009 4424 2129 4489 futuris

477 4528 682 4616 temporibus
706 4527 881 4593 duraturis.
919 4527 1114 4614 Preceptom
1138 4529 1241 4614 igitur
1261 4548 1399 4615 presens
1423 4549 1523 4594 manu
1546 4529 1680 4614 propria
1703 4528 1845 4595 subterm
1868 4530 2075 4615 signavimus
2098 4537 2131 4594 et

478 4632 578 4698 anulo
602 4641 716 4697 nostro
739 4632 891 4717 insigniri
915 4632 1082 4698 iussimus.

581 4752 704 4819 Datum
728 4752 931 4841 Aquisgrani
956 4776 1042 4819 anno
1066 4753 1190 4819 domini
1213 4770 1302 4819 noco
1324 4754 1442 4841 primo,
1473 4777 1558 4821 anno
1583 4756 1711 4841 imperii
1735 4758 1839 4821 nostri
1863 4756 1976 4842 quinto
2002 4755 2129 4821 decimo

477 4868 636 4945 regnante
659 4858 793 4925 domino
815 4868 931 4925 nostro
955 4859 1032 4924 Iesu
1055 4858 1188 4926 Christo
1212 4862 1245 4923 in
1270 4858 1384 4924 secula
1407 4859 1592 4925 seculorum
1616 4880 1722 4926 amen.

421 5134 456 5185 so
1267 5100 1354 5177 263.

1213 5241 1394 5323 (Haesit.)

476 5379 572 5451 Kori
590 5382 654 5452 der
677 5381 805 5455 Grosse
833 5383 991 5475 bestdtipt
1017 5386 1081 5455 dor
1098 5382 1230 5454 Kirobe
1256 5407 1322 5454 ooo
1349 5383 1407 5455 Lo
1435 5384 1566 5456 Meos
1592 5386 1657 5455 dos
1683 5384 1742 5455 ibr
1767 5407 1832 5455 ooo
1858 5383 2011 5472 Bisrlros
2021 5384 2131 5457 Inoo-

476 5524 558 5573 ceoa
583 5504 648 5573 mit
676 5504 922 5597 Zostiromrosp
948 5506 997 5576 K.
1025 5504 1239 5577 Obildeberts
1262 5506 1462 5597 posoireokto
1490 5508 1565 5579 oud
1591 5513 1710 5598 spdter
1736 5506 1961 5595 eutsremrieto
1987 5506 2133 5579 Klostcr
2223 5536 2224 5539 ¹

440 5622 529 5773 ¹⁵St.
560 5622 690 5697 Golob.

422 5725 437 5772 t
1775 5748 1809 5759 -
1837 5714 1900 5774 802
1923 5713 2014 5773 Mora
2036 5718 2086 5774 17.

537 5861 616 5935 ,Μ
634 5863 906 5929 ylfraudulenterB‘
977 5861 1214 5934 z)supradictaff
1285 5866 1493 5933 a)existeritB'
1557 5870 1686 5931 luteorum
1700 5866 1734 5919 Β·
1806 5870 1832 5933 c)
1843 5867 1932 5919 duum
1945 5872 1972 5917 et
1984 5868 2082 5918 iustam
2095 5865 2131 5919 B'

633 5933 906 6001 d)compellenturB
969 5935 995 5998 e)
1006 5937 1236 6002 condempnantur
1249 5934 1276 5989 B
1337 5937 1516 6005 f)sacrilegos
1529 5937 1565 5991 B'
1626 5937 1654 6005 g)
1667 5936 1887 5989 distrahenturB
1944 5934 1973 6002 h)
1986 5937 2130 5988 etcivibus

632 6001 748 6068 femur
799 6004 997 6070 i)LebraheB‘
1049 6006 1079 6071 k)
1088 6006 1234 6057 eorundem
1243 6002 1278 6058 B'
1323 6004 1848 6075 ltMaguntiensemetTrevirenssmff
1901 6006 2075 6073 m)scriptum
2087 6004 2129 6057 B'.
