5642 7159
656 765 696 827 10
1254 765 1692 826 Kslsuuuultuuuum

645 962 762 1040 postea
787 953 984 1038 suggerebat
1012 954 1083 1039 ipse
1109 952 1271 1018 folradus
1300 952 1388 1018 abba
1411 953 1463 1017 vel
1493 953 1657 1038 monacby
1681 953 1785 1017 sancti
1811 952 1949 1015 Dionisii
1980 962 2013 1016 et
2041 951 2103 1014 hoc
2127 948 2291 1029 dicebant,
2381 967 2384 975 ’

644 1067 682 1123 ut
704 1057 759 1122 ille
782 1057 943 1122 telloneus
974 1057 1014 1120 de
1042 1057 1098 1121 illo
1122 1057 1277 1122 marcado
1310 1057 1342 1120 in
1367 1056 1510 1121 villabus
1535 1057 1586 1120 vel
1617 1077 1714 1140 agros
1744 1077 1856 1120 eorum
1891 1064 1979 1120 totus
2014 1054 2140 1139 absque
2173 1052 2292 1117 iudicis

643 1155 811 1226 introitum
835 1160 879 1225 ad
903 1158 1004 1244 [casa]
1028 1161 1133 1224 sancti
1159 1161 1301 1225 Dionisii
1331 1160 1450 1226 adesse
1476 1160 1626 1224 debebat.
1666 1159 1710 1223 Et
1739 1159 1802 1222 hoc
1826 1159 1989 1240 dicebant,
2020 1159 2108 1245 quod
2131 1166 2208 1222 ante
2230 1158 2292 1222 bos

645 1285 760 1346 annos,
784 1263 917 1349 quando
934 1260 1053 1328 Carlus
1076 1264 1138 1328 fuit
1161 1264 1310 1348 eliectlus
1336 1288 1393 1350 per
1416 1262 1647 1349 Soanachylde
1672 1263 1854 1348 eupiditate
1877 1272 1911 1326 et
1926 1261 2120 1327 Geirefredc
2146 1261 2292 1325 Parisios

641 1368 762 1432 comite
785 1366 970 1447 insidiante,
995 1389 1181 1453 percorum
1198 1390 1362 1435 consensu
1379 1367 1422 1431 ad
1439 1367 1514 1431 illos
1530 1367 1761 1431 necuciantes⁸
1777 1366 1827 1430 vel
1851 1365 2082 1431 marcadantes
2100 1388 2157 1450 per
2178 1364 2292 1449 deprc·
2311 1379 2326 1424 5

641 1473 812 1536 cacionem
837 1493 1099 1557 unumquemque
1122 1472 1300 1556 lrom[inem
1324 1470 1516 1556 inglenuum
1535 1470 1682 1534 dinarius
1707 1480 1862 1555 quattuor
1883 1470 1962 1560 dare
1985 1471 2150 1550 fecissent,
2174 1479 2207 1533 et
2229 1469 2291 1532 hoc

644 1577 692 1638 eis
715 1574 802 1639 malo
827 1575 940 1639 ordine
963 1574 1129 1639 tullerunt.
1154 1576 1198 1638 Et
1221 1586 1338 1661 postea
1356 1575 1580 1640 Geirehardus
1606 1576 1708 1638 comis
1734 1572 1849 1638 Parisii
1873 1573 1927 1638 vel
1950 1583 2087 1658 agentes
2110 1575 2161 1637 sui
2185 1574 2292 1658 ipsam

643 1678 922 1763 deprecacioncm
948 1679 1113 1763 quomodo
1138 1679 1259 1744 ibidem
1283 1681 1487 1760 invenerunt,
1511 1700 1570 1763 per
1592 1677 1865 1742 consuetudinem
1880 1677 1923 1741 ad
1947 1679 2037 1764 ipsos
2061 1677 2208 1740 homines
2230 1676 2292 1740 hoc

643 1781 845 1846 exactabant
869 1783 967 1846 etad
991 1804 1221 1868 unoquemque
1257 1783 1387 1848 homine
1423 1785 1563 1868 ingenuo
1595 1782 1635 1845 dc
1666 1803 1872 1866 quacumque
1900 1782 2042 1861 natione,
2074 1781 2128 1864 qui
2160 1780 2202 1844 ad
2236 1780 2292 1843 illo

643 1885 797 1950 marcado
814 1886 1043 1968 adveniebant,
1062 1888 1208 1952 dinarius
1225 1896 1380 1974 quattuor
1396 1886 1437 1951 de
1454 1908 1566 1950 eorum
1583 1886 1692 1970 capite
1717 1883 1928 1964 exactabant,
1953 1887 1978 1947 si
2002 1885 2162 1968 ingenuus
2182 1882 2293 1966 [erlat3
2316 1894 2346 1942 ro

643 1998 675 2051 ct
692 1991 719 2052 si
737 2011 851 2054 servus
868 1999 948 2071 erat,
972 2000 1050 2054 tunc
1067 1993 1241 2055 coniurare
1258 1991 1410 2072 debebat,
1436 1991 1524 2076 quod
1549 2013 1664 2054 servus
1682 1991 1808 2069 fuisset,
1839 2000 1871 2054 et
1895 1992 1957 2075 ipsi
1981 1990 2139 2072 homines,
2163 1989 2293 2075 quando

643 2093 714 2175 ipso
740 2103 945 2159 sacramento
969 2095 1131 2175 iurabant,
1156 2097 1299 2181 quinque
1324 2095 1471 2159 dinarius
1495 2117 1554 2179 pro
1572 2095 1633 2158 hoc
1659 2093 1836 2158 donabant.
1876 2093 1920 2157 Et
1941 2093 2004 2157 boc
2028 2102 2164 2179 agentes
2188 2093 2293 2156 sancti

644 2194 784 2259 Dionisii
807 2196 858 2261 vel
881 2197 1044 2261 Folradus
1069 2198 1156 2262 abba
1180 2222 1237 2262 seu
1260 2198 1314 2263 ille
1337 2199 1503 2282 monachy
1525 2196 1689 2279 dicebant,
1715 2196 1802 2283 quod
1825 2218 1883 2282 per
1905 2197 2005 2260 talem
2022 2196 2293 2261 consuetudinem

643 2298 696 2362 illc
719 2300 896 2365 marcadus
912 2301 1030 2365 fuisset
1054 2304 1239 2366 eminuatus
1256 2302 1307 2367 vel
1332 2302 1538 2382 abstractus;
1562 2312 1594 2366 ct
1617 2300 1671 2365 ille
1695 2303 1906 2366 necuciantes
1923 2299 1974 2364 vel
2000 2322 2112 2364 omnes
2129 2301 2293 2380 naciones,

644 2404 698 2486 qui
714 2404 757 2468 ad
773 2405 846 2488 ipso
864 2405 1019 2469 marcado
1043 2406 1199 2470 advenire
1223 2405 1384 2487 solebant,
1411 2429 1468 2492 pro
1493 2407 1555 2470 hac
1572 2427 1674 2469 causa
1697 2407 1769 2488 ipso
1787 2404 1942 2468 marcado
1961 2403 2174 2488 defugiebant
2189 2413 2222 2466 et
2238 2402 2292 2466 ille
2312 2411 2344 2458 16

644 2505 804 2572 telloneus
828 2507 868 2572 de
896 2511 969 2592 ipsa
999 2509 1153 2574 casadei
1185 2519 1255 2574 erat
1285 2510 1451 2574 minuatus
1475 2509 1525 2574 vel
1561 2510 1758 2573 abstractus.
1800 2508 1843 2571 Et
1875 2508 1947 2591 ipse
1972 2505 2196 2571 Gairehardus
2231 2506 2293 2570 hoc

645 2607 786 2690 dicebat,
811 2609 898 2694 quod
922 2610 988 2674 alia
1012 2612 1248 2677 consuetudine
1272 2615 1304 2677 in
1328 2617 1399 2699 ipso
1424 2613 1580 2678 marcado
1605 2634 1669 2676 non
1694 2612 1851 2691 misisset,
1876 2612 1936 2674 nisi
1962 2610 2090 2695 qualem
2115 2621 2214 2675 antea
2237 2635 2295 2698 per

647 2712 822 2777 emissione
847 2713 1098 2798 Soanechyldae
1121 2715 1173 2780 vel
1197 2718 1262 2780 iam
1288 2717 1376 2782 dicto
1401 2715 1596 2780 Gairefredo
1620 2718 1723 2780 missa
1745 2716 1862 2779 fuisset
1885 2726 1917 2779 et
1947 2714 2067 2779 ibidem
2098 2715 2293 2792 invenisset,

646 2825 679 2879 et
703 2815 799 2881 aliter
822 2819 941 2882 exinde
965 2841 1061 2903 agere
1077 2841 1143 2885 non
1160 2820 1303 2901 volebat,
1328 2822 1389 2884 nisi
1416 2812 1580 2906 quomodo
1598 2819 1717 2883 domno
1741 2841 1817 2903 rege
1840 2818 1994 2903 placebat
2011 2820 2061 2882 vel
2086 2819 2250 2904 quomodo
2275 2842 2295 2882 a

645 2918 797 3004 longum‘
815 2931 945 3006 tempus
962 2933 1109 3006 tempora
1122 2945 1234 3008 regum
1252 2923 1373 2988 ibidem
1388 2925 1449 2987 fuit
1465 2923 1667 2987 consuetudo
1686 2923 1736 2987 vel
1753 2923 1796 2986 ad
1811 2924 1884 3007 ipsa
1900 2945 1980 2992 casa
1996 2923 2046 2986 dei
2064 2924 2095 2987 in
2109 2924 2295 3006 integritate
2314 2935 2347 2982 to

647 3023 717 3106 ipse
740 3023 900 3089 telloneus
917 3027 977 3090 fuit
993 3047 1169 3091 concessus
1187 3026 1237 3091 vel
1262 3036 1487 3091 conservatus.
1512 3027 1556 3090 Et
1571 3028 1647 3090 dum
1673 3026 1734 3088 hae
1750 3046 1852 3089 causa
1875 3027 1922 3089 sic
1939 3036 2015 3089 acta
2031 3027 2083 3089 vel
2106 3037 2295 3112 perpetrata

646 3126 842 3209 invenimus,
868 3132 1140 3213 peranteriorum
1157 3153 1268 3214 regum
1287 3130 1369 3193 tales
1394 3132 1626 3215 precepciones
1642 3128 1695 3193 vel
1711 3131 1979 3193 confirmaciones
1997 3129 2091 3193 nobis
2108 3130 2297 3195 obtulerunt
2378 3193 2381 3198 .

645 3226 848 3314 relegendas,
873 3254 1012 3296 unacum
1039 3234 1146 3318 plures
1175 3235 1295 3297 nostris
1322 3233 1475 3298 fidelibus
1500 3233 1532 3297 id
1561 3242 1636 3296 srrnt
1665 3232 1796 3310 Milone,
1825 3232 2063 3317 Helmegaudo,
2093 3234 2294 3324 Hildegario,

645 3332 887 3417 [G]brothard0,
913 3338 1077 3422 Drogonc,
1095 3339 1269 3422 baugulfO,
1290 3337 1512 3421 [Glislebarim
1530 3336 1742 3416 Leutbfrcdo,
1765 3336 1933 3417 Raubone,
1949 3337 2165 3418 Tbeuderico,
2183 3338 2295 3423 Maga-

646 3441 749 3520 nario,
763 3440 916 3522 Nithado,
931 3442 1136 3524 Uualtlrario,
1151 3442 1300 3507 Uulfaric
1314 3441 1531 3507 etUuicberto
1545 3443 1664 3504 comite
1680 3439 1781 3526 palati
1796 3449 1909 3504 nostro
1925 3441 1986 3503 visi
2000 3441 2119 3504 fuimus
2132 3441 2295 3506 iudicasse
2314 3451 2346 3498 25

559 3561 560 3564 ’
646 3542 697 3606 vel
714 3542 896 3608 decrevisse
921 3568 977 3609 seu
1002 3545 1238 3628 [confirlmasse
1262 3546 1350 3610 etde
1374 3568 1459 3610 novo
1484 3548 1600 3609 iterum
1616 3545 1831 3624 concessisse,
1855 3553 1892 3608 ut
1908 3544 1949 3608 ab
1967 3545 2029 3609 hac
2046 3544 2099 3610 die
2115 3547 2224 3610 nullus
2241 3546 2295 3628 [ex

647 3645 831 3730 i]udiciaria
844 3659 1005 3732 potestate
1018 3671 1077 3713 nec
1091 3651 1123 3712 in
1137 3652 1207 3734 ipso
1224 3649 1405 3732 [maroaldo
1423 3671 1483 3712 nec
1497 3668 1677 3733 percorum
1695 3668 1793 3730 agros
1807 3667 1866 3711 nec
1882 3657 1997 3731 portus
2013 3669 2074 3712 nec
2091 3648 2131 3714 de
2146 3649 2295 3713 homines

647 3772 757 3815 eorum
781 3773 842 3816 nec
866 3774 977 3816 eorum
1002 3753 1213 3817 necuciantes
1237 3775 1296 3817 nec
1321 3752 1361 3816 de
1385 3775 1498 3817 omnes
1523 3753 1678 3816 naciones
1704 3773 1937 3836 quascumque,
1968 3753 2021 3836 qui
2046 3751 2089 3816 ad
2118 3755 2182 3816 iam
2207 3753 2294 3817 dicto

649 3852 803 3918 marcado
828 3854 1016 3934 adveniunt,
1041 3878 1101 3918 nec
1125 3877 1182 3940 per
1205 3854 1301 3918 villas
1325 3877 1437 3920 eorum
1461 3877 1521 3920 nec
1545 3855 1585 3918 de
1608 3855 1741 3934 navigia
1765 3876 1824 3917 nec
1852 3854 1892 3918 de
1916 3865 2028 3940 portus
2054 3877 2113 3919 nec
2137 3856 2296 3921 decurre

648 3980 707 4023 nec
724 3958 764 4022 de
790 3981 921 4025 saumas
947 3959 1034 4023 nullo
1059 3959 1199 4022 telloneo
1225 3982 1284 4023 uec
1301 3960 1438 4023 foratico
1463 3981 1522 4024 nec
1539 3961 1677 4022 rotatico
1695 3980 1755 4020 nec
1779 3961 1944 4044 pontatico
1961 3982 2021 4023 nec
2045 3963 2209 4045 portatico
2234 3983 2293 4024 nec
2312 3976 2347 4022 30

648 4062 824 4126 salutatico
847 4085 908 4128 nec
932 4064 1119 4147 cispitatico
1148 4085 1208 4126 nec
1237 4064 1393 4127 mutatico
1423 4084 1483 4126 nec
1510 4062 1600 4126 nulla
1628 4071 1748 4124 exacta
1778 4084 1836 4126 nec
1860 4063 2114 4127 consuetudines
2139 4085 2197 4127 nec
2221 4064 2295 4128 illos

648 4165 793 4230 dinarios
823 4176 988 4251 quattuor,
1017 4167 1104 4251 quod
1128 4166 1168 4230 de
1192 4188 1303 4231 omnes
1327 4169 1494 4248 naciones,
1524 4169 1576 4251 qui
1606 4165 1727 4228 ibidem
1754 4165 1797 4228 ad
1824 4167 1896 4250 ipso
1925 4167 2080 4230 marcado
2109 4166 2295 4245 adveniunt,

648 4290 744 4354 quem
775 4267 1037 4353 Soanechyldis⁸
1067 4280 1099 4334 et
1123 4269 1337 4336 Gairefredus
1361 4272 1474 4351 comis,
1509 4280 1545 4331 ut
1580 4291 1678 4352 supra
1706 4269 1969 4346 memoravimus,
1998 4271 2031 4332 in
2058 4270 2296 4334 consuetudine

648 4374 815 4453 miserunt,
841 4373 883 4437 ad
907 4375 996 4459 ipsos
1020 4376 1230 4439 necuciantes
1253 4397 1313 4438 nec
1336 4375 1421 4438 infra
1449 4376 1523 4459 ipso
1552 4394 1638 4458 pago
1663 4375 1833 4455 Parisiago
1857 4397 1917 4438 nec
1946 4377 1977 4437 in
2001 4376 2075 4459 ipsa
2098 4377 2231 4440 civitate
2255 4376 2295 4439 de

648 4477 721 4559 ipsa
740 4476 835 4561 [vice]
858 4498 919 4541 nec
936 4477 1049 4557 aliubi,
1074 4480 1128 4562 qui
1145 4479 1188 4544 ad
1213 4481 1287 4563 ipsa
1304 4488 1420 4543 sancta
1436 4478 1614 4541 festivitate
1631 4476 1819 4548 adveniunt,
1845 4477 1934 4541 nulla
1950 4489 2071 4542 exacta
2091 4502 2150 4542 nec
2167 4489 2292 4543 contra·
2314 4494 2347 4540 to

650 4579 768 4643 rietate
798 4602 903 4664 neque
926 4603 985 4644 vos
1015 4604 1120 4666 neque
1148 4584 1293 4646 iuniores
1324 4605 1380 4646 seu
1410 4600 1618 4643 successores
1640 4581 1741 4643 vestri
1774 4582 1906 4664 exigere
1930 4602 1990 4644 nec
2015 4590 2170 4645 exactare
2194 4581 2296 4664 [nloln

638 4680 871 4766 'prlesumatis
900 4685 973 4764 nisi,
1003 4694 1038 4748 ut
1060 4684 1215 4766 diximus,
1245 4683 1400 4771 quicquid
1429 4681 1548 4747 exinde
1571 4683 1672 4746 fiscus
1699 4693 1812 4748 noster
1834 4684 1971 4750 forsitan
1996 4684 2039 4748 ad
2068 4696 2160 4770 parte
2185 4695 2297 4750 nostra

650 4809 708 4850 seu
725 4797 757 4851 et
779 4786 823 4851 ad
847 4809 958 4851 omnes
983 4799 1118 4872 agentes
1135 4799 1266 4853 nostros
1290 4798 1444 4873 potuerat
1460 4808 1603 4872 sperare,
1627 4788 1737 4850 omnia
1753 4795 1786 4850 et
1802 4810 1843 4850 ex
1864 4789 2015 4851 omnibus
2040 4790 2110 4873 ipse
2134 4788 2295 4853 telloneus

649 4891 693 4955 ad
724 4893 799 4977 ipsa
827 4892 983 4956 casadei
1012 4894 1044 4956 in
1073 4895 1235 4977 integrum
1265 4893 1307 4956 sit
1334 4911 1512 4955 concessus
1541 4898 1639 4973 atque
1667 4888 1812 4953 indultus
1835 4890 1885 4954 vel
1921 4891 2145 4970 evindecatus,
2181 4893 2227 4957 ita
2260 4903 2297 4956 ut

653 4994 794 5078 [futuris]
819 4995 1021 5082 temporibus
1045 5019 1104 5081 per
1126 5006 1239 5061 uestra
1258 4996 1455 5059 auctoritate
1471 4994 1522 5057 vel
1548 4995 1746 5057 anteriorum
1762 5013 1877 5076 regum
1900 4993 2044 5057 habeant
2066 4995 2295 5059 confirmatum
2315 5011 2348 5058 to

649 5098 700 5162 vel
725 5099 957 5178 evindicatum,
990 5101 1066 5183 quia
1089 5122 1149 5163 nos
1173 5109 1307 5183 propter
1327 5096 1425 5162 deum
1447 5107 1479 5160 et
1501 5096 1690 5159 reverencia
1713 5096 1830 5179 prefati
1854 5098 1958 5159 sancti
1975 5095 2117 5161 Dionisii
2141 5099 2295 5182 martyris

651 5223 708 5264 seu
731 5223 790 5286 pro
815 5204 944 5265 animae
968 5213 1101 5267 nostrae
1124 5202 1301 5267 remedium
1326 5201 1376 5264 vel
1400 5200 1580 5264 stabilitate
1603 5201 1694 5284 regni
1719 5200 1919 5263 Francorum
1945 5212 1977 5264 et
1999 5200 2075 5265 filiis
2099 5204 2220 5266 nostris
2244 5201 2293 5266 vel

651 5305 843 5388 posteritate
860 5327 970 5368 eorum
987 5305 1049 5369 hoc
1066 5306 1098 5370 in
1115 5305 1330 5369 luminaribus
1350 5305 1392 5369 ad
1416 5306 1490 5390 ipsa
1506 5325 1586 5367 casa
1603 5306 1707 5366 sancti
1728 5304 1865 5367 Dionisii
1882 5305 1933 5369 vel
1952 5304 1995 5369 ad
2010 5308 2100 5390 ipsos
2117 5305 2296 5370 monachos

652 5429 710 5471 scu
734 5429 894 5493 pauperes
915 5417 948 5472 et
964 5410 1154 5492 peregrinos
1177 5411 1210 5472 in
1234 5419 1346 5473 nostra
1368 5408 1568 5472 aelemosina
1591 5408 1653 5472 boc
1676 5410 1708 5471 in
1732 5408 1883 5472 omnibus
1906 5410 2127 5472 concessimus
2144 5410 2195 5473 vel
2219 5431 2295 5472 con·

650 5510 862 5584 firmavimus,
892 5520 928 5575 ut
955 5512 1001 5575 eis
1029 5511 1144 5575 melius
1168 5511 1308 5577 delectet
1337 5535 1395 5597 pro
1426 5510 1608 5576 stabilitate
1636 5513 1726 5595 regni
1753 5513 1856 5576 nostri
1883 5511 1934 5575 vel
1958 5533 2015 5597 pro
2039 5514 2167 5576 eunctis
2191 5513 2295 5577 leudis
2314 5531 2347 5576 tc

651 5615 771 5678 nostris
795 5614 916 5678 domini
942 5614 1166 5678 misericordia
1194 5616 1365 5680 adtencius
1383 5616 1560 5699 deprecare
1577 5624 1609 5678 et
1632 5625 1667 5678 ut
1682 5616 1774 5678 aevis
1799 5625 1831 5678 et
1853 5618 2004 5701 perennis
2028 5617 2230 5702 temporibus
2254 5617 2296 5680 ad

652 5719 725 5802 ipsa
747 5739 827 5781 casa
851 5717 902 5781 dei
933 5717 1083 5802 proficiat
1105 5719 1136 5781 in
1161 5730 1383 5804 augmentum.
1421 5719 1465 5782 Et
1492 5728 1529 5782 ut
1556 5716 1638 5782 haec
1661 5719 1869 5782 confirmacio
1893 5729 2006 5783 nostra
2042 5723 2189 5804 inspecto
2224 5721 2296 5804 ipsc

651 5821 773 5885 iudicio
798 5820 917 5884 domno
943 5819 1135 5885 Hildeberto
1159 5843 1235 5906 rege
1259 5821 1310 5886 vel
1335 5822 1472 5887 aliorum
1497 5843 1610 5906 regum
1635 5843 1693 5886 seu
1715 5832 1748 5886 et
1774 5823 1937 5887 avunculo
1966 5834 2078 5889 nostro
2104 5823 2296 5888 Grimoalrlo

753 6008 776 6060 t.
805 6008 831 6075 s)
849 6015 993 6060 nscusntes
1011 6009 1038 6061 A
1142 6010 1235 6130 [guerr
1253 6010 1394 6063 derselbea
1414 6009 1503 6063 Hurrd
1522 6025 1576 6062 aas
1594 6008 1837 6078 ursprr'taplicbem
1856 6011 1937 6078 longo
1956 6025 2027 6063 corr.
2149 6013 2177 6077 g)
2195 6011 2326 6108 Souna-r

806 6079 927 6143 chyldis?
947 6077 992 6131 die
1005 6075 1112 6143 Subrisi
1132 6094 1150 6129 α
1167 6078 1293 6147 uertebra
2315 6081 2348 6128 .ιο
