5642 7159
1041 762 1160 823 uultu
1185 765 1271 824 Dlllt
1293 765 1463 825 GROSSE
1488 759 1560 824 775.
2064 764 2123 827 143

489 953 634 1038 cipientes
669 953 753 1017 enirn
776 949 958 1026 iubemusl,
993 962 1030 1029 ut
1052 952 1161 1018 nullus
1197 952 1353 1039 quislibet
1387 953 1428 1017 de
1451 952 1545 1017 vobis
1581 975 1686 1039 neque
1718 954 1758 1021 de
1787 954 1974 1020 iunioribus
2002 956 2121 1019 vestris

485 1056 593 1120 amodo
618 1066 651 1120 et
673 1056 838 1140 deinceps,
867 1066 904 1121 ut
927 1056 1082 1140 diximus,
1117 1059 1149 1121 in
1174 1055 1260 1120 villis
1283 1056 1334 1121 vel
1359 1055 1508 1121 curtibus
1532 1079 1590 1122 seu
1614 1058 1815 1143 quibuslibet
1838 1060 1921 1125 locis
1946 1059 1998 1123 vel
2023 1059 2122 1124 rebus

482 1169 585 1239 sancte
608 1159 713 1244 Mariq
742 1160 826 1223 infra
855 1182 956 1245 regna
986 1160 1047 1224 deo
1076 1161 1216 1246 propitio
1247 1170 1360 1224 nostra
1389 1182 1485 1224 nemo
1516 1184 1557 1225 ex
1586 1161 1777 1227 iudiciaria⁸
1806 1172 1970 1249 potestate
1987 1162 2121 1227 'ibidem

478 1265 519 1329 ad
541 1286 661 1329 causas
692 1263 890 1329 audiendum
915 1286 975 1328 neo
1005 1264 1098 1329 freda
1121 1266 1267 1349 undique
1296 1264 1494 1349 exigendum
1520 1288 1576 1329 seu
1608 1268 1794 1331 mansiones
1823 1277 1881 1331 aut
1909 1277 2043 1353 paratas
2074 1269 2121 1331 fa·

421 1394 443 1439 5
475 1368 624 1433 ciendum
637 1390 743 1453 neque
759 1368 907 1433 homines
919 1369 1024 1453 ipsius
1041 1370 1230 1433 monasterii
1244 1368 1508 1454 distringendum
1525 1368 1613 1433 nullo
1628 1393 1771 1455 unquam
1786 1382 1932 1457 tempore
1949 1370 2121 1456 ingredere

469 1494 534 1538 nec
561 1469 735 1537 exactare‘
761 1474 891 1557 penitus
920 1475 1129 1558 presumatis,
1166 1474 1225 1537 sed
1248 1472 1308 1537 sub
1337 1473 1529 1537 emunitatis
1554 1474 1683 1539 nomine
1713 1496 1785 1539 cum
1811 1476 1898 1539 omni
1926 1475 2018 1539 fredo
2044 1496 2118 1539 con·

465 1598 567 1643 cesso
591 1576 723 1641 valeant
747 1578 997 1662 omnitempore
1021 1586 1167 1641 rectores
1183 1578 1288 1661 ipsius
1313 1578 1503 1641 monasterii
1520 1577 1735 1662 hominesque
1760 1599 1870 1642 eorum
1889 1579 1989 1663 quieti
2005 1579 2117 1642 vivere

463 1681 525 1747 vel
549 1680 703 1761 residere,
739 1681 893 1767 quatinus
916 1703 966 1761 ea,
997 1703 1059 1766 quq
1083 1703 1141 1765 pro
1165 1680 1316 1745 mercede
1341 1690 1454 1745 nostra
1477 1680 1683 1754 indulsimus,
1721 1683 1755 1744 in
1778 1681 1992 1747 luminaribus
2017 1684 2119 1767 ipsius

460 1784 611 1872 ecclesie
634 1784 687 1849 vel
704 1786 875 1869 stipendiis
898 1784 1133 1849 monachornm
1150 1784 1271 1850 ibidem
1289 1785 1523 1871 perpetualiter
1538 1786 1721 1871 proficiant.
1752 1786 1795 1850 Et
1813 1796 1848 1849 ut
1863 1785 1923 1870 hec
1939 1787 2119 1851 auctoritas

389 1918 427 1964 ιο
458 1890 596 1955 firmior
618 1888 780 1953 habeatur
803 1888 854 1952 vel
878 1911 938 1975 per
960 1897 1110 1973 tempora
1132 1889 1248 1953 melius
1272 1897 1494 1970 conservetur,
1530 1911 1630 1953 manu
1653 1889 1786 1974 propria
1814 1912 1884 1954 earn
1910 1890 2117 1956 decrevimus

457 1992 628 2059 roborare
651 1992 703 2056 vel
728 1991 768 2055 de
792 1991 890 2056 anulo
914 2003 1027 2057 nostro
1051 1993 1209 2058 iussimus
1234 1992 1389 2077 sigillare.

576 2147 713 2234 Signum
736 2148 852 2214 Karoli
875 2150 1081 2215 invictissimi
1106 2151 1205 2235 regis.

577 2287 785 2372 Guigbaldus
809 2289 960 2354 advicem
984 2289 1125 2354 Hitherii
1149 2291 1327 2373 recognovi
1350 2296 1383 2352 et
1407 2286 1587 2373 subscripsi
1596 2286 1611 2348 ¹.

575 2426 665 2491 Data
688 2445 740 2490 1111
764 2427 832 2492 kal.
856 2429 921 2492 iun.
945 2450 1031 2492 anno
1054 2444 1106 2493 vn
1137 2430 1318 2514 et1regni
1343 2428 1463 2509 nostri,
1508 2435 1621 2490 actum
1645 2425 1816 2511 Carisiago
1840 2428 1965 2513 palatio
1990 2439 2119 2512 nostro,

397 2545 422 2591 ro
451 2532 500 2594 in
534 2529 583 2594 dei
605 2532 735 2595 nomine
759 2529 931 2596 feliciterk.

1258 2823 1344 2899 100.

446 2980 568 3053 Karl
593 2986 656 3055 cler
686 2982 812 3055 Grosse
839 2982 996 3074 bestettipt
1022 2986 1099 3055 deni
1127 2983 1271 3056 Kloster
1297 2985 1341 3055 Η
1344 3008 1457 3056 onuu
1483 2988 1550 3057 den
1576 2986 1706 3057 Besita.

1700 3125 1830 3200 Quierey
1853 3125 1915 3183 775
1940 3121 2022 3181 Jeni
2045 3128 2074 3183 9.

579 3311 731 3385 Abselrrist
759 3314 810 3371 des
842 3315 891 3373 17.
915 3312 969 3372 Ji,
997 3312 1048 3371 des
1071 3313 1164 3371 Liber
1190 3313 1281 3371 aulae
1302 3314 1367 3374 ecel.
1391 3330 1415 3373 s.
1439 3313 1523 3371 Petri
1546 3318 1572 3371 et
1594 3330 1617 3372 s.
1642 3313 1798 3371 Michaelis
1825 3312 1947 3387 Arpent.
1971 3330 1999 3373 a.
2025 3317 2118 3384 1113,

393 3416 418 3463 ²⁰
578 3416 636 3478 CL.
662 3421 770 3479 17197
794 3416 817 3488 f.
843 3414 915 3477 100¹
938 3423 972 3475 it⁰
996 3420 1037 3475 10
1060 3419 1094 3475 in
1116 3416 1168 3475 der
1190 3417 1495 3475 Nationulbibiiotlielr
1516 3434 1557 3474 eu
1579 3417 1670 3475 Paris
1694 3416 1760 3495 (Ε).

575 3558 721 3616 Mobillon
744 3557 825 3619 Ana.
848 3561 879 3630 2,
904 3561 967 3618 698
990 3562 1024 3614 n⁰
1040 3558 1079 3616 15
1104 3573 1119 3614 e
1141 3560 1195 3614 eet.
1221 3555 1282 3614 eod.
1305 3573 1330 3615 s.
1347 3557 1431 3615 Petri
1459 3556 1569 3614 Veteris
1595 3554 1631 3632 (s.
1650 3555 1712 3634 XI)
1737 3554 1808 3638 (G,)
1833 3579 1873 3611 =
1897 3557 2015 3617 Eeeurd
2038 3556 2116 3631 Orip.

577 3660 684 3720 Habet.
712 3664 772 3720 104
796 3667 829 3720 πθ
850 3665 900 3722 10.
931 3695 973 3704 -
1003 3659 1144 3733 Lupuille
1171 3661 1251 3717 Hist.
1276 3657 1410 3717 d'Alsoce
1433 3654 1481 3728 2⁶,
1513 3662 1533 3717 8
1557 3675 1592 3717 ea
1614 3660 1693 3718 arca.
1717 3677 1740 3718 s.
1765 3660 1849 3719 Petri
1879 3659 1946 3721 Seis.
1972 3658 2054 3742 (6,).
2078 3694 2119 3703 —-

576 3763 724 3837 Seboptiin
747 3765 811 3825 Ais.
837 3765 910 3837 dipl.
935 3769 964 3836 1,
990 3769 1030 3825 49
1053 3770 1088 3823 n⁰
1103 3768 1142 3824 51
1168 3781 1182 3821 e
1205 3763 1267 3822 eod.
1290 3780 1314 3821 s.
1342 3762 1406 3821 XV
1425 3779 1447 3821 s.
1473 3764 1556 3821 Petri
1579 3762 1646 3822 Seri.
1673 3762 1744 3839 (Η).
1773 3797 1806 3807 -
1836 3764 2022 3823 Grandidier
2038 3766 2117 3825 Hist.

576 3868 609 3925 de
622 3868 806 3941 Strusbourp
827 3865 874 3939 2⁶,
900 3873 960 3929 121
984 3876 1019 3926 πθ
1033 3874 1074 3929 70
1098 3886 1134 3926 ee
1153 3869 1227 3927 libro
1248 3869 1365 3926 iuriam
1380 3885 1404 3928 s.
1423 3867 1505 3925 Petri
1521 3867 1588 3927 Sea.
1606 3884 1634 3927 a.
1653 3870 1736 3927 1655
1755 3890 1795 3922 =
1819 3870 1921 3941 Illique
1937 3869 2049 3930 Petrei.
2067 3874 2118 3938 97,

576 3975 637 4032 957
658 3979 693 4030 πθ
707 3975 758 4033 35.
786 4006 823 4015 -
849 3974 1044 4032 Methlbueber
1066 3974 1136 4046 Req.
1164 3976 1224 4032 189
1250 3970 1350 4050 (185).

579 4110 713 4184 Verfusst
734 4113 811 4170 naeu
832 4111 934 4173 Form.
959 4113 1103 4184 Murmeifi
1124 4113 1151 4184 1,
1175 4114 1226 4183 33,
1251 4111 1294 4171 11.
1323 4111 1360 4173 G.
1384 4113 1487 4173 Ferus.
1512 4115 1562 4173 63.

572 4298 716 4365 Karolus
740 4300 849 4386 gratia
871 4299 923 4365 dei
946 4324 1006 4366 rex
1030 4301 1236 4364 Francorum
1260 4308 1293 4363 et
1316 4297 1612 4382 Longobardorum
1645 4298 1796 4364 omnibus
1818 4298 1972 4365 fidelibus
1996 4302 2118 4365 nostris

455 4394 540 4467 tam
562 4403 793 4489 praesentibus
817 4425 915 4490 quam
939 4404 1071 4469 futuris.
1176 4404 1228 4468 A*
1249 4403 1361 4488 regale
1385 4404 1471 4467 enim
1490 4425 1627 4468 necesse
1651 4414 1702 4468 est
1724 4405 1910 4469 releventur
1932 4405 2117 4477 clementia,

458 4506 528 4578 qui
551 4507 765 4572 damnitatem
796 4508 886 4593 passi
918 4518 994 4573 sunt
1023 4531 1082 4593 per
1110 4503 1302 4572 incuriaml’.
1348 4507 1455 4592 Igitur
1482 4505 1682 4571 venerabilis
1710 4507 1760 4571 vir
1786 4507 1911 4571 Beatus
1942 4506 2048 4572 abbas
2076 4531 2117 4573 ex

387 4587 431 4644 ³⁰
457 4615 669 4677 monasterio
694 4611 868 4678 Scotorum
893 4614 981 4699 quod
1008 4623 1147 4678 vocatur
1169 4613 1377 4696 Honaugia⁰,
1402 4611 1490 4696 quod
1515 4612 1715 4677 Benedictus
1739 4613 1972 4697 episcopusin
1996 4612 2118 4677 honore

461 4718 575 4781 saneti
589 4714 787 4781 Michaelis‘¹
809 4739 895 4782 novo
912 4719 1100 4781 construxit
1116 4738 1224 4802 opere,
1249 4716 1306 4781 ubi
1323 4716 1416 4800 ipse⁸
1437 4716 1637 4781 venerabilis
1654 4726 1747 4803 pater
1770 4738 1908 4802 corpore
1931 4718 2116 4803 requiescit,

461 4808 661 4885 elementiae
685 4822 778 4904 regni
802 4819 928 4885 nostri‘
950 4821 1128 4906 suggessit,
1165 4841 1203 4884 eo
1229 4819 1317 4904 quod
1339 4820 1558 4883 instrumenta
1581 4819 1769 4884 chartarum
1800 4820 1903 4905 ipsius
1926 4820 2116 4885 monasterii

465 4930 547 4987 auto
568 4924 650 4988 hos⁸
673 4945 780 4988 annos
803 4946 861 5009 per
883 4924 1128 5009 negligentiam,
1165 4945 1224 5008 per
1248 4943 1331 5007 quos
1354 4922 1441 4986 infra
1463 4945 1565 5006 regna
1587 4924 1791 4987 Francorum
1816 4922 1946 4989 Christo
1978 4925 2117 5009 propitio

466 5012 576 5102 ipsum
599 5030 837 5093 monasterium
860 5027 986 5113 aliquid
1001 5025 1207 5112 possidebat,
1233 5036 1300 5090 tam
1318 5024 1397 5112 perh
1421 5036 1600 5112 praecepta
1623 5048 1736 5112 regum
1752 5049 1792 5091 ao
1816 5028 2002 5112 reginarum
2019 5049 2117 5112 quam

412 5114 447 5167 ³⁵
473 5127 671 5218 reliquorum
695 5134 791 5200 deum
814 5134 997 5197 timentium
1029 5131 1197 5196 hominum
1222 5130 1342 5195 ibidem
1372 5130 1529 5195 collatum
1554 5152 1594 5195 ao
1617 5132 1845 5195 confirmatum
1869 5132 1939 5214 fuit,
1975 5130 2119 5217 perdita¹

475 5222 697 5318 devenissent3
721 5246 754 5301 et
777 5234 920 5301 asserit¹¹
943 5260 978 5301 se
1001 5236 1071 5320 ipse
1095 5233 1201 5300 abbas
1218 5236 1310 5319 ipsas
1334 5257 1386 5299 res
1404 5234 1447 5298 ad
1471 5243 1598 5319 partem
1615 5236 1682 5298 iam
1706 5235 1783 5299 dieti
1800 5236 1990 5299 monasterii
2008 5236 2117 5321 quieto

479 5335 594 5421 ordine,
624 5342 710 5406 sicut
732 5350 831 5405 antea
853 5341 941 5419 feeit,
965 5339 1123 5404 moderno
1147 5349 1293 5425 tempore
1317 5338 1501 5423 possidere3
1538 5337 1596 5401 sed
1619 5360 1678 5424 pro
1703 5339 1866 5403 firmitatis
1891 5338 2000 5403 studio
2024 5340 2118 5425 petiit

565 5526 604 5580 aa
622 5528 651 5594 b)
670 5528 720 5580 der
738 5528 846 5581 Zusatz
864 5531 1043 5596 precipientes
1062 5532 1133 5580 enim
1151 5530 1275 5579 iubemus
1293 5525 1524 5580 wuhrscireinliet
1543 5526 1627 5579 sehon
1650 5527 1783 5579 Verselren
1802 5526 1850 5579 dea
1869 5526 2061 5595 Inpressisten
2080 5528 2119 5580 im

623 5596 675 5651 Ori
692 5597 769 5664 ina15
797 5597 933 5650 webressd
952 5598 990 5649 ini
1014 5598 1121 5650 atterere
1141 5596 1294 5649 Formutur
1319 5595 1381 5662 (opt.
1401 5606 1432 5646 »ιθ
1447 5598 1489 5659 67,
1509 5597 1556 5659 68)
1582 5611 1620 5648 arr
1639 5598 1815 5648 ordinandum
1834 5596 1894 5649 sicle
1913 5594 1963 5648 der
1982 5596 2049 5650 Sata
2067 5613 2116 5649 aa·

442 5638 466 5688 ⁴⁰
621 5681 650 5719 se
679 5665 749 5719 iesse
767 5668 837 5734 quod
855 5670 884 5717 in
908 5673 1066 5733 perpetuum
1080 5667 1205 5718 volumus
1223 5682 1282 5716 esse
1301 5681 1464 5726 mansurum,
1492 5663 1558 5732 [iipt
1578 5664 1630 5717 dus
1657 5681 1758 5718 neuere
1776 5664 1940 5732 Formular,
1966 5666 2039 5719 nach
2058 5666 2119 5719 dem

621 5734 697 5788 diere
718 5734 852 5790 Uritunde
869 5736 1045 5804 praetumebat
1063 5737 1110 5798 iat,
1130 5752 1168 5787 aa
1187 5736 1362 5785 ordinandum
1380 5732 1565 5785 ureneittelbar
1584 5733 1628 5785 die
1641 5734 1927 5800 Inrmuuititssormel
1945 5750 1992 5795 an,
2010 5747 2043 5787 nv
2057 5739 2118 5797 117,

620 5806 753 5869 157,163
856 5807 876 5871 i)
894 5807 944 5855 sub
962 5808 1013 5857 mit
1030 5804 1274 5872 Kiraunpsstrieb
1378 5804 1407 5866 k)
1426 5818 1471 5853 arn
1491 5802 1578 5855 liund
1597 5802 1817 5857 Medeilloabild
1837 5804 1889 5857 soie
1907 5804 2046 5857 11111098.

551 5920 602 5977 ltu.
621 5924 647 5989 a)
663 5924 734 5991 [etit
754 5924 780 5979 G
906 5928 935 5991 b)
952 5929 1078 5978 iniuriam
1096 5925 1129 5978 H
1243 5923 1268 5991 o)
1288 5925 1416 5989 Honogia
1434 5922 1469 5986 E,
1488 5924 1548 5974 Ono
1568 5925 1594 5973 ia
1612 5922 1645 5973 H
1756 5925 1784 5989 d)
1801 5925 1961 5975 Michahelis
1983 5924 2016 5976 H
2055 5902 2057 5905 ι

451 6035 474 6082 ,5
619 5995 649 6127 ἰ)
662 6010 733 6114 pqae0
744 5960 818 6116 qil}
892 5996 1017 6061 Orostri
1035 5998 1112 6062 regni
1132 5994 1166 6047 11
1265 5994 1294 6058 g)
1311 5999 1365 6044 tres
1383 5992 1414 6044 Ε
1500 5994 1528 6058 b)
1545 5940 1614 6055 labit
1634 5991 1701 6060 EG,
1808 5994 1828 6059 i)
1847 5995 1983 6059 praedicta
2002 5993 2032 6046 E

668 6081 684 6114 a
703 6080 716 6113 s
734 6081 757 6114 rr
