5642 7159
674 769 738 832 sus
906 745 909 750 ’
1273 769 1710 830 narsaeusruronu.

674 968 820 1025 moratas
835 957 916 1021 fines
933 954 985 1020 vel
1001 953 1107 1039 infra>
1125 955 1393 1037 consistentibus,
1419 957 1529 1020 omnia
1545 978 1629 1042 quae
1645 978 1666 1020 a
1681 956 1814 1042 publico
1835 957 2063 1041 exigebantur,
2088 981 2146 1042 pro
2164 957 2328 1023 mercedis

674 1070 808 1126 nostrae
831 1068 1041 1144 augmentum
1070 1060 1103 1122 in
1126 1059 1202 1145 ipsa
1222 1057 1365 1124 ecclesia
1389 1068 1576 1125 sanctorum
1604 1060 1827 1145 predictorum
1851 1061 2033 1127 concedere
2060 1064 2122 1132 visi
2146 1070 2328 1128 essemus⁸.

675 1165 773 1248 Quod
796 1185 857 1229 nos
879 1173 1013 1251 propter
1034 1184 1154 1228 nomen
1177 1163 1301 1228 domini
1318 1172 1351 1228 et
1372 1165 1590 1229 reverentiam
1607 1166 1709 1251 ipsius
1735 1167 1840 1229 sancti
1864 1165 1928 1230 loci
1952 1165 1996 1230 ad
2018 1167 2125 1252 ipsam
2149 1166 2328 1232 ecclesiam

674 1269 855 1336 secundum
879 1269 1000 1354 prelati
1024 1268 1173 1353 episcopi
1196 1268 1399 1353 petitionem,
1425 1269 1510 1334 sicut
1533 1289 1554 1332 a
1576 1267 1708 1355 publico
1733 1279 1870 1335 actenus
1893 1269 2123 1354 exigebantur,
2148 1272 2195 1334 sic
2217 1292 2329 1356 prom-

673 1374 805 1440 tissima
828 1373 1003 1438 devotione
1025 1395 1099 1437 eum
1124 1373 1213 1436 omni
1236 1373 1425 1456 integritate
1453 1372 1636 1458 predictam
1659 1373 1863 1440 iuditiariam
1891 1374 1944 1440 vel
1969 1396 2064 1439 omne
2093 1374 2259 1439 teloneum
2284 1374 2327 1439 de
2352 1389 2370 1438 5

674 1478 864 1564 supradicta
880 1486 973 1543 curte
989 1475 1139 1541 (lusiano
1155 1475 1207 1540 vel
1223 1476 1293 1540 eius
1311 1475 1508 1541 adiacentiis
1534 1477 1611 1562 <per
1626 1478 1687 1543 has
1704 1478 1934 1544 denominatas
1957 1479 2039 1544 fines
2055 1487 2089 1543 et
2104 1480 2327 1565 quoerentias,

674 1584 708 1649 id
731 1593 846 1649 estex
869 1603 934 1647 uno
959 1582 1062 1648 latere
1085 1581 1126 1647 de
1149 1603 1278 1646 summa
1301 1590 1403 1664 costa,
1438 1580 1493 1645 ubi
1518 1581 1676 1647 dividitur
1698 1583 1784 1649 inter
1805 1583 2006 1648 monasterio
2030 1582 2125 1648 Tolle
2155 1592 2188 1648 et
2210 1592 2328 1648 sancte

673 1687 812 1771 ecclesie
829 1686 1029 1770 Placentina,
1053 1683 1273 1750 descendente
1296 1707 1400 1771 usque
1424 1685 1458 1750 in
1480 1687 1552 1750 rivo
1577 1683 1687 1770 Garli3
1712 1686 1846 1752 derivo
1871 1685 1965 1751 Garli
1988 1696 2197 1772 percurrente
2220 1707 2327 1772 usque

673 1792 706 1855 in
728 1790 828 1854 fluvio
846 1788 955 1864 Cario,
978 1789 1055 1856 inde
1077 1811 1155 1854 vero
1178 1811 1237 1874 per
1258 1788 1362 1874 ipsius
1384 1789 1476 1853 fluvii
1492 1789 1621 1855 alveum
1646 1790 1865 1856 descendente
1889 1812 1993 1877 nsque
2016 1792 2050 1854 in
2072 1791 2182 1876 capite
2206 1789 2327 1856 subtus

674 1905 768 1960 costa
790 1896 1022 1975 Maurenasca,
1058 1891 1397 1959 deindeascendente
1421 1895 1582 1979 usquein
1606 1916 1733 1959 summa
1761 1904 1855 1961 costa
1878 1897 1982 1982 ipsius
2005 1895 2231 1978 Maurenasce,
2267 1897 2323 1981 qui
2354 1912 2388 1960 so

674 1999 832 2064 dividitur
854 2000 1069 2083 interipsum
1093 2006 1126 2062 et
1148 1995 1341 2079 Saderiano,
1364 1996 1442 2062 inde
1465 2018 1596 2083 quoque
1619 2008 1830 2082 percurrente
1854 1999 2014 2084 usquein
2039 1998 2072 2063 la
2094 1998 2250 2084 Uegiola3
2280 2021 2324 2064 ex

674 2103 741 2169 alia
764 2124 841 2168 vero
865 2111 958 2189 parte
981 2102 1022 2167 de
1045 2101 1077 2166 la
1092 2100 1233 2184 Uegiola
1254 2122 1359 2185 usque
1375 2098 1579 2182 Castellioni,
1603 2100 1644 2166 de
1667 2100 1859 2168 Castellioni
1882 2125 1988 2189 usquc
2011 2104 2044 2168 in
2069 2125 2197 2168 summa
2219 2125 2322 2185 serra,

673 2207 714 2273 de
739 2229 867 2273 summa
890 2228 981 2272 serra
1003 2227 1107 2291 usque
1130 2204 1294 2286 Fabricio,
1318 2203 1395 2269 inde
1418 2206 1505 2270 enim
1528 2228 1633 2292 usque
1656 2207 1700 2271 ad
1723 2205 1906 2291 predictam
1929 2214 2065 2288 costam,
2089 2207 2144 2291 qui
2164 2205 2325 2271 dividitur

672 2314 757 2377 inter
780 2312 876 2377 Tolla
898 2311 1097 2377 monasterio
1121 2318 1154 2375 et
1176 2309 1324 2396 predicte
1347 2308 1487 2374 ecclesie
1509 2309 1730 2394 Placentina)
1758 2311 1819 2375 visi
1843 2331 1956 2376 sumus
1980 2312 2194 2376 concessisse.
2234 2310 2322 2392 Qua-

672 2426 808 2504 propter
830 2438 888 2502 per
902 2423 1088 2502 presentem
1104 2415 1334 2478 auctoritatem
1350 2422 1498 2478 nostram
1516 2413 1733 2498 decernimus,
1757 2415 1846 2501 quod
1861 2436 1922 2480 nos
1945 2416 1978 2479 in
1995 2414 2047 2480 dei
2062 2415 2193 2479 nomine
2209 2436 2325 2501 perpe·
2352 2433 2387 2480 15

672 2521 806 2586 tualiter
833 2520 896 2585 bac
918 2527 1033 2584 nostra
1061 2518 1276 2584 concessione
1306 2514 1517 2582 mansurum‘
1537 2540 1610 2584 esse
1638 2519 1801 2603 volumus,
1835 2527 1872 2584 ut
1898 2521 2007 2606 ipsam
2035 2519 2240 2584 iudiciariam
2270 2518 2324 2584 vel

672 2625 839 2690 toloneum
869 2633 905 2689 ut
934 2645 1034 2709 supra
1062 2646 1104 2687 ex
1127 2622 1254 2706 integro
1290 2623 1365 2707 <per
1395 2623 1641 2708 suprascriptas
1670 2624 1752 2689 fines
1779 2633 1812 2689 et
1838 2623 1941 2705 infra>
1973 2634 2041 2688 tam
2070 2625 2142 2710 ipse
2171 2624 2325 2709 pontifex

674 2751 772 2815 quarn
789 2749 996 2794 successores
1013 2727 1084 2791 suis
1105 2725 1260 2809 habeant,
1283 2734 1417 2791 teneant
1432 2735 1466 2790 et
1481 2727 1674 2811 possideant
1690 2727 1741 2792 vel
1765 2727 1921 2814 quicquid
1937 2726 2056 2792 exinde
2079 2727 2122 2792 ad
2140 2728 2323 2813 profectum

672 2833 833 2899 ecclesiae
857 2854 915 2918 sue
938 2832 1047 2897 facere
1069 2831 1242 2913 voluerint,
1277 2853 1321 2896 ex
1344 2831 1506 2917 permisso
1529 2841 1642 2896 nostro
1670 2830 1808 2896 liberam
1831 2832 1865 2896 in
1889 2831 2042 2897 omnibus
2064 2830 2210 2897 habeant
2232 2841 2324 2918 pote-

675 2947 804 3021 statem,
828 2939 875 3001 ita
898 2946 935 3001 ut
957 2936 1113 3022 deinceps
1135 2935 1246 3001 nullus
1269 2935 1339 3000 dux
1362 2934 1537 3020 gastaldus
1560 2935 1612 3000 vel
1635 2937 1837 3001 actionarius
1861 2958 1921 3001 nec
1945 2935 2083 3023 quilibet
2098 2959 2141 3001 ex
2162 2939 2324 3002 ministris
2348 2955 2385 3003 20

672 3044 719 3108 rei
748 3041 881 3128 publice
904 3041 945 3106 de
974 3040 1153 3106 iamdicta
1181 3039 1355 3106 iudiciaria
1377 3039 1506 3125 aliquid
1531 3061 1721 3126 presumere
1743 3040 1797 3104 vel
1827 3039 1867 3106 de
1890 3042 1962 3126 ipso
1993 3041 2122 3106 teloneo
2147 3042 2324 3128 quicquam

674 3148 864 3232 contingere
887 3145 1042 3228 audeant,
1067 3144 1124 3210 sed
1147 3168 1207 3231 per
1229 3143 1315 3210 hanc
1330 3153 1480 3208 nostram
1503 3145 1734 3210 auctoritatem
1759 3144 1819 3209 sub
1836 3146 2028 3211 emunitatis
2050 3146 2181 3211 nomine
2199 3148 2323 3212 nostris

674 3250 735 3315 deo
767 3250 951 3316 auxiliante
980 3249 1184 3335 temporibus
1220 3258 1253 3314 et
1282 3249 1400 3314 futuris
1435 3258 1635 3314 memoratus
1664 3250 1715 3313 vir
1745 3248 1942 3314 venerabilis
1972 3249 2120 3315 Iulianus
2147 3252 2324 3338 episcopus

674 3356 789 3441 suique
811 3356 845 3419 in
876 3362 1069 3441 perpetuum
1094 3355 1148 3439 qui
1179 3353 1301 3418 luerint
1322 3363 1469 3420 rectores
1492 3356 1526 3418 in
1555 3355 1628 3440 ipsa
1653 3363 1768 3419 sancta
1799 3353 1949 3436 ecclesia,
1984 3364 2021 3419 ut
2044 3377 2143 3441 supra
2166 3355 2322 3437 diximus,

673 3459 808 3525 valeant
830 3461 940 3545 quieto
963 3459 1095 3523 tramite
1118 3467 1229 3523 tenere
1245 3466 1278 3523 et
1299 3456 1471 3542 possidere
1487 3467 1521 3522 et
1542 3479 1601 3544 pro
1617 3457 1715 3523 nobis
1738 3480 1777 3522 ac
1798 3457 2049 3544 <superstitcsl>
2076 3459 2180 3524 nostri
2201 3460 2326 3526 domini
2352 3477 2387 3527 05

673 3562 932 3629 misericordiam
956 3563 1076 3647 iugiter
1098 3583 1246 3627 exorare.
1274 3563 1319 3627 Et
1341 3571 1378 3626 ut
1399 3584 1536 3648 presens
1559 3564 1742 3628 auctoritas
1765 3572 1833 3628 tam
1848 3563 2056 3649 presentibus
2081 3585 2179 3649 quam
2202 3565 2323 3628 futuris

672 3667 875 3753 temporibus
898 3665 1134 3732 inviolabiliter
1156 3666 1288 3732 domino
1313 3666 1491 3732 adiuvante
1513 3676 1713 3754 permaneat,
1748 3666 1902 3733 manibus
1925 3669 2046 3732 nostris
2071 3666 2323 3733 subscribendoi

673 3770 829 3836 roborare
853 3769 1056 3835 decrevimus
1081 3778 1113 3835 et
1136 3769 1177 3834 de
1200 3770 1299 3835 anulo
1322 3769 1447 3836 nostro
1462 3770 1609 3856 sigillare
1632 3773 1799 3838 iussimus.

775 3907 789 3992 Ξ
812 3906 949 3994 Signum
972 3913 1038 3987 (M.)
1063 3908 1174 3973 domni
1196 3909 1313 3975 Karoli
1335 3911 1478 3996 piissimi
1501 3911 1719 3998 imperatoris.
1743 3909 1757 3991 Ξ

778 4033 835 4107 (O.)
857 4027 872 4112 Ξ
893 4028 1065 4094 Altfredus
1089 4029 1236 4095 advicem
1260 4031 1464 4097 Ercanbaldi
1489 4035 1607 4119 scripsi
1631 4045 1665 4100 05
1685 4035 1699 4122 ’ᾖ
1723 4037 1788 4111 (SR.
1812 4034 1900 4114 NT.).
1925 4037 1981 4110 (SI.
2006 4037 2055 4111 D.)
2346 4053 2382 4101 30

773 4150 865 4216 Data
881 4169 930 4214 vu
952 4150 1021 4216 kal.
1037 4152 1103 4215 iun.
1127 4172 1213 4215 anno
1239 4170 1301 4215 vni
1324 4150 1456 4218 Christo
1481 4156 1622 4240 propitio
1647 4155 1775 4240 imperii
1797 4155 1901 4219 nostri
1925 4163 1957 4219 et
1976 4172 2022 4217 xn
2044 4155 2136 4239 regni
2160 4157 2262 4219 nostri
2287 4157 2322 4220 in

671 4256 814 4320 Francia
836 4264 936 4340 atquc
959 4272 1089 4318 xxxnu
1111 4255 1144 4318 in
1167 4253 1277 4338 Italia,
1300 4256 1480 4321 indictione
1496 4258 1528 4340 13
1553 4267 1663 4323 actum
1683 4259 1884 4345 Aquisgrani
1909 4257 2033 4344 palatio
2058 4267 2188 4341 nostr03
2211 4260 2244 4322 in
2269 4259 2323 4324 dei

672 4360 803 4424 nomine
827 4358 981 4443 felicite[r
1002 4357 1109 4442 amen]
1122 4357 1146 4422 l.

1458 4603 1545 4679 208.

671 4761 767 4831 Korl
785 4762 848 4831 der
873 4760 1001 4832 Grosse
1020 4761 1177 4853 besldtipt
1199 4763 1268 4852 <M
1269 4762 1449 4854 osfred>
1470 4787 1535 4835 uus
1555 4768 1618 4836 der
1637 4765 1739 4838 Studt
1760 4767 1901 4858 Reppio,
1930 4769 2064 4839 derata
2090 4765 2204 4838 Geisol
2232 4767 2322 4838 0000
2345 4789 2382 4837 35

670 4882 848 4955 Francicus
871 4884 1034 4976 00000005
1059 4887 1199 4957 worden
1225 4909 1311 4970 war,
1340 4887 1414 4958 scis
1441 4888 1568 4958 ruieder
1594 4888 1902 4980 00055015000000003
1929 4889 2078 4980 13010005.

1901 5028 2023 5087 Aeolon
2046 5030 2109 5088 808
2132 5026 2202 5087 Jula'
2225 5031 2276 5087 17.

775 5181 913 5255 Oripiaol
934 5185 977 5241 im
1000 5181 1205 5243 Stuutsarcbio
1226 5202 1266 5242 00
1289 5183 1421 5242 Modesto
1444 5181 1509 5262 (A).

773 5306 925 5364 llaratori
948 5305 1018 5365 Ant.
1043 5306 1163 5377 15053,
1188 5310 1247 5366 781
1274 5323 1330 5365 aas
1352 5306 1380 5363 A
1405 5327 1446 5359 =
1471 5303 1598 5383 (Tocols')
1623 5305 1805 5380 compasso
1828 5306 1901 5364 delle
1923 5305 2124 5365 diromasioai
2146 5311 2175 5376 3,
2201 5309 2253 5386 78,
2278 5329 2320 5362 =

772 5409 936 5468 Heumann
960 5408 1070 5470 Oomm.
1096 5411 1131 5469 de
1152 5429 1186 5470 re
1208 5410 1280 5484 capt.
1306 5411 1522 5483 imperatorum
1545 5415 1575 5482 1,
1600 5414 1663 5472 166
1685 5410 1917 5483 unootlstdudiq,
1949 5433 1987 5462 =
2011 5409 2113 5483 Misus
2135 5409 2248 5468 Putrol.
2266 5415 2319 5482 97,
2344 5427 2382 5476 so

772 5518 859 5574 1037
879 5517 978 5574 u⁰25.
1003 5547 1046 5558 —
1071 5515 1620 5576 Το000001οΜ00.00011500οη00
1643 5511 1690 5585 1⁶,
1715 5520 1753 5575 11
1778 5519 1846 5575 u⁰9
1870 5532 1926 5573 aas
1949 5514 1987 5574 A.
2012 5547 2052 5559 -
2077 5515 2165 5574 Fors.
2183 5507 2321 5586 Diplomi

772 5620 842 5692 imp.
860 5636 875 5676 0
897 5618 973 5677 reoli
994 5622 1015 5678 5.
1031 5621 1054 5679 2
1068 5620 1124 5677 mit
1142 5619 1348 5678 Tectobdrucls
1370 5622 1403 5677 in
1418 5619 1538 5678 Notiaie
1561 5636 1575 5676 0
1597 5623 1702 5677 trascr.
1720 5623 1749 5677 4.
1774 5651 1815 5662 -
1839 5619 2032 5677 010100000ον
2045 5618 2119 5692 Ray.
2136 5621 2201 5678 437
2217 5615 2318 5696 (429).

775 5759 862 5819 Gaas
883 5777 939 5819 oon
962 5759 1059 5819 Blado
1079 5759 1275 5833 qescbriebcn,
1300 5759 1352 5816 der
1373 5760 1457 5818 obera
1480 5757 1560 5816 550100
1583 5757 1699 5816 Balteo
1722 5758 1774 5816 dor
1795 5758 1896 5816 Rarus
1918 5758 1961 5814 im
1977 5757 2185 5830 Muccuromm
2208 5756 2317 5818 radirt.

743 5927 802 5984 2⁰7.
822 5930 848 5996 0)
866 5928 1096 5982 wobrscheiulicb
1114 5945 1171 5982 saur
1189 5928 1311 5981 verlescn
1329 5928 1380 5994 {atr
1398 5929 1554 5981 deberemus
1624 5929 1800 5994 sseoncessio
1819 5944 1970 5980 mansuram
1989 5927 2017 5980 A
2096 5928 2123 5994 g)
2142 5944 2203 5979 suos
2221 5928 2249 5980 A

821 6000 850 6067 h)
867 5999 920 6052 scol
930 6014 988 6050 aar
1006 5997 1135 6051 cerderbt
1148 6013 1202 6051 aas
1221 5999 1369 6049 stabilitate
1381 6002 1459 6066 regni
1528 6000 1549 6065 i)
1567 5997 1798 6051 soobrsclaeiuls'cls
1815 6013 1872 6050 0ον
1888 5996 2011 6050 vcrlcssn
2029 6012 2082 6048 000
2102 6013 2196 6048 manns
2209 6003 2319 6049 nostrae
2343 5999 2379 6048 45

821 6070 1064 6136 subscriptionibus
1082 6067 1134 6136 opi.
1153 6079 1186 6120 rs⁰
1201 6070 1243 6130 57,
1262 6071 1376 6120 59-61.
