<?xml version="1.0" encoding="UTF-8"?>
<!DOCTYPE html PUBLIC "-//W3C//DTD XHTML 1.0 Transitional//EN"
    "http://www.w3.org/TR/xhtml1/DTD/xhtml1-transitional.dtd">
<html xmlns="http://www.w3.org/1999/xhtml" xml:lang="en" lang="en">
 <head>
  <title>
</title>
<meta http-equiv="Content-Type" content="text/html;charset=utf-8" />
  <meta name='ocr-system' content='tesseract 3.04.00' />
  <meta name='ocr-capabilities' content='ocr_page ocr_carea ocr_par ocr_line ocrx_word'/>
</head>
<body>
  <div class='ocr_page' id='page_1' title='image "./monumentagerman01goog/monumentagerman01goog_0285.png"; bbox 0 0 5642 7159; ppageno 0'>
   <div class='ocr_carea' id='block_1_1' title="bbox 647 749 1688 816">
    <p class='ocr_par' dir='ltr' id='par_1_1' title="bbox 647 749 1688 816">
     <span class='ocr_line' id='line_1_1' title="bbox 647 749 1688 816; baseline 0 -2"><span class='ocrx_word' id='word_1_1' title='bbox 647 749 712 814; x_wconf 72' lang='lat'><strong>272</strong></span> <span class='ocrx_word' id='word_1_2' title='bbox 1254 754 1688 816; x_wconf 74' lang='lat' dir='ltr'>KAISERURKUNDEN.</span> 
     </span>
    </p>
   </div>
   <div class='ocr_carea' id='block_1_2' title="bbox 647 939 2305 1234">
    <p class='ocr_par' dir='ltr' id='par_1_2' title="bbox 647 939 2305 1234">
     <span class='ocr_line' id='line_1_2' title="bbox 749 939 2305 1029; baseline 0.001 -24"><span class='ocrx_word' id='word_1_3' title='bbox 749 940 840 1005; x_wconf 90' lang='lat' dir='ltr'><strong>Data</strong></span> <span class='ocrx_word' id='word_1_4' title='bbox 863 941 975 1026; x_wconf 90' lang='lat' dir='ltr'><strong>quinto</strong></span> <span class='ocrx_word' id='word_1_5' title='bbox 999 940 1128 1006; x_wconf 93' lang='lat' dir='ltr'><strong>decimo</strong></span> <span class='ocrx_word' id='word_1_6' title='bbox 1151 939 1219 1007; x_wconf 87' lang='lat' dir='ltr'><strong>kal.</strong></span> <span class='ocrx_word' id='word_1_7' title='bbox 1237 940 1422 1007; x_wconf 81' lang='lat' dir='ltr'><strong>decembris</strong></span> <span class='ocrx_word' id='word_1_8' title='bbox 1444 963 1531 1007; x_wconf 90' lang='lat' dir='ltr'><strong>anno</strong></span> <span class='ocrx_word' id='word_1_9' title='bbox 1555 943 1652 1008; x_wconf 87' lang='lat' dir='ltr'><strong>tertio</strong></span> <span class='ocrx_word' id='word_1_10' title='bbox 1670 939 1802 1007; x_wconf 81' lang='lat' dir='ltr'><strong>Christo</strong></span> <span class='ocrx_word' id='word_1_11' title='bbox 1827 940 1972 1028; x_wconf 90' lang='lat' dir='ltr'><strong>propicio</strong></span> <span class='ocrx_word' id='word_1_12' title='bbox 1995 943 2123 1029; x_wconf 92' lang='lat' dir='ltr'><strong>imperii</strong></span> <span class='ocrx_word' id='word_1_13' title='bbox 2146 945 2251 1007; x_wconf 89' lang='lat' dir='ltr'><strong>nostri</strong></span> <span class='ocrx_word' id='word_1_14' title='bbox 2269 951 2305 1006; x_wconf 89' lang='lat' dir='ltr'><strong>et</strong></span> 
     </span>
     <span class='ocr_line' id='line_1_3' title="bbox 647 1043 2305 1132; baseline 0.001 -23"><span class='ocrx_word' id='word_1_15' title='bbox 647 1043 812 1109; x_wconf 89' lang='lat' dir='ltr'><strong>tricesimo</strong></span> <span class='ocrx_word' id='word_1_16' title='bbox 836 1052 931 1110; x_wconf 85' lang='lat' dir='ltr'><strong>sexto</strong></span> <span class='ocrx_word' id='word_1_17' title='bbox 962 1046 1054 1131; x_wconf 88' lang='lat' dir='ltr'><strong>regni</strong></span> <span class='ocrx_word' id='word_1_18' title='bbox 1078 1047 1182 1110; x_wconf 91' lang='lat' dir='ltr'><strong>nostri</strong></span> <span class='ocrx_word' id='word_1_19' title='bbox 1211 1047 1245 1111; x_wconf 92' lang='lat' dir='ltr'><strong>in</strong></span> <span class='ocrx_word' id='word_1_20' title='bbox 1267 1048 1420 1120; x_wconf 86' lang='lat' dir='ltr'><strong>Francia,</strong></span> <span class='ocrx_word' id='word_1_21' title='bbox 1455 1047 1634 1112; x_wconf 80' lang='lat' dir='ltr'><strong>indictione</strong></span> <span class='ocrx_word' id='word_1_22' title='bbox 1662 1043 1877 1128; x_wconf 39' lang='lat' dir='ltr'><strong>undecima&amp;</strong></span> <span class='ocrx_word' id='word_1_23' title='bbox 1922 1055 2032 1111; x_wconf 91' lang='lat' dir='ltr'><strong>actum</strong></span> <span class='ocrx_word' id='word_1_24' title='bbox 2055 1043 2305 1132; x_wconf 88' lang='lat' dir='ltr'><strong>Reguntiburg¹</strong></span> 
     </span>
     <span class='ocr_line' id='line_1_4' title="bbox 648 1146 1523 1234; baseline 0.002 -22"><span class='ocrx_word' id='word_1_25' title='bbox 648 1147 772 1234; x_wconf 90' lang='lat' dir='ltr'><strong>palatio</strong></span> <span class='ocrx_word' id='word_1_26' title='bbox 795 1146 946 1233; x_wconf 85' lang='lat' dir='ltr'><strong>publico;</strong></span> <span class='ocrx_word' id='word_1_27' title='bbox 969 1149 1002 1215; x_wconf 93' lang='lat' dir='ltr'><strong>in</strong></span> <span class='ocrx_word' id='word_1_28' title='bbox 1026 1148 1078 1215; x_wconf 91' lang='lat' dir='ltr'><strong>dei</strong></span> <span class='ocrx_word' id='word_1_29' title='bbox 1101 1151 1232 1217; x_wconf 91' lang='lat' dir='ltr'><strong>nomine</strong></span> <span class='ocrx_word' id='word_1_30' title='bbox 1255 1151 1395 1217; x_wconf 83' lang='lat' dir='ltr'><strong>feliciter</strong></span> <span class='ocrx_word' id='word_1_31' title='bbox 1418 1173 1523 1217; x_wconf 88' lang='lat' dir='ltr'><strong>amen.</strong></span> 
     </span>
    </p>
   </div>
   <div class='ocr_carea' id='block_1_3' title="bbox 1433 1413 1520 1488">
    <p class='ocr_par' dir='ltr' id='par_1_3' title="bbox 1433 1413 1520 1488">
     <span class='ocr_line' id='line_1_5' title="bbox 1433 1413 1520 1488; baseline 0 0"><span class='ocrx_word' id='word_1_32' title='bbox 1433 1413 1520 1488; x_wconf 76' lang='lat'><strong>203.</strong></span> 
     </span>
    </p>
   </div>
   <div class='ocr_carea' id='block_1_4' title="bbox 646 1569 2345 1908">
    <p class='ocr_par' dir='ltr' id='par_1_4' title="bbox 646 1527 2345 1908">
     <span class='ocr_line' id='line_1_6' title="bbox 646 1569 2345 1646; baseline 0.001 -7"><span class='ocrx_word' id='word_1_33' title='bbox 646 1569 742 1640; x_wconf 78' lang='lat' dir='ltr'><strong>Kcrl</strong></span> <span class='ocrx_word' id='word_1_34' title='bbox 768 1571 832 1641; x_wconf 81' lang='lat' dir='ltr'><strong>der</strong></span> <span class='ocrx_word' id='word_1_35' title='bbox 856 1569 984 1644; x_wconf 77' lang='lat' dir='ltr'><strong>Groase</strong></span> <span class='ocrx_word' id='word_1_36' title='bbox 1009 1572 1148 1643; x_wconf 78' lang='lat' dir='ltr'><strong>scloeutt</strong></span> <span class='ocrx_word' id='word_1_37' title='bbox 1167 1575 1245 1645; x_wconf 85' lang='lat' dir='ltr'><strong>dem</strong></span> <span class='ocrx_word' id='word_1_38' title='bbox 1272 1573 1417 1646; x_wconf 80' lang='lat' dir='ltr'><strong>Klostcr·</strong></span> <span class='ocrx_word' id='word_1_39' title='bbox 1442 1573 1576 1645; x_wconf 80' lang='lat' dir='ltr'><strong>Prum</strong></span> <span class='ocrx_word' id='word_1_40' title='bbox 1603 1574 1704 1644; x_wconf 74' lang='lat' dir='ltr'><strong>elaea</strong></span> <span class='ocrx_word' id='word_1_41' title='bbox 1730 1572 1886 1644; x_wconf 78' lang='lat' dir='ltr'><strong>Mausos</strong></span> <span class='ocrx_word' id='word_1_42' title='bbox 1910 1574 1950 1644; x_wconf 80' lang='lat' dir='ltr'><strong>iu</strong></span> <span class='ocrx_word' id='word_1_43' title='bbox 1976 1574 2040 1644; x_wconf 79' lang='lat' dir='ltr'><strong>der</strong></span> <span class='ocrx_word' id='word_1_44' title='bbox 2073 1571 2167 1642; x_wconf 79' lang='lat' dir='ltr'><strong>Villo</strong></span> <span class='ocrx_word' id='word_1_45' title='bbox 2202 1571 2345 1644; x_wconf 67' lang='lat' dir='ltr'><strong>Wole</strong></span> 
     </span>
     <span class='ocr_line' id='line_1_7' title="bbox 647 1691 2304 1783; baseline 0.002 -23"><span class='ocrx_word' id='word_1_46' title='bbox 647 1691 829 1779; x_wconf 78' lang='lat' dir='ltr'><strong>mersdcrf</strong></span> <span class='ocrx_word' id='word_1_47' title='bbox 841 1698 969 1763; x_wconf 84' lang='lat' dir='ltr'><strong>aommt</strong></span> <span class='ocrx_word' id='word_1_48' title='bbox 988 1695 1052 1765; x_wconf 87' lang='lat' dir='ltr'><strong>der</strong></span> <span class='ocrx_word' id='word_1_49' title='bbox 1072 1693 1198 1780; x_wconf 81' lang='lat' dir='ltr'><strong>Basse,</strong></span> <span class='ocrx_word' id='word_1_50' title='bbox 1226 1695 1264 1765; x_wconf 81' lang='lat' dir='ltr'><strong>io</strong></span> <span class='ocrx_word' id='word_1_51' title='bbox 1286 1695 1343 1767; x_wconf 78' lang='lat' dir='ltr'><strong>die</strong></span> <span class='ocrx_word' id='word_1_52' title='bbox 1363 1693 1434 1766; x_wconf 72' lang='lat' dir='ltr'><strong>Aba</strong></span> <span class='ocrx_word' id='word_1_53' title='bbox 1457 1695 1622 1766; x_wconf 77' lang='lat' dir='ltr'><strong>Tuncrud</strong></span> <span class='ocrx_word' id='word_1_54' title='bbox 1648 1694 1819 1783; x_wconf 76' lang='lat' dir='ltr'><strong>versellan</strong></span> <span class='ocrx_word' id='word_1_55' title='bbox 1845 1717 1931 1780; x_wconf 84' lang='lat' dir='ltr'><strong>war,</strong></span> <span class='ocrx_word' id='word_1_56' title='bbox 1960 1692 2036 1764; x_wconf 52' lang='lat' dir='ltr'><strong>rosal</strong></span> <span class='ocrx_word' id='word_1_57' title='bbox 2054 1715 2093 1765; x_wconf 81' lang='lat' dir='ltr'><strong>er</strong></span> <span class='ocrx_word' id='word_1_58' title='bbox 2118 1692 2304 1766; x_wconf 73' lang='lat' dir='ltr'><strong>desselben</strong></span> 
     </span>
     <span class='ocr_line' id='line_1_8' title="bbox 646 1814 1995 1908; baseline 0.002 -25"><span class='ocrx_word' id='word_1_59' title='bbox 646 1835 712 1884; x_wconf 84' lang='lat' dir='ltr'><strong>voa</strong></span> <span class='ocrx_word' id='word_1_60' title='bbox 738 1814 850 1885; x_wconf 81' lang='lat' dir='ltr'><strong>ciuem</strong></span> <span class='ocrx_word' id='word_1_61' title='bbox 877 1814 1092 1906; x_wconf 71' lang='lat' dir='ltr'><strong>lodoipliolaeu</strong></span> <span class='ocrx_word' id='word_1_62' title='bbox 1119 1815 1278 1908; x_wconf 68' lang='grc' dir='ltr'><em>Ηόνὶρεη</em></span> <span class='ocrx_word' id='word_1_63' title='bbox 1306 1817 1359 1888; x_wconf 85' lang='lat' dir='ltr'><strong>als</strong></span> <span class='ocrx_word' id='word_1_64' title='bbox 1385 1815 1590 1908; x_wconf 66' lang='lat' dir='ltr'><strong>&amp;benkuuq</strong></span> <span class='ocrx_word' id='word_1_65' title='bbox 1616 1837 1864 1908; x_wconf 75' lang='lat' dir='ltr'><strong>nupeaommeu</strong></span> <span class='ocrx_word' id='word_1_66' title='bbox 1888 1815 1995 1887; x_wconf 80' lang='lat' dir='ltr'><strong>batte.</strong></span> 
     </span>
    </p>
   </div>
   <div class='ocr_carea' id='block_1_5' title="bbox 1738 1953 2255 2028">
    <p class='ocr_par' dir='ltr' id='par_1_5' title="bbox 1738 1953 2255 2028">
     <span class='ocr_line' id='line_1_9' title="bbox 1738 1953 2255 2028; baseline 0.002 -15"><span class='ocrx_word' id='word_1_67' title='bbox 1738 1953 1947 2028; x_wconf 77' lang='lat' dir='ltr'><strong>Diedenbofen</strong></span> <span class='ocrx_word' id='word_1_68' title='bbox 1968 1957 2032 2014; x_wconf 89' lang='grc'><strong>806</strong></span> <span class='ocrx_word' id='word_1_69' title='bbox 2056 1955 2181 2014; x_wconf 83' lang='lat' dir='ltr'><strong>Januor</strong></span> <span class='ocrx_word' id='word_1_70' title='bbox 2202 1957 2255 2014; x_wconf 79' lang='lat'><strong>20.</strong></span> 
     </span>
    </p>
   </div>
   <div class='ocr_carea' id='block_1_6' title="bbox 750 2125 2363 2434">
    <p class='ocr_par' dir='ltr' id='par_1_6' title="bbox 750 2125 2363 2434">
     <span class='ocr_line' id='line_1_10' title="bbox 751 2125 2303 2208; baseline -0.001 -23"><span class='ocrx_word' id='word_1_71' title='bbox 751 2125 906 2200; x_wconf 73' lang='lat' dir='ltr'><strong>Abaclsrift</strong></span> <span class='ocrx_word' id='word_1_72' title='bbox 930 2127 981 2188; x_wconf 84' lang='lat' dir='ltr'><strong>des</strong></span> <span class='ocrx_word' id='word_1_73' title='bbox 1003 2132 1054 2188; x_wconf 84' lang='lat'><strong>10.</strong></span> <span class='ocrx_word' id='word_1_74' title='bbox 1072 2129 1126 2190; x_wconf 79' lang='lat' dir='ltr'><strong>Jt.</strong></span> <span class='ocrx_word' id='word_1_75' title='bbox 1150 2131 1193 2188; x_wconf 84' lang='lat' dir='ltr'><strong>im</strong></span> <span class='ocrx_word' id='word_1_76' title='bbox 1214 2130 1345 2189; x_wconf 73' lang='lat' dir='ltr'><strong>Prema</strong></span> <span class='ocrx_word' id='word_1_77' title='bbox 1367 2127 1532 2190; x_wconf 82' lang='lat' dir='ltr'><strong>Oburtulcr</strong></span> <span class='ocrx_word' id='word_1_78' title='bbox 1555 2128 1643 2208; x_wconf 79' lang='lat' dir='ltr'><strong>(liber</strong></span> <span class='ocrx_word' id='word_1_79' title='bbox 1663 2131 1789 2203; x_wconf 82' lang='lat' dir='ltr'><strong>oureus)</strong></span> <span class='ocrx_word' id='word_1_80' title='bbox 1813 2127 1837 2202; x_wconf 77' lang='lat' dir='ltr'><strong>f.</strong></span> <span class='ocrx_word' id='word_1_81' title='bbox 1858 2132 1903 2189; x_wconf 77' lang='lat'><strong>37</strong></span> <span class='ocrx_word' id='word_1_82' title='bbox 1924 2131 1957 2188; x_wconf 85' lang='lat' dir='ltr'><strong>iu</strong></span> <span class='ocrx_word' id='word_1_83' title='bbox 1979 2128 2033 2187; x_wconf 82' lang='lat' dir='ltr'><strong>der</strong></span> <span class='ocrx_word' id='word_1_84' title='bbox 2054 2127 2303 2189; x_wconf 77' lang='lat' dir='ltr'><strong>Stadtbibliotbek</strong></span> 
     </span>
     <span class='ocr_line' id='line_1_11' title="bbox 750 2230 2363 2312; baseline 0.001 -21"><span class='ocrx_word' id='word_1_85' title='bbox 750 2250 791 2290; x_wconf 77' lang='lat' dir='ltr'><strong>aa</strong></span> <span class='ocrx_word' id='word_1_86' title='bbox 816 2233 903 2292; x_wconf 60' lang='lat' dir='ltr'><strong>liter</strong></span> <span class='ocrx_word' id='word_1_87' title='bbox 925 2230 990 2312; x_wconf 89' lang='grc' dir='ltr'>(Β).</span> <span class='ocrx_word' id='word_1_88' title='bbox 2327 2246 2363 2293; x_wconf 89' lang='lat'><strong>10</strong></span> 
     </span>
     <span class='ocr_line' id='line_1_12' title="bbox 750 2347 2302 2434; baseline -0.003 -22"><span class='ocrx_word' id='word_1_89' title='bbox 750 2352 888 2414; x_wconf 66' lang='lat' dir='ltr'><strong>Murteae</strong></span> <span class='ocrx_word' id='word_1_90' title='bbox 912 2353 983 2418; x_wconf 80' lang='lat' dir='ltr'><strong>Geli.</strong></span> <span class='ocrx_word' id='word_1_91' title='bbox 1007 2361 1037 2428; x_wconf 88' lang='lat'><strong>1,</strong></span> <span class='ocrx_word' id='word_1_92' title='bbox 1061 2359 1102 2416; x_wconf 88' lang='grc'><strong>59</strong></span> <span class='ocrx_word' id='word_1_93' title='bbox 1126 2373 1162 2415; x_wconf 80' lang='lat' dir='ltr'><strong>ea</strong></span> <span class='ocrx_word' id='word_1_94' title='bbox 1184 2360 1257 2416; x_wconf 84' lang='lat' dir='ltr'><strong>cart.</strong></span> <span class='ocrx_word' id='word_1_95' title='bbox 1273 2356 1378 2416; x_wconf 71' lang='lat' dir='ltr'><strong>Ram.</strong></span> <span class='ocrx_word' id='word_1_96' title='bbox 1403 2355 1459 2434; x_wconf 89' lang='lat' dir='ltr'><strong>(B)</strong></span> <span class='ocrx_word' id='word_1_97' title='bbox 1483 2377 1524 2409; x_wconf 92' lang='lat'>=</span> <span class='ocrx_word' id='word_1_98' title='bbox 1548 2354 1698 2414; x_wconf 78' lang='lat' dir='ltr'><strong>Berttolet</strong></span> <span class='ocrx_word' id='word_1_99' title='bbox 1721 2355 1801 2414; x_wconf 82' lang='lat' dir='ltr'><strong>Hist.</strong></span> <span class='ocrx_word' id='word_1_100' title='bbox 1821 2355 1856 2413; x_wconf 86' lang='lat' dir='ltr'><strong>de</strong></span> <span class='ocrx_word' id='word_1_101' title='bbox 1877 2355 2089 2427; x_wconf 69' lang='lat' dir='ltr'><strong>Lueemcourr</strong></span> <span class='ocrx_word' id='word_1_102' title='bbox 2110 2347 2159 2425; x_wconf 76' lang='lat'><strong>2⁶,</strong></span> <span class='ocrx_word' id='word_1_103' title='bbox 2183 2354 2234 2424; x_wconf 81' lang='lat'><strong>50,</strong></span> <span class='ocrx_word' id='word_1_104' title='bbox 2259 2375 2302 2407; x_wconf 89' lang='lat'><strong><em>=</em></strong></span> 
     </span>
    </p>
   </div>
   <div class='ocr_carea' id='block_1_7' title="bbox 750 2456 2304 2642">
    <p class='ocr_par' dir='ltr' id='par_1_7' title="bbox 750 2456 2304 2642">
     <span class='ocr_line' id='line_1_13' title="bbox 750 2456 2304 2532; baseline 0.001 -17"><span class='ocrx_word' id='word_1_105' title='bbox 750 2456 912 2516; x_wconf 77' lang='lat' dir='ltr'><strong>Boutheim</strong></span> <span class='ocrx_word' id='word_1_106' title='bbox 941 2460 1020 2519; x_wconf 76' lang='lat' dir='ltr'><strong>Har.</strong></span> <span class='ocrx_word' id='word_1_107' title='bbox 1052 2460 1162 2520; x_wconf 77' lang='lat' dir='ltr'><strong>Treuir.</strong></span> <span class='ocrx_word' id='word_1_108' title='bbox 1192 2464 1222 2531; x_wconf 86' lang='lat'><strong>1,</strong></span> <span class='ocrx_word' id='word_1_109' title='bbox 1251 2463 1315 2520; x_wconf 85' lang='lat'><strong>156</strong></span> <span class='ocrx_word' id='word_1_110' title='bbox 1341 2466 1376 2517; x_wconf 85' lang='lat' dir='ltr'><strong>u⁰</strong></span> <span class='ocrx_word' id='word_1_111' title='bbox 1396 2462 1436 2519; x_wconf 88' lang='lat'><strong>65</strong></span> <span class='ocrx_word' id='word_1_112' title='bbox 1467 2481 1507 2513; x_wconf 73' lang='grc' dir='ltr'><strong>τ·-</strong></span> <span class='ocrx_word' id='word_1_113' title='bbox 1536 2459 1643 2532; x_wconf 61' lang='lat' dir='ltr'><strong>Mopse</strong></span> <span class='ocrx_word' id='word_1_114' title='bbox 1670 2459 1782 2519; x_wconf 84' lang='lat' dir='ltr'><strong>Patrol.</strong></span> <span class='ocrx_word' id='word_1_115' title='bbox 1806 2463 1858 2532; x_wconf 84' lang='lat'><strong>97,</strong></span> <span class='ocrx_word' id='word_1_116' title='bbox 1888 2463 1973 2521; x_wconf 84' lang='lat'><strong><em>1073</em></strong></span> <span class='ocrx_word' id='word_1_117' title='bbox 2007 2465 2041 2518; x_wconf 81' lang='lat' dir='ltr'><strong>a⁰</strong></span> <span class='ocrx_word' id='word_1_118' title='bbox 2057 2462 2111 2520; x_wconf 75' lang='lat'><strong>23.</strong></span> <span class='ocrx_word' id='word_1_119' title='bbox 2137 2489 2175 2502; x_wconf 92' lang='lat'><em>-</em></span> <span class='ocrx_word' id='word_1_120' title='bbox 2203 2457 2304 2532; x_wconf 78' lang='lat' dir='ltr'><strong>Beycr</strong></span> 
     </span>
     <span class='ocr_line' id='line_1_14' title="bbox 752 2560 2000 2642; baseline 0.002 -22"><span class='ocrx_word' id='word_1_121' title='bbox 752 2560 943 2624; x_wconf 80' lang='lat' dir='ltr'><strong>Mittelrbeia.</strong></span> <span class='ocrx_word' id='word_1_122' title='bbox 973 2564 1037 2625; x_wconf 80' lang='grc' dir='ltr'><strong>ΠΒ.</strong></span> <span class='ocrx_word' id='word_1_123' title='bbox 1062 2570 1092 2635; x_wconf 90' lang='grc'><strong>1,</strong></span> <span class='ocrx_word' id='word_1_124' title='bbox 1117 2568 1157 2625; x_wconf 90' lang='lat'><strong>50</strong></span> <span class='ocrx_word' id='word_1_125' title='bbox 1179 2571 1214 2623; x_wconf 81' lang='lat' dir='ltr'><strong>a⁰</strong></span> <span class='ocrx_word' id='word_1_126' title='bbox 1229 2566 1270 2624; x_wconf 70' lang='lat'><strong>44</strong></span> <span class='ocrx_word' id='word_1_127' title='bbox 1292 2582 1349 2624; x_wconf 84' lang='lat' dir='ltr'><strong>aas</strong></span> <span class='ocrx_word' id='word_1_128' title='bbox 1372 2564 1411 2625; x_wconf 89' lang='lat' dir='ltr'><strong>B.</strong></span> <span class='ocrx_word' id='word_1_129' title='bbox 1437 2597 1476 2607; x_wconf 91' lang='lat'><em>-</em></span> <span class='ocrx_word' id='word_1_130' title='bbox 1500 2563 1695 2624; x_wconf 80' lang='lat' dir='ltr'><strong>Mttblbocber</strong></span> <span class='ocrx_word' id='word_1_131' title='bbox 1716 2564 1788 2636; x_wconf 74' lang='lat' dir='ltr'><strong>Rop.</strong></span> <span class='ocrx_word' id='word_1_132' title='bbox 1814 2565 1876 2624; x_wconf 80' lang='lat'><strong>415</strong></span> <span class='ocrx_word' id='word_1_133' title='bbox 1901 2561 2000 2642; x_wconf 73' lang='lat'>(408).</span> 
     </span>
    </p>
   </div>
   <div class='ocr_carea' id='block_1_8' title="bbox 650 2735 2362 5216">
    <p class='ocr_par' dir='ltr' id='par_1_8' title="bbox 650 2735 2362 5216">
     <span class='ocr_line' id='line_1_15' title="bbox 754 2735 2302 2822; baseline 0.002 -26"><span class='ocrx_word' id='word_1_134' title='bbox 754 2737 812 2812; x_wconf 82' lang='grc'>(0.)</span> <span class='ocrx_word' id='word_1_135' title='bbox 835 2736 873 2801; x_wconf 93' lang='lat' dir='ltr'><strong>ln</strong></span> <span class='ocrx_word' id='word_1_136' title='bbox 896 2737 1027 2801; x_wconf 89' lang='lat' dir='ltr'><strong>nomine</strong></span> <span class='ocrx_word' id='word_1_137' title='bbox 1050 2739 1153 2822; x_wconf 90' lang='lat' dir='ltr'><strong>patris</strong></span> <span class='ocrx_word' id='word_1_138' title='bbox 1177 2745 1209 2801; x_wconf 90' lang='lat' dir='ltr'><strong>et</strong></span> <span class='ocrx_word' id='word_1_139' title='bbox 1231 2735 1289 2801; x_wconf 85' lang='lat' dir='ltr'><strong>lilii</strong></span> <span class='ocrx_word' id='word_1_140' title='bbox 1313 2745 1346 2799; x_wconf 91' lang='lat' dir='ltr'><strong>et</strong></span> <span class='ocrx_word' id='word_1_141' title='bbox 1368 2737 1503 2820; x_wconf 90' lang='lat' dir='ltr'><strong>spiritus</strong></span> <span class='ocrx_word' id='word_1_142' title='bbox 1528 2737 1642 2800; x_wconf 88' lang='lat' dir='ltr'><strong>sancti.</strong></span> <span class='ocrx_word' id='word_1_143' title='bbox 1675 2735 1820 2800; x_wconf 89' lang='lat' dir='ltr'><strong>Karolus</strong></span> <span class='ocrx_word' id='word_1_144' title='bbox 1845 2735 2073 2800; x_wconf 89' lang='lat' dir='ltr'><strong>serenissimus</strong></span> <span class='ocrx_word' id='word_1_145' title='bbox 2096 2745 2256 2820; x_wconf 87' lang='lat' dir='ltr'><strong>augustus</strong></span> <span class='ocrx_word' id='word_1_146' title='bbox 2281 2755 2302 2799; x_wconf 89' lang='lat' dir='ltr'><strong>a</strong></span> 
     </span>
     <span class='ocr_line' id='line_1_16' title="bbox 650 2835 2362 2927; baseline 0.001 -27"><span class='ocrx_word' id='word_1_147' title='bbox 650 2835 712 2901; x_wconf 93' lang='lat' dir='ltr'><strong>dec</strong></span> <span class='ocrx_word' id='word_1_148' title='bbox 736 2848 914 2905; x_wconf 90' lang='lat' dir='ltr'><strong>coronatus</strong></span> <span class='ocrx_word' id='word_1_149' title='bbox 937 2862 1076 2925; x_wconf 89' lang='lat' dir='ltr'><strong>magnus</strong></span> <span class='ocrx_word' id='word_1_150' title='bbox 1100 2841 1261 2927; x_wconf 87' lang='lat' dir='ltr'><strong>pacificus</strong></span> <span class='ocrx_word' id='word_1_151' title='bbox 1283 2841 1463 2926; x_wconf 90' lang='lat' dir='ltr'><strong>imperator</strong></span> <span class='ocrx_word' id='word_1_152' title='bbox 1483 2840 1667 2904; x_wconf 88' lang='lat' dir='ltr'><strong>Romanum</strong></span> <span class='ocrx_word' id='word_1_153' title='bbox 1690 2839 1879 2925; x_wconf 88' lang='lat' dir='ltr'><strong>gubernans</strong></span> <span class='ocrx_word' id='word_1_154' title='bbox 1902 2839 2084 2925; x_wconf 86' lang='lat' dir='ltr'><strong>imperium,</strong></span> <span class='ocrx_word' id='word_1_155' title='bbox 2108 2839 2163 2925; x_wconf 90' lang='lat' dir='ltr'><strong>qui</strong></span> <span class='ocrx_word' id='word_1_156' title='bbox 2186 2847 2219 2902; x_wconf 90' lang='lat' dir='ltr'><strong>et</strong></span> <span class='ocrx_word' id='word_1_157' title='bbox 2241 2859 2302 2923; x_wconf 91' lang='lat' dir='ltr'><strong>per</strong></span> <span class='ocrx_word' id='word_1_158' title='bbox 2327 2853 2362 2901; x_wconf 79' lang='lat'><strong>15</strong></span> 
     </span>
     <span class='ocr_line' id='line_1_17' title="bbox 650 2942 2299 3031; baseline 0 -26"><span class='ocrx_word' id='word_1_159' title='bbox 650 2942 911 3009; x_wconf 91' lang='lat' dir='ltr'><strong>misericordiam</strong></span> <span class='ocrx_word' id='word_1_160' title='bbox 935 2943 987 3010; x_wconf 92' lang='lat' dir='ltr'><strong>dei</strong></span> <span class='ocrx_word' id='word_1_161' title='bbox 1008 2967 1070 3010; x_wconf 86' lang='lat' dir='ltr'><strong>rex</strong></span> <span class='ocrx_word' id='word_1_162' title='bbox 1092 2944 1296 3009; x_wconf 81' lang='lat' dir='ltr'><strong>Francorum</strong></span> <span class='ocrx_word' id='word_1_163' title='bbox 1320 2953 1353 3009; x_wconf 89' lang='lat' dir='ltr'><strong>et</strong></span> <span class='ocrx_word' id='word_1_164' title='bbox 1368 2943 1676 3029; x_wconf 78' lang='lat' dir='ltr'><strong>Langobardorum.</strong></span> <span class='ocrx_word' id='word_1_165' title='bbox 1784 2943 1951 3031; x_wconf 76' lang='lat' dir='ltr'><strong>Quicquid</strong></span> <span class='ocrx_word' id='word_1_166' title='bbox 1973 2944 2072 3029; x_wconf 87' lang='lat' dir='ltr'><strong>igitur</strong></span> <span class='ocrx_word' id='word_1_167' title='bbox 2094 2943 2177 3009; x_wconf 92' lang='lat' dir='ltr'><strong>locis</strong></span> <span class='ocrx_word' id='word_1_168' title='bbox 2199 2963 2299 3006; x_wconf 88' lang='lat' dir='ltr'><strong>vene-</strong></span> 
     </span>
     <span class='ocr_line' id='line_1_18' title="bbox 650 3044 2301 3128; baseline -0.001 -18"><span class='ocrx_word' id='word_1_169' title='bbox 650 3045 811 3112; x_wconf 78' lang='lat' dir='ltr'><strong>rabilibus</strong></span> <span class='ocrx_word' id='word_1_170' title='bbox 835 3046 877 3113; x_wconf 95' lang='lat' dir='ltr'><strong>ob</strong></span> <span class='ocrx_word' id='word_1_171' title='bbox 900 3069 1046 3115; x_wconf 89' lang='lat' dir='ltr'><strong>amorem</strong></span> <span class='ocrx_word' id='word_1_172' title='bbox 1070 3048 1192 3115; x_wconf 91' lang='lat' dir='ltr'><strong>domini</strong></span> <span class='ocrx_word' id='word_1_173' title='bbox 1216 3048 1321 3114; x_wconf 89' lang='lat' dir='ltr'><strong>nostri</strong></span> <span class='ocrx_word' id='word_1_174' title='bbox 1343 3047 1422 3113; x_wconf 92' lang='lat' dir='ltr'><strong>Iesu</strong></span> <span class='ocrx_word' id='word_1_175' title='bbox 1446 3045 1567 3112; x_wconf 81' lang='lat' dir='ltr'><strong>Christi</strong></span> <span class='ocrx_word' id='word_1_176' title='bbox 1595 3045 1744 3113; x_wconf 92' lang='lat' dir='ltr'><strong>cedimus</strong></span> <span class='ocrx_word' id='word_1_177' title='bbox 1767 3047 1821 3112; x_wconf 90' lang='lat' dir='ltr'><strong>vel</strong></span> <span class='ocrx_word' id='word_1_178' title='bbox 1844 3046 2081 3128; x_wconf 90' lang='lat' dir='ltr'><strong>condonamus,</strong></span> <span class='ocrx_word' id='word_1_179' title='bbox 2115 3045 2179 3111; x_wconf 89' lang='lat' dir='ltr'><strong>hoo</strong></span> <span class='ocrx_word' id='word_1_180' title='bbox 2203 3044 2301 3110; x_wconf 90' lang='lat' dir='ltr'><strong>nobis</strong></span> 
     </span>
     <span class='ocr_line' id='line_1_19' title="bbox 650 3149 2300 3238; baseline 0 -25"><span class='ocrx_word' id='word_1_181' title='bbox 650 3149 765 3236; x_wconf 90' lang='lat' dir='ltr'><strong>procul</strong></span> <span class='ocrx_word' id='word_1_182' title='bbox 795 3150 894 3217; x_wconf 93' lang='lat' dir='ltr'><strong>dubio</strong></span> <span class='ocrx_word' id='word_1_183' title='bbox 918 3153 962 3218; x_wconf 90' lang='lat' dir='ltr'><strong>ad</strong></span> <span class='ocrx_word' id='word_1_184' title='bbox 993 3153 1155 3219; x_wconf 89' lang='lat' dir='ltr'><strong>mercedis</strong></span> <span class='ocrx_word' id='word_1_185' title='bbox 1178 3161 1391 3238; x_wconf 88' lang='lat' dir='ltr'><strong>augmentum</strong></span> <span class='ocrx_word' id='word_1_186' title='bbox 1420 3175 1478 3218; x_wconf 88' lang='lat' dir='ltr'><strong>seu</strong></span> <span class='ocrx_word' id='word_1_187' title='bbox 1501 3151 1717 3218; x_wconf 78' lang='lat' dir='ltr'><strong>stabilitatem</strong></span> <span class='ocrx_word' id='word_1_188' title='bbox 1745 3152 1873 3238; x_wconf 91' lang='lat' dir='ltr'><strong>imperii</strong></span> <span class='ocrx_word' id='word_1_189' title='bbox 1896 3153 2001 3216; x_wconf 89' lang='lat' dir='ltr'><strong>nostri</strong></span> <span class='ocrx_word' id='word_1_190' title='bbox 2030 3153 2191 3237; x_wconf 88' lang='lat' dir='ltr'><strong>pertinere</strong></span> <span class='ocrx_word' id='word_1_191' title='bbox 2222 3170 2300 3213; x_wconf 89' lang='lat' dir='ltr'><strong>con·</strong></span> 
     </span>
     <span class='ocr_line' id='line_1_20' title="bbox 650 3251 2302 3343; baseline 0.001 -27"><span class='ocrx_word' id='word_1_192' title='bbox 650 3251 792 3318; x_wconf 90' lang='lat' dir='ltr'><strong>fidimus.</strong></span> <span class='ocrx_word' id='word_1_193' title='bbox 837 3254 988 3341; x_wconf 82' lang='lat' dir='ltr'><strong>[Igitur]⁸</strong></span> <span class='ocrx_word' id='word_1_194' title='bbox 1010 3265 1125 3322; x_wconf 92' lang='lat' dir='ltr'><strong>notum</strong></span> <span class='ocrx_word' id='word_1_195' title='bbox 1148 3257 1191 3322; x_wconf 92' lang='lat' dir='ltr'><strong>sit</strong></span> <span class='ocrx_word' id='word_1_196' title='bbox 1214 3258 1366 3323; x_wconf 89' lang='lat' dir='ltr'><strong>omnibns</strong></span> <span class='ocrx_word' id='word_1_197' title='bbox 1388 3257 1543 3323; x_wconf 89' lang='lat' dir='ltr'><strong>fidelibus</strong></span> <span class='ocrx_word' id='word_1_198' title='bbox 1566 3257 1686 3322; x_wconf 91' lang='lat' dir='ltr'><strong>nostris</strong></span> <span class='ocrx_word' id='word_1_199' title='bbox 1710 3253 1917 3343; x_wconf 83' lang='lat' dir='ltr'><strong>presentibus</strong></span> <span class='ocrx_word' id='word_1_200' title='bbox 1942 3265 1975 3321; x_wconf 90' lang='lat' dir='ltr'><strong>et</strong></span> <span class='ocrx_word' id='word_1_201' title='bbox 1997 3256 2127 3337; x_wconf 79' lang='lat' dir='ltr'><strong>futuris,</strong></span> <span class='ocrx_word' id='word_1_202' title='bbox 2159 3253 2302 3340; x_wconf 84' lang='lat' dir='ltr'><strong>qualiter</strong></span> 
     </span>
     <span class='ocr_line' id='line_1_21' title="bbox 652 3356 2362 3446; baseline 0 -25"><span class='ocrx_word' id='word_1_203' title='bbox 652 3356 813 3423; x_wconf 90' lang='lat' dir='ltr'><strong>donamus</strong></span> <span class='ocrx_word' id='word_1_204' title='bbox 837 3359 880 3425; x_wconf 91' lang='lat' dir='ltr'><strong>ad</strong></span> <span class='ocrx_word' id='word_1_205' title='bbox 903 3362 1140 3426; x_wconf 90' lang='lat' dir='ltr'><strong>monasterium</strong></span> <span class='ocrx_word' id='word_1_206' title='bbox 1164 3361 1269 3426; x_wconf 89' lang='lat' dir='ltr'><strong>sancti</strong></span> <span class='ocrx_word' id='word_1_207' title='bbox 1294 3360 1489 3445; x_wconf 73' lang='lat' dir='ltr'><strong>salvatoris,</strong></span> <span class='ocrx_word' id='word_1_208' title='bbox 1519 3361 1608 3446; x_wconf 91' lang='lat' dir='ltr'><strong>quod</strong></span> <span class='ocrx_word' id='word_1_209' title='bbox 1631 3360 1771 3426; x_wconf 89' lang='lat' dir='ltr'><strong>domnus</strong></span> <span class='ocrx_word' id='word_1_210' title='bbox 1794 3381 1834 3424; x_wconf 90' lang='lat' dir='ltr'><strong>ac</strong></span> <span class='ocrx_word' id='word_1_211' title='bbox 1857 3362 1985 3446; x_wconf 89' lang='lat' dir='ltr'><strong>genitor</strong></span> <span class='ocrx_word' id='word_1_212' title='bbox 2008 3370 2119 3425; x_wconf 89' lang='lat' dir='ltr'><strong>noster</strong></span> <span class='ocrx_word' id='word_1_213' title='bbox 2143 3358 2302 3445; x_wconf 92' lang='lat' dir='ltr'><strong>Pippinus</strong></span> <span class='ocrx_word' id='word_1_214' title='bbox 2326 3374 2362 3421; x_wconf 79' lang='lat' dir='ltr'><strong>ao</strong></span> 
     </span>
     <span class='ocr_line' id='line_1_22' title="bbox 650 3460 2301 3554; baseline -0.001 -28"><span class='ocrx_word' id='word_1_215' title='bbox 650 3460 739 3527; x_wconf 91' lang='lat' dir='ltr'><strong>bona</strong></span> <span class='ocrx_word' id='word_1_216' title='bbox 761 3465 920 3529; x_wconf 89' lang='lat' dir='ltr'><strong>memoria</strong></span> <span class='ocrx_word' id='word_1_217' title='bbox 942 3486 1028 3530; x_wconf 92' lang='lat' dir='ltr'><strong>novo</strong></span> <span class='ocrx_word' id='word_1_218' title='bbox 1051 3487 1150 3554; x_wconf 91' lang='lat' dir='ltr'><strong>opere</strong></span> <span class='ocrx_word' id='word_1_219' title='bbox 1173 3467 1360 3533; x_wconf 86' lang='lat' dir='ltr'><strong>construxit</strong></span> <span class='ocrx_word' id='word_1_220' title='bbox 1381 3467 1416 3530; x_wconf 89' lang='lat' dir='ltr'><strong>in</strong></span> <span class='ocrx_word' id='word_1_221' title='bbox 1438 3465 1511 3530; x_wconf 92' lang='lat' dir='ltr'><strong>loco</strong></span> <span class='ocrx_word' id='word_1_222' title='bbox 1536 3466 1593 3551; x_wconf 91' lang='lat' dir='ltr'><strong>qui</strong></span> <span class='ocrx_word' id='word_1_223' title='bbox 1616 3464 1735 3529; x_wconf 92' lang='lat' dir='ltr'><strong>dicitur</strong></span> <span class='ocrx_word' id='word_1_224' title='bbox 1757 3464 1903 3548; x_wconf 89' lang='lat' dir='ltr'><strong>Prumia,</strong></span> <span class='ocrx_word' id='word_1_225' title='bbox 1927 3463 2150 3549; x_wconf 88' lang='lat' dir='ltr'><strong>donatumque</strong></span> <span class='ocrx_word' id='word_1_226' title='bbox 2172 3463 2206 3526; x_wconf 91' lang='lat' dir='ltr'><strong>in</strong></span> <span class='ocrx_word' id='word_1_227' title='bbox 2229 3484 2301 3548; x_wconf 89' lang='lat' dir='ltr'><strong>per-</strong></span> 
     </span>
     <span class='ocr_line' id='line_1_23' title="bbox 651 3567 2302 3654; baseline 0.001 -24"><span class='ocrx_word' id='word_1_228' title='bbox 651 3574 786 3650; x_wconf 92' lang='lat' dir='ltr'><strong>petuum</strong></span> <span class='ocrx_word' id='word_1_229' title='bbox 810 3568 1060 3635; x_wconf 87' lang='lat' dir='ltr'><strong>essevolumus</strong></span> <span class='ocrx_word' id='word_1_230' title='bbox 1085 3591 1236 3636; x_wconf 90' lang='lat' dir='ltr'><strong>mansum</strong></span> <span class='ocrx_word' id='word_1_231' title='bbox 1259 3568 1415 3634; x_wconf 90' lang='lat' dir='ltr'><strong>nnumin</strong></span> <span class='ocrx_word' id='word_1_232' title='bbox 1439 3568 1519 3633; x_wconf 92' lang='lat' dir='ltr'><strong>villa</strong></span> <span class='ocrx_word' id='word_1_233' title='bbox 1543 3591 1605 3653; x_wconf 74' lang='lat' dir='ltr'><strong>qua</strong></span> <span class='ocrx_word' id='word_1_234' title='bbox 1635 3576 1773 3633; x_wconf 90' lang='lat' dir='ltr'><strong>vocatur</strong></span> <span class='ocrx_word' id='word_1_235' title='bbox 1796 3567 2121 3654; x_wconf 89' lang='lat' dir='ltr'><strong>Walemaresthorpf</strong></span> <span class='ocrx_word' id='word_1_236' title='bbox 2138 3589 2204 3631; x_wconf 90' lang='lat' dir='ltr'><strong>nna</strong></span> <span class='ocrx_word' id='word_1_237' title='bbox 2226 3586 2302 3631; x_wconf 90' lang='lat' dir='ltr'><strong>cnm</strong></span> 
     </span>
     <span class='ocr_line' id='line_1_24' title="bbox 652 3672 2303 3760; baseline 0.001 -27"><span class='ocrx_word' id='word_1_238' title='bbox 652 3692 747 3734; x_wconf 90' lang='lat' dir='ltr'><strong>servo</strong></span> <span class='ocrx_word' id='word_1_239' title='bbox 769 3673 902 3738; x_wconf 90' lang='lat' dir='ltr'><strong>nomine</strong></span> <span class='ocrx_word' id='word_1_240' title='bbox 919 3673 1081 3740; x_wconf 91' lang='lat' dir='ltr'><strong>Williario</strong></span> <span class='ocrx_word' id='word_1_241' title='bbox 1105 3696 1181 3740; x_wconf 93' lang='lat' dir='ltr'><strong>cum</strong></span> <span class='ocrx_word' id='word_1_242' title='bbox 1205 3676 1294 3739; x_wconf 91' lang='lat' dir='ltr'><strong>omni</strong></span> <span class='ocrx_word' id='word_1_243' title='bbox 1317 3672 1485 3760; x_wconf 84' lang='lat' dir='ltr'><strong>peculiare</strong></span> <span class='ocrx_word' id='word_1_244' title='bbox 1508 3672 1560 3738; x_wconf 91' lang='lat' dir='ltr'><strong>vel</strong></span> <span class='ocrx_word' id='word_1_245' title='bbox 1583 3672 1780 3758; x_wconf 89' lang='lat' dir='ltr'><strong>adquaasitu</strong></span> <span class='ocrx_word' id='word_1_246' title='bbox 1804 3695 1863 3738; x_wconf 92' lang='lat' dir='ltr'><strong>suo</strong></span> <span class='ocrx_word' id='word_1_247' title='bbox 1887 3682 1920 3738; x_wconf 90' lang='lat' dir='ltr'><strong>et</strong></span> <span class='ocrx_word' id='word_1_248' title='bbox 1942 3682 2047 3739; x_wconf 89' lang='lat' dir='ltr'><strong>totam</strong></span> <span class='ocrx_word' id='word_1_249' title='bbox 2061 3673 2177 3758; x_wconf 90' lang='lat' dir='ltr'><strong>legem,</strong></span> <span class='ocrx_word' id='word_1_250' title='bbox 2202 3693 2303 3757; x_wconf 90' lang='lat' dir='ltr'><strong>quam</strong></span> 
     </span>
     <span class='ocr_line' id='line_1_25' title="bbox 651 3775 2303 3865; baseline 0.001 -26"><span class='ocrx_word' id='word_1_251' title='bbox 651 3797 711 3860; x_wconf 90' lang='lat' dir='ltr'><strong>pro</strong></span> <span class='ocrx_word' id='word_1_252' title='bbox 735 3775 808 3862; x_wconf 92' lang='lat' dir='ltr'><strong>ipso</strong></span> <span class='ocrx_word' id='word_1_253' title='bbox 832 3798 947 3843; x_wconf 92' lang='lat' dir='ltr'><strong>manso</strong></span> <span class='ocrx_word' id='word_1_254' title='bbox 971 3778 1023 3843; x_wconf 90' lang='lat' dir='ltr'><strong>val</strong></span> <span class='ocrx_word' id='word_1_255' title='bbox 1039 3799 1099 3865; x_wconf 92' lang='lat' dir='ltr'><strong>pro</strong></span> <span class='ocrx_word' id='word_1_256' title='bbox 1122 3780 1195 3864; x_wconf 92' lang='lat' dir='ltr'><strong>ipso</strong></span> <span class='ocrx_word' id='word_1_257' title='bbox 1213 3800 1307 3844; x_wconf 89' lang='lat' dir='ltr'><strong>servo</strong></span> <span class='ocrx_word' id='word_1_258' title='bbox 1331 3780 1403 3863; x_wconf 90' lang='lat' dir='ltr'><strong>ipse</strong></span> <span class='ocrx_word' id='word_1_259' title='bbox 1419 3775 1613 3842; x_wconf 86' lang='lat' dir='ltr'><strong>Tancradus</strong></span> <span class='ocrx_word' id='word_1_260' title='bbox 1635 3775 1835 3841; x_wconf 88' lang='lat' dir='ltr'><strong>venerabilis</strong></span> <span class='ocrx_word' id='word_1_261' title='bbox 1859 3775 1947 3842; x_wconf 90' lang='lat' dir='ltr'><strong>abba</strong></span> <span class='ocrx_word' id='word_1_262' title='bbox 1970 3785 2003 3842; x_wconf 91' lang='lat' dir='ltr'><strong>et</strong></span> <span class='ocrx_word' id='word_1_263' title='bbox 2026 3778 2095 3842; x_wconf 92' lang='lat' dir='ltr'><strong>eius</strong></span> <span class='ocrx_word' id='word_1_264' title='bbox 2118 3776 2303 3842; x_wconf 89' lang='lat' dir='ltr'><strong>advocatus</strong></span> 
     </span>
     <span class='ocr_line' id='line_1_26' title="bbox 651 3879 2361 3968; baseline 0 -24"><span class='ocrx_word' id='word_1_265' title='bbox 651 3879 848 3946; x_wconf 76' lang='lat' dir='ltr'><strong>rewadiavit</strong></span> <span class='ocrx_word' id='word_1_266' title='bbox 869 3903 928 3968; x_wconf 92' lang='lat' dir='ltr'><strong>pro</strong></span> <span class='ocrx_word' id='word_1_267' title='bbox 953 3904 1002 3957; x_wconf 92' lang='lat' dir='ltr'><strong>eo,</strong></span> <span class='ocrx_word' id='word_1_268' title='bbox 1034 3882 1122 3968; x_wconf 93' lang='lat' dir='ltr'><strong>quod</strong></span> <span class='ocrx_word' id='word_1_269' title='bbox 1144 3881 1369 3968; x_wconf 78' lang='lat' dir='ltr'><strong>Meginfredns</strong></span> <span class='ocrx_word' id='word_1_270' title='bbox 1392 3879 1558 3968; x_wconf 89' lang='lat' dir='ltr'><strong>qnondam</strong></span> <span class='ocrx_word' id='word_1_271' title='bbox 1583 3903 1698 3944; x_wconf 87' lang='lat' dir='ltr'><strong>servus</strong></span> <span class='ocrx_word' id='word_1_272' title='bbox 1722 3889 1834 3945; x_wconf 91' lang='lat' dir='ltr'><strong>noster</strong></span> <span class='ocrx_word' id='word_1_273' title='bbox 1863 3903 1927 3945; x_wconf 93' lang='lat' dir='ltr'><strong>non</strong></span> <span class='ocrx_word' id='word_1_274' title='bbox 1949 3880 2077 3946; x_wconf 89' lang='lat' dir='ltr'><strong>habens</strong></span> <span class='ocrx_word' id='word_1_275' title='bbox 2101 3888 2301 3966; x_wconf 88' lang='lat' dir='ltr'><strong>potestatem</strong></span> <span class='ocrx_word' id='word_1_276' title='bbox 2325 3897 2361 3944; x_wconf 80' lang='lat'><strong>25</strong></span> 
     </span>
     <span class='ocr_line' id='line_1_27' title="bbox 651 3983 2303 4071; baseline 0 -24"><span class='ocrx_word' id='word_1_277' title='bbox 651 3983 696 4048; x_wconf 89' lang='lat' dir='ltr'><strong>ad</strong></span> <span class='ocrx_word' id='word_1_278' title='bbox 724 3984 831 4070; x_wconf 90' lang='lat' dir='ltr'><strong>ipsam</strong></span> <span class='ocrx_word' id='word_1_279' title='bbox 855 4007 968 4051; x_wconf 90' lang='lat' dir='ltr'><strong>casam</strong></span> <span class='ocrx_word' id='word_1_280' title='bbox 997 3986 1049 4051; x_wconf 90' lang='lat' dir='ltr'><strong>dei</strong></span> <span class='ocrx_word' id='word_1_281' title='bbox 1072 3996 1172 4052; x_wconf 91' lang='lat' dir='ltr'><strong>antea</strong></span> <span class='ocrx_word' id='word_1_282' title='bbox 1200 3986 1415 4071; x_wconf 85' lang='lat' dir='ltr'><strong>delegaverat</strong></span> <span class='ocrx_word' id='word_1_283' title='bbox 1442 3995 1475 4050; x_wconf 91' lang='lat' dir='ltr'><strong>et</strong></span> <span class='ocrx_word' id='word_1_284' title='bbox 1496 3984 1617 4049; x_wconf 92' lang='lat' dir='ltr'><strong>missus</strong></span> <span class='ocrx_word' id='word_1_285' title='bbox 1646 3992 1758 4048; x_wconf 90' lang='lat' dir='ltr'><strong>noster</strong></span> <span class='ocrx_word' id='word_1_286' title='bbox 1780 3984 1980 4068; x_wconf 83' lang='lat' dir='ltr'><strong>Rimigarius</strong></span> <span class='ocrx_word' id='word_1_287' title='bbox 2013 3985 2116 4050; x_wconf 88' lang='lat' dir='ltr'><strong>comis</strong></span> <span class='ocrx_word' id='word_1_288' title='bbox 2138 3986 2172 4049; x_wconf 90' lang='lat' dir='ltr'><strong>in</strong></span> <span class='ocrx_word' id='word_1_289' title='bbox 2196 4005 2303 4048; x_wconf 88' lang='lat' dir='ltr'><strong>cansa</strong></span> 
     </span>
     <span class='ocr_line' id='line_1_28' title="bbox 652 4087 2302 4175; baseline 0.001 -24"><span class='ocrx_word' id='word_1_290' title='bbox 652 4095 767 4152; x_wconf 90' lang='lat' dir='ltr'><strong>nostra</strong></span> <span class='ocrx_word' id='word_1_291' title='bbox 790 4087 918 4174; x_wconf 89' lang='lat' dir='ltr'><strong>legibus</strong></span> <span class='ocrx_word' id='word_1_292' title='bbox 949 4113 1047 4175; x_wconf 92' lang='lat' dir='ltr'><strong>super</strong></span> <span class='ocrx_word' id='word_1_293' title='bbox 1069 4112 1143 4156; x_wconf 88' lang='lat' dir='ltr'><strong>eum</strong></span> <span class='ocrx_word' id='word_1_294' title='bbox 1172 4089 1382 4156; x_wconf 85' lang='lat' dir='ltr'><strong>evindicavit.</strong></span> <span class='ocrx_word' id='word_1_295' title='bbox 1428 4089 1556 4154; x_wconf 90' lang='lat' dir='ltr'><strong>Idcirco</strong></span> <span class='ocrx_word' id='word_1_296' title='bbox 1585 4092 1619 4154; x_wconf 94' lang='lat' dir='ltr'><strong>in</strong></span> <span class='ocrx_word' id='word_1_297' title='bbox 1643 4088 1823 4154; x_wconf 90' lang='lat' dir='ltr'><strong>elemosina</strong></span> <span class='ocrx_word' id='word_1_298' title='bbox 1850 4098 1963 4154; x_wconf 89' lang='lat' dir='ltr'><strong>nostra</strong></span> <span class='ocrx_word' id='word_1_299' title='bbox 1987 4088 2094 4154; x_wconf 90' lang='lat' dir='ltr'><strong>denuo</strong></span> <span class='ocrx_word' id='word_1_300' title='bbox 2124 4089 2167 4154; x_wconf 90' lang='lat' dir='ltr'><strong>ad</strong></span> <span class='ocrx_word' id='word_1_301' title='bbox 2194 4090 2302 4174; x_wconf 89' lang='lat' dir='ltr'><strong>ipsum</strong></span> 
     </span>
     <span class='ocr_line' id='line_1_29' title="bbox 652 4193 2303 4280; baseline 0.002 -26"><span class='ocrx_word' id='word_1_302' title='bbox 652 4200 804 4256; x_wconf 90' lang='lat' dir='ltr'><strong>sanctum</strong></span> <span class='ocrx_word' id='word_1_303' title='bbox 826 4193 933 4259; x_wconf 92' lang='lat' dir='ltr'><strong>locum</strong></span> <span class='ocrx_word' id='word_1_304' title='bbox 957 4193 1087 4280; x_wconf 86' lang='lat' dir='ltr'><strong>plenius</strong></span> <span class='ocrx_word' id='word_1_305' title='bbox 1111 4217 1153 4259; x_wconf 84' lang='lat' dir='ltr'><strong>ex</strong></span> <span class='ocrx_word' id='word_1_306' title='bbox 1176 4202 1291 4259; x_wconf 89' lang='lat' dir='ltr'><strong>nostra</strong></span> <span class='ocrx_word' id='word_1_307' title='bbox 1313 4193 1467 4278; x_wconf 89' lang='lat' dir='ltr'><strong>largitate</strong></span> <span class='ocrx_word' id='word_1_308' title='bbox 1491 4194 1726 4258; x_wconf 87' lang='lat' dir='ltr'><strong>concessimus.</strong></span> <span class='ocrx_word' id='word_1_309' title='bbox 1749 4193 1929 4279; x_wconf 89' lang='lat' dir='ltr'><strong>Propterea</strong></span> <span class='ocrx_word' id='word_1_310' title='bbox 1951 4203 2137 4280; x_wconf 75' lang='lat' dir='ltr'><strong>presentem</strong></span> <span class='ocrx_word' id='word_1_311' title='bbox 2161 4193 2303 4258; x_wconf 88' lang='lat' dir='ltr'><strong>auetori-</strong></span> 
     </span>
     <span class='ocr_line' id='line_1_30' title="bbox 651 4296 2304 4385; baseline 0.002 -26"><span class='ocrx_word' id='word_1_312' title='bbox 651 4302 754 4360; x_wconf 86' lang='lat' dir='ltr'><strong>tatem</strong></span> <span class='ocrx_word' id='word_1_313' title='bbox 781 4305 929 4362; x_wconf 89' lang='lat' dir='ltr'><strong>nostram</strong></span> <span class='ocrx_word' id='word_1_314' title='bbox 962 4299 1033 4364; x_wconf 90' lang='lat' dir='ltr'><strong>fieri</strong></span> <span class='ocrx_word' id='word_1_315' title='bbox 1061 4300 1227 4375; x_wconf 85' lang='lat' dir='ltr'><strong>iussimus,</strong></span> <span class='ocrx_word' id='word_1_316' title='bbox 1264 4322 1323 4385; x_wconf 93' lang='lat' dir='ltr'><strong>per</strong></span> <span class='ocrx_word' id='word_1_317' title='bbox 1350 4321 1449 4385; x_wconf 87' lang='lat' dir='ltr'><strong>quam</strong></span> <span class='ocrx_word' id='word_1_318' title='bbox 1486 4296 1673 4385; x_wconf 88' lang='lat' dir='ltr'><strong>specialiter</strong></span> <span class='ocrx_word' id='word_1_319' title='bbox 1707 4297 1912 4363; x_wconf 88' lang='lat' dir='ltr'><strong>decernimus</strong></span> <span class='ocrx_word' id='word_1_320' title='bbox 1943 4307 2042 4384; x_wconf 89' lang='lat' dir='ltr'><strong>atque</strong></span> <span class='ocrx_word' id='word_1_321' title='bbox 2070 4298 2231 4382; x_wconf 89' lang='lat' dir='ltr'><strong>iubemus,</strong></span> <span class='ocrx_word' id='word_1_322' title='bbox 2265 4307 2304 4362; x_wconf 88' lang='lat' dir='ltr'><strong>ut</strong></span> 
     </span>
     <span class='ocr_line' id='line_1_31' title="bbox 651 4402 2361 4494; baseline 0.001 -29"><span class='ocrx_word' id='word_1_323' title='bbox 651 4411 853 4467; x_wconf 89' lang='lat' dir='ltr'><strong>memoratus</strong></span> <span class='ocrx_word' id='word_1_324' title='bbox 876 4403 1071 4494; x_wconf 60' lang='lat' dir='ltr'><strong>&#39;lfancradus</strong></span> <span class='ocrx_word' id='word_1_325' title='bbox 1095 4403 1184 4469; x_wconf 88' lang='lat' dir='ltr'><strong>abba</strong></span> <span class='ocrx_word' id='word_1_326' title='bbox 1203 4405 1320 4490; x_wconf 91' lang='lat' dir='ltr'><strong>suique</strong></span> <span class='ocrx_word' id='word_1_327' title='bbox 1342 4405 1376 4467; x_wconf 92' lang='lat' dir='ltr'><strong>in</strong></span> <span class='ocrx_word' id='word_1_328' title='bbox 1399 4411 1594 4489; x_wconf 89' lang='lat' dir='ltr'><strong>perpetuum</strong></span> <span class='ocrx_word' id='word_1_329' title='bbox 1616 4423 1835 4480; x_wconf 86' lang='lat' dir='ltr'><strong>successores,</strong></span> <span class='ocrx_word' id='word_1_330' title='bbox 1871 4403 1925 4488; x_wconf 90' lang='lat' dir='ltr'><strong>qni</strong></span> <span class='ocrx_word' id='word_1_331' title='bbox 1949 4402 2071 4467; x_wconf 88' lang='lat' dir='ltr'><strong>fuerint</strong></span> <span class='ocrx_word' id='word_1_332' title='bbox 2100 4411 2244 4468; x_wconf 89' lang='lat' dir='ltr'><strong>rectores</strong></span> <span class='ocrx_word' id='word_1_333' title='bbox 2266 4403 2302 4466; x_wconf 90' lang='lat' dir='ltr'><strong>in</strong></span> <span class='ocrx_word' id='word_1_334' title='bbox 2325 4419 2361 4468; x_wconf 83' lang='lat' dir='ltr'><strong>ao</strong></span> 
     </span>
     <span class='ocr_line' id='line_1_32' title="bbox 651 4504 2302 4594; baseline 0.002 -25"><span class='ocrx_word' id='word_1_335' title='bbox 651 4506 724 4592; x_wconf 91' lang='lat' dir='ltr'><strong>ipso</strong></span> <span class='ocrx_word' id='word_1_336' title='bbox 752 4515 867 4571; x_wconf 91' lang='lat' dir='ltr'><strong>sancto</strong></span> <span class='ocrx_word' id='word_1_337' title='bbox 898 4506 981 4589; x_wconf 91' lang='lat' dir='ltr'><strong>loco,</strong></span> <span class='ocrx_word' id='word_1_338' title='bbox 1016 4509 1278 4594; x_wconf 89' lang='lat' dir='ltr'><strong>suprascriptum</strong></span> <span class='ocrx_word' id='word_1_339' title='bbox 1306 4529 1458 4573; x_wconf 91' lang='lat' dir='ltr'><strong>mansum</strong></span> <span class='ocrx_word' id='word_1_340' title='bbox 1489 4508 1521 4571; x_wconf 92' lang='lat' dir='ltr'><strong>in</strong></span> <span class='ocrx_word' id='word_1_341' title='bbox 1546 4504 1870 4592; x_wconf 87' lang='lat' dir='ltr'><strong>Walemarcstborpf</strong></span> <span class='ocrx_word' id='word_1_342' title='bbox 1894 4517 1927 4572; x_wconf 93' lang='lat' dir='ltr'><strong>et</strong></span> <span class='ocrx_word' id='word_1_343' title='bbox 1955 4506 2140 4592; x_wconf 88' lang='lat' dir='ltr'><strong>predictum</strong></span> <span class='ocrx_word' id='word_1_344' title='bbox 2169 4528 2302 4572; x_wconf 89' lang='lat' dir='ltr'><strong>servum</strong></span> 
     </span>
     <span class='ocr_line' id='line_1_33' title="bbox 651 4608 2301 4696; baseline 0.001 -22"><span class='ocrx_word' id='word_1_345' title='bbox 651 4631 709 4695; x_wconf 92' lang='lat' dir='ltr'><strong>per</strong></span> <span class='ocrx_word' id='word_1_346' title='bbox 732 4608 817 4675; x_wconf 91' lang='lat' dir='ltr'><strong>hano</strong></span> <span class='ocrx_word' id='word_1_347' title='bbox 840 4620 989 4677; x_wconf 89' lang='lat' dir='ltr'><strong>nostram</strong></span> <span class='ocrx_word' id='word_1_348' title='bbox 1012 4614 1243 4677; x_wconf 90' lang='lat' dir='ltr'><strong>auctoritatem</strong></span> <span class='ocrx_word' id='word_1_349' title='bbox 1267 4621 1401 4677; x_wconf 89' lang='lat' dir='ltr'><strong>teneant</strong></span> <span class='ocrx_word' id='word_1_350' title='bbox 1424 4621 1523 4696; x_wconf 89' lang='lat' dir='ltr'><strong>atque</strong></span> <span class='ocrx_word' id='word_1_351' title='bbox 1547 4609 1749 4695; x_wconf 88' lang='lat' dir='ltr'><strong>possideant,</strong></span> <span class='ocrx_word' id='word_1_352' title='bbox 1785 4619 1948 4696; x_wconf 89' lang='lat' dir='ltr'><strong>quatenus</strong></span> <span class='ocrx_word' id='word_1_353' title='bbox 1977 4610 2131 4696; x_wconf 88' lang='lat' dir='ltr'><strong>deinceps</strong></span> <span class='ocrx_word' id='word_1_354' title='bbox 2160 4613 2193 4676; x_wconf 91' lang='lat' dir='ltr'><strong>in</strong></span> <span class='ocrx_word' id='word_1_355' title='bbox 2215 4611 2301 4677; x_wconf 88' lang='lat' dir='ltr'><strong>aele-</strong></span> 
     </span>
     <span class='ocr_line' id='line_1_34' title="bbox 652 4714 2302 4800; baseline 0.002 -23"><span class='ocrx_word' id='word_1_356' title='bbox 652 4716 782 4779; x_wconf 88' lang='lat' dir='ltr'><strong>mosina</strong></span> <span class='ocrx_word' id='word_1_357' title='bbox 804 4727 929 4791; x_wconf 81' lang='lat' dir='ltr'><strong>nostra,</strong></span> <span class='ocrx_word' id='word_1_358' title='bbox 952 4726 989 4781; x_wconf 91' lang='lat' dir='ltr'><strong>ut</strong></span> <span class='ocrx_word' id='word_1_359' title='bbox 1004 4717 1158 4790; x_wconf 86' lang='lat' dir='ltr'><strong>diximus,</strong></span> <span class='ocrx_word' id='word_1_360' title='bbox 1182 4717 1214 4782; x_wconf 90' lang='lat' dir='ltr'><strong>in</strong></span> <span class='ocrx_word' id='word_1_361' title='bbox 1231 4716 1448 4781; x_wconf 90' lang='lat' dir='ltr'><strong>luminaribus</strong></span> <span class='ocrx_word' id='word_1_362' title='bbox 1472 4715 1610 4800; x_wconf 74' lang='lat' dir='ltr'><strong>ecclesie</strong></span> <span class='ocrx_word' id='word_1_363' title='bbox 1626 4714 1777 4800; x_wconf 86' lang='lat' dir='ltr'><strong>proficiat</strong></span> <span class='ocrx_word' id='word_1_364' title='bbox 1799 4715 1832 4778; x_wconf 93' lang='lat' dir='ltr'><strong>in</strong></span> <span class='ocrx_word' id='word_1_365' title='bbox 1848 4716 2044 4800; x_wconf 85' lang='lat' dir='ltr'><strong>augmentis,</strong></span> <span class='ocrx_word' id='word_1_366' title='bbox 2068 4715 2116 4779; x_wconf 90' lang='lat' dir='ltr'><strong>ita</strong></span> <span class='ocrx_word' id='word_1_367' title='bbox 2131 4725 2168 4780; x_wconf 89' lang='lat' dir='ltr'><strong>ut</strong></span> <span class='ocrx_word' id='word_1_368' title='bbox 2185 4714 2302 4780; x_wconf 89' lang='lat' dir='ltr'><strong>melius</strong></span> 
     </span>
     <span class='ocr_line' id='line_1_35' title="bbox 652 4815 2303 4906; baseline 0 -25"><span class='ocrx_word' id='word_1_369' title='bbox 652 4815 794 4882; x_wconf 89' lang='lat' dir='ltr'><strong>delectet</strong></span> <span class='ocrx_word' id='word_1_370' title='bbox 815 4819 923 4904; x_wconf 89' lang='lat' dir='ltr'><strong>ipsam</strong></span> <span class='ocrx_word' id='word_1_371' title='bbox 947 4830 1098 4886; x_wconf 86' lang='lat' dir='ltr'><strong>sanctam</strong></span> <span class='ocrx_word' id='word_1_372' title='bbox 1121 4821 1413 4906; x_wconf 87' lang='lat' dir='ltr'><strong>congregationem</strong></span> <span class='ocrx_word' id='word_1_373' title='bbox 1437 4840 1496 4905; x_wconf 91' lang='lat' dir='ltr'><strong>pro</strong></span> <span class='ocrx_word' id='word_1_374' title='bbox 1520 4817 1617 4883; x_wconf 88' lang='lat' dir='ltr'><strong>nobis</strong></span> <span class='ocrx_word' id='word_1_375' title='bbox 1641 4826 1674 4882; x_wconf 90' lang='lat' dir='ltr'><strong>et</strong></span> <span class='ocrx_word' id='word_1_376' title='bbox 1696 4838 1755 4903; x_wconf 92' lang='lat' dir='ltr'><strong>pro</strong></span> <span class='ocrx_word' id='word_1_377' title='bbox 1779 4817 1894 4882; x_wconf 89' lang='lat' dir='ltr'><strong>liberis</strong></span> <span class='ocrx_word' id='word_1_378' title='bbox 1917 4819 2038 4883; x_wconf 91' lang='lat' dir='ltr'><strong>nostris</strong></span> <span class='ocrx_word' id='word_1_379' title='bbox 2061 4839 2120 4883; x_wconf 85' lang='lat' dir='ltr'><strong>seu</strong></span> <span class='ocrx_word' id='word_1_380' title='bbox 2135 4838 2194 4905; x_wconf 93' lang='lat' dir='ltr'><strong>pro</strong></span> <span class='ocrx_word' id='word_1_381' title='bbox 2214 4819 2303 4883; x_wconf 89' lang='lat' dir='ltr'><strong>omni</strong></span> 
     </span>
     <span class='ocr_line' id='line_1_36' title="bbox 651 4921 2361 5008; baseline 0.002 -22"><span class='ocrx_word' id='word_1_382' title='bbox 651 4922 773 5008; x_wconf 91' lang='lat' dir='ltr'><strong>populo</strong></span> <span class='ocrx_word' id='word_1_383' title='bbox 790 4923 886 4989; x_wconf 93' lang='lat' dir='ltr'><strong>nobis</strong></span> <span class='ocrx_word' id='word_1_384' title='bbox 902 4946 922 4987; x_wconf 90' lang='lat' dir='ltr'><strong>a</strong></span> <span class='ocrx_word' id='word_1_385' title='bbox 939 4923 999 4989; x_wconf 93' lang='lat' dir='ltr'><strong>deo</strong></span> <span class='ocrx_word' id='word_1_386' title='bbox 1017 4945 1176 4990; x_wconf 89' lang='lat' dir='ltr'><strong>concesso</strong></span> <span class='ocrx_word' id='word_1_387' title='bbox 1194 4924 1339 4989; x_wconf 88' lang='lat' dir='ltr'><strong>divinam</strong></span> <span class='ocrx_word' id='word_1_388' title='bbox 1363 4925 1484 5008; x_wconf 89' lang='lat' dir='ltr'><strong>iugiter</strong></span> <span class='ocrx_word' id='word_1_389' title='bbox 1500 4944 1639 4987; x_wconf 84' lang='lat' dir='ltr'><strong>exorare</strong></span> <span class='ocrx_word' id='word_1_390' title='bbox 1662 4921 1881 4987; x_wconf 89' lang='lat' dir='ltr'><strong>clementiam.</strong></span> <span class='ocrx_word' id='word_1_391' title='bbox 1913 4921 1958 4988; x_wconf 84' lang='lat' dir='ltr'><strong>Et</strong></span> <span class='ocrx_word' id='word_1_392' title='bbox 1973 4930 2010 4986; x_wconf 91' lang='lat' dir='ltr'><strong>ut</strong></span> <span class='ocrx_word' id='word_1_393' title='bbox 2024 4921 2106 4987; x_wconf 91' lang='lat' dir='ltr'><strong>haec</strong></span> <span class='ocrx_word' id='word_1_394' title='bbox 2122 4922 2302 4988; x_wconf 89' lang='lat' dir='ltr'><strong>auctoritas</strong></span> <span class='ocrx_word' id='word_1_395' title='bbox 2327 4939 2361 4990; x_wconf 79' lang='lat'><strong>³5</strong></span> 
     </span>
     <span class='ocr_line' id='line_1_37' title="bbox 651 5025 2303 5113; baseline 0 -23"><span class='ocrx_word' id='word_1_396' title='bbox 651 5026 775 5092; x_wconf 88' lang='lat' dir='ltr'><strong>firmior</strong></span> <span class='ocrx_word' id='word_1_397' title='bbox 797 5026 959 5092; x_wconf 90' lang='lat' dir='ltr'><strong>habeatur</strong></span> <span class='ocrx_word' id='word_1_398' title='bbox 981 5036 1015 5093; x_wconf 91' lang='lat' dir='ltr'><strong>et</strong></span> <span class='ocrx_word' id='word_1_399' title='bbox 1037 5026 1200 5093; x_wconf 91' lang='lat' dir='ltr'><strong>dinturnis</strong></span> <span class='ocrx_word' id='word_1_400' title='bbox 1224 5025 1427 5113; x_wconf 87' lang='lat' dir='ltr'><strong>temporibus</strong></span> <span class='ocrx_word' id='word_1_401' title='bbox 1450 5026 1569 5091; x_wconf 90' lang='lat' dir='ltr'><strong>melius</strong></span> <span class='ocrx_word' id='word_1_402' title='bbox 1592 5035 1817 5108; x_wconf 89' lang='lat' dir='ltr'><strong>conservetur,</strong></span> <span class='ocrx_word' id='word_1_403' title='bbox 1845 5049 1961 5091; x_wconf 91' lang='lat' dir='ltr'><strong>manus</strong></span> <span class='ocrx_word' id='word_1_404' title='bbox 1984 5035 2098 5110; x_wconf 75' lang='lat' dir='ltr'><strong>nostre</strong></span> <span class='ocrx_word' id='word_1_405' title='bbox 2123 5025 2303 5112; x_wconf 89' lang='lat' dir='ltr'><strong>signaculis</strong></span> 
     </span>
     <span class='ocr_line' id='line_1_38' title="bbox 653 5130 2012 5216; baseline -0.001 -20"><span class='ocrx_word' id='word_1_406' title='bbox 653 5131 766 5197; x_wconf 91' lang='lat' dir='ltr'><strong>subter</strong></span> <span class='ocrx_word' id='word_1_407' title='bbox 789 5154 862 5197; x_wconf 90' lang='lat' dir='ltr'><strong>eam</strong></span> <span class='ocrx_word' id='word_1_408' title='bbox 885 5130 1043 5198; x_wconf 88' lang='lat' dir='ltr'><strong>roborare</strong></span> <span class='ocrx_word' id='word_1_409' title='bbox 1066 5132 1274 5198; x_wconf 88' lang='lat' dir='ltr'><strong>decrevimus</strong></span> <span class='ocrx_word' id='word_1_410' title='bbox 1298 5131 1394 5196; x_wconf 89' lang='lat' dir='ltr'><strong>etde</strong></span> <span class='ocrx_word' id='word_1_411' title='bbox 1418 5130 1518 5196; x_wconf 91' lang='lat' dir='ltr'><strong>anulo</strong></span> <span class='ocrx_word' id='word_1_412' title='bbox 1542 5140 1655 5196; x_wconf 91' lang='lat' dir='ltr'><strong>nostro</strong></span> <span class='ocrx_word' id='word_1_413' title='bbox 1679 5130 1824 5216; x_wconf 90' lang='lat' dir='ltr'><strong>sigillare</strong></span> <span class='ocrx_word' id='word_1_414' title='bbox 1848 5131 2012 5195; x_wconf 88' lang='lat' dir='ltr'><strong>iussimus.</strong></span> 
     </span>
    </p>
   </div>
   <div class='ocr_carea' id='block_1_9' title="bbox 755 5269 1498 5358">
    <p class='ocr_par' dir='ltr' id='par_1_9' title="bbox 755 5269 1498 5358">
     <span class='ocr_line' id='line_1_39' title="bbox 755 5269 1498 5358; baseline -0.004 -22"><span class='ocrx_word' id='word_1_415' title='bbox 755 5269 893 5356; x_wconf 88' lang='lat' dir='ltr'><strong>Signum</strong></span> <span class='ocrx_word' id='word_1_416' title='bbox 915 5271 1031 5338; x_wconf 90' lang='lat' dir='ltr'><strong>Karoli</strong></span> <span class='ocrx_word' id='word_1_417' title='bbox 1057 5271 1257 5337; x_wconf 91' lang='lat' dir='ltr'><strong>serenissimi</strong></span> <span class='ocrx_word' id='word_1_418' title='bbox 1281 5270 1498 5358; x_wconf 89' lang='lat' dir='ltr'><strong>imperatoris.</strong></span> 
     </span>
    </p>
   </div>
   <div class='ocr_carea' id='block_1_10' title="bbox 755 5393 1531 5480">
    <p class='ocr_par' dir='ltr' id='par_1_10' title="bbox 755 5393 1531 5480">
     <span class='ocr_line' id='line_1_40' title="bbox 755 5393 1531 5480; baseline -0.005 -20"><span class='ocrx_word' id='word_1_419' title='bbox 755 5394 969 5460; x_wconf 86' lang='lat' dir='ltr'><strong>Amalbertus</strong></span> <span class='ocrx_word' id='word_1_420' title='bbox 993 5395 1142 5460; x_wconf 88' lang='lat' dir='ltr'><strong>advioem</strong></span> <span class='ocrx_word' id='word_1_421' title='bbox 1165 5393 1379 5460; x_wconf 84' lang='lat' dir='ltr'><strong>Ercambaldi</strong></span> <span class='ocrx_word' id='word_1_422' title='bbox 1403 5394 1531 5480; x_wconf 91' lang='lat' dir='ltr'><strong>scripsi.</strong></span> 
     </span>
    </p>
   </div>
   <div class='ocr_carea' id='block_1_11' title="bbox 651 5513 2361 5812">
    <p class='ocr_par' dir='ltr' id='par_1_11' title="bbox 651 5513 2361 5812">
     <span class='ocr_line' id='line_1_41' title="bbox 753 5513 2361 5601; baseline -0.002 -18"><span class='ocrx_word' id='word_1_423' title='bbox 753 5518 845 5583; x_wconf 90' lang='lat' dir='ltr'><strong>Data</strong></span> <span class='ocrx_word' id='word_1_424' title='bbox 872 5535 938 5582; x_wconf 83' lang='lat' dir='ltr'>x111</span> <span class='ocrx_word' id='word_1_425' title='bbox 966 5517 1033 5582; x_wconf 84' lang='lat' dir='ltr'><strong>kal.</strong></span> <span class='ocrx_word' id='word_1_426' title='bbox 1061 5516 1142 5582; x_wconf 78' lang='lat' dir='ltr'><strong>febr.</strong></span> <span class='ocrx_word' id='word_1_427' title='bbox 1172 5538 1258 5582; x_wconf 90' lang='lat' dir='ltr'><strong>anno</strong></span> <span class='ocrx_word' id='word_1_428' title='bbox 1289 5514 1480 5582; x_wconf 78' lang='lat' dir='ltr'><strong>v10hristo</strong></span> <span class='ocrx_word' id='word_1_429' title='bbox 1508 5515 1651 5601; x_wconf 88' lang='lat' dir='ltr'><strong>propitio</strong></span> <span class='ocrx_word' id='word_1_430' title='bbox 1681 5513 1808 5600; x_wconf 90' lang='lat' dir='ltr'><strong>imperii</strong></span> <span class='ocrx_word' id='word_1_431' title='bbox 1842 5515 1948 5579; x_wconf 89' lang='lat' dir='ltr'><strong>nostri</strong></span> <span class='ocrx_word' id='word_1_432' title='bbox 1977 5524 2009 5578; x_wconf 89' lang='lat' dir='ltr'><strong>et</strong></span> <span class='ocrx_word' id='word_1_433' title='bbox 2039 5530 2178 5577; x_wconf 84' lang='lat' dir='ltr'><strong>xxxvrn</strong></span> <span class='ocrx_word' id='word_1_434' title='bbox 2208 5513 2302 5598; x_wconf 89' lang='lat' dir='ltr'><strong>regni</strong></span> <span class='ocrx_word' id='word_1_435' title='bbox 2325 5531 2361 5579; x_wconf 74' lang='lat' dir='ltr'><strong>eo</strong></span> 
     </span>
     <span class='ocr_line' id='line_1_42' title="bbox 651 5616 2302 5708; baseline -0.005 -19"><span class='ocrx_word' id='word_1_436' title='bbox 651 5625 753 5689; x_wconf 88' lang='lat' dir='ltr'><strong>nostri</strong></span> <span class='ocrx_word' id='word_1_437' title='bbox 783 5625 817 5689; x_wconf 92' lang='lat' dir='ltr'><strong>in</strong></span> <span class='ocrx_word' id='word_1_438' title='bbox 845 5622 983 5688; x_wconf 90' lang='lat' dir='ltr'><strong>Frantia</strong></span> <span class='ocrx_word' id='word_1_439' title='bbox 1011 5631 1044 5687; x_wconf 90' lang='lat' dir='ltr'><strong>et</strong></span> <span class='ocrx_word' id='word_1_440' title='bbox 1065 5639 1182 5686; x_wconf 80' lang='lat' dir='ltr'><strong>xxxlu</strong></span> <span class='ocrx_word' id='word_1_441' title='bbox 1208 5623 1241 5686; x_wconf 93' lang='lat' dir='ltr'><strong>in</strong></span> <span class='ocrx_word' id='word_1_442' title='bbox 1270 5620 1378 5708; x_wconf 87' lang='lat' dir='ltr'><strong>Italia,</strong></span> <span class='ocrx_word' id='word_1_443' title='bbox 1412 5619 1591 5686; x_wconf 85' lang='lat' dir='ltr'><strong>indictione</strong></span> <span class='ocrx_word' id='word_1_444' title='bbox 1615 5637 1711 5702; x_wconf 78' lang='lat' dir='ltr'>X11113</span> <span class='ocrx_word' id='word_1_445' title='bbox 1749 5628 1860 5684; x_wconf 92' lang='lat' dir='ltr'><strong>actum</strong></span> <span class='ocrx_word' id='word_1_446' title='bbox 1889 5618 2146 5684; x_wconf 83' lang='lat' dir='ltr'><strong>Teodenevillab</strong></span> <span class='ocrx_word' id='word_1_447' title='bbox 2176 5616 2302 5703; x_wconf 90' lang='lat' dir='ltr'><strong>palatio</strong></span> 
     </span>
     <span class='ocr_line' id='line_1_43' title="bbox 651 5726 1359 5812; baseline -0.008 -18"><span class='ocrx_word' id='word_1_448' title='bbox 651 5739 784 5812; x_wconf 77' lang='lat' dir='ltr'><strong>nostr03</strong></span> <span class='ocrx_word' id='word_1_449' title='bbox 806 5728 840 5793; x_wconf 91' lang='lat' dir='ltr'><strong>in</strong></span> <span class='ocrx_word' id='word_1_450' title='bbox 863 5726 916 5792; x_wconf 93' lang='lat' dir='ltr'><strong>dei</strong></span> <span class='ocrx_word' id='word_1_451' title='bbox 938 5728 1069 5792; x_wconf 91' lang='lat' dir='ltr'><strong>nomine</strong></span> <span class='ocrx_word' id='word_1_452' title='bbox 1091 5726 1230 5792; x_wconf 90' lang='lat' dir='ltr'><strong>feliciter</strong></span> <span class='ocrx_word' id='word_1_453' title='bbox 1252 5748 1359 5791; x_wconf 90' lang='lat' dir='ltr'><strong>amen.</strong></span> 
     </span>
    </p>
   </div>
   <div class='ocr_carea' id='block_1_12' title="bbox 728 5891 2302 6035">
    <p class='ocr_par' dir='ltr' id='par_1_12' title="bbox 728 5891 2302 6035">
     <span class='ocr_line' id='line_1_44' title="bbox 728 5891 2302 6022; baseline -0.007 -66"><span class='ocrx_word' id='word_1_454' title='bbox 728 5899 788 5956; x_wconf 66' lang='grc' dir='ltr'><strong>Μ</strong></span> <span class='ocrx_word' id='word_1_455' title='bbox 807 5895 968 6022; x_wconf 43' lang='grc' dir='ltr'><strong>11)·(Ῐὲκξᾱᾳὶ</strong></span> <span class='ocrx_word' id='word_1_456' title='bbox 976 5898 1152 6021; x_wconf 47' lang='lat' dir='ltr'><strong>hirmuinus</strong></span> <span class='ocrx_word' id='word_1_457' title='bbox 1170 5914 1233 5950; x_wconf 90' lang='lat' dir='ltr'><strong>vero</strong></span> <span class='ocrx_word' id='word_1_458' title='bbox 1251 5899 1384 5966; x_wconf 73' lang='lat' dir='ltr'><strong>dominice</strong></span> <span class='ocrx_word' id='word_1_459' title='bbox 1402 5898 1596 5950; x_wconf 85' lang='lat' dir='ltr'><strong>incarnationis</strong></span> <span class='ocrx_word' id='word_1_460' title='bbox 1615 5895 1739 5947; x_wconf 83' lang='lat' dir='ltr'><strong>Dcccn</strong></span> <span class='ocrx_word' id='word_1_461' title='bbox 1826 5895 1847 5962; x_wconf 85' lang='lat' dir='ltr'><strong>l)</strong></span> <span class='ocrx_word' id='word_1_462' title='bbox 1864 5896 2053 5962; x_wconf 84' lang='lat' dir='ltr'><strong>Reguntiburg</strong></span> <span class='ocrx_word' id='word_1_463' title='bbox 2070 5893 2122 5947; x_wconf 76' lang='lat' dir='ltr'><strong>mit</strong></span> <span class='ocrx_word' id='word_1_464' title='bbox 2135 5891 2302 5963; x_wconf 65' lang='lat' dir='ltr'><strong>Karauugs-</strong></span> 
     </span>
     <span class='ocr_line' id='line_1_45' title="bbox 804 5983 1088 6035; baseline -0.004 -13"><span class='ocrx_word' id='word_1_465' title='bbox 804 5984 861 6022; x_wconf 72' lang='lat' dir='ltr'><strong>cese</strong></span> <span class='ocrx_word' id='word_1_466' title='bbox 932 5983 951 6021; x_wconf 82' lang='lat' dir='ltr'><strong>u</strong></span> <span class='ocrx_word' id='word_1_467' title='bbox 969 5984 1036 6035; x_wconf 84' lang='lat' dir='ltr'><strong>erg</strong></span> <span class='ocrx_word' id='word_1_468' title='bbox 1082 6010 1088 6021; x_wconf 87' lang='lat'><strong>.</strong></span> 
     </span>
    </p>
   </div>
   <div class='ocr_carea' id='block_1_13' title="bbox 727 6067 2366 6145">
    <p class='ocr_par' dir='ltr' id='par_1_13' title="bbox 727 6067 2366 6145">
     <span class='ocr_line' id='line_1_46' title="bbox 727 6067 2366 6145; baseline -0.009 -14"><span class='ocrx_word' id='word_1_469' title='bbox 727 6073 787 6131; x_wconf 67' lang='lat' dir='ltr'><strong>md</strong></span> <span class='ocrx_word' id='word_1_470' title='bbox 805 6075 833 6140; x_wconf 76' lang='lat' dir='ltr'><strong>a)</strong></span> <span class='ocrx_word' id='word_1_471' title='bbox 851 6077 965 6145; x_wconf 69' lang='lat' dir='ltr'><strong>arguerat</strong></span> <span class='ocrx_word' id='word_1_472' title='bbox 982 6073 1057 6127; x_wconf 81' lang='lat' dir='ltr'><strong>uocb</strong></span> <span class='ocrx_word' id='word_1_473' title='bbox 1073 6084 1106 6125; x_wconf 73' lang='lat' dir='ltr'><strong>av</strong></span> <span class='ocrx_word' id='word_1_474' title='bbox 1119 6075 1175 6127; x_wconf 81' lang='lat'><strong>205</strong></span> <span class='ocrx_word' id='word_1_475' title='bbox 1278 6073 1308 6139; x_wconf 90' lang='lat' dir='ltr'><strong>b)</strong></span> <span class='ocrx_word' id='word_1_476' title='bbox 1324 6071 1378 6125; x_wconf 78' lang='lat' dir='ltr'><strong>scol</strong></span> <span class='ocrx_word' id='word_1_477' title='bbox 1395 6085 1453 6124; x_wconf 82' lang='lat' dir='ltr'><strong>aar</strong></span> <span class='ocrx_word' id='word_1_478' title='bbox 1471 6067 1727 6135; x_wconf 78' lang='lat' dir='ltr'><strong>Abacbreibesebler</strong></span> <span class='ocrx_word' id='word_1_479' title='bbox 1744 6069 1795 6135; x_wconf 68' lang='lat' dir='ltr'><strong>sier</strong></span> <span class='ocrx_word' id='word_1_480' title='bbox 1813 6070 2015 6122; x_wconf 81' lang='lat' dir='ltr'><strong>Teodonevilla.</strong></span> <span class='ocrx_word' id='word_1_481' title='bbox 2331 6067 2366 6116; x_wconf 80' lang='lat'><strong>45</strong></span> 
     </span>
    </p>
   </div>
   <div class='ocr_carea' id='block_1_14' title="bbox 0 0 2832 7156">
    <p class='ocr_par' dir='ltr' id='par_1_14' title="bbox 0 0 2832 7156">
     <span class='ocr_line' id='line_1_47' title="bbox 0 0 2832 7156; baseline 0 0"><span class='ocrx_word' id='word_1_482' title='bbox 0 0 2832 7156; x_wconf 95' lang='lat' dir='ltr'><strong> </strong></span> 
     </span>
    </p>
   </div>
  </div>
 </body>
</html>
