5642 7159
1104 767 1226 830 KABb
1248 767 1337 830 DEB
1359 767 1528 830 GBOSSE
1550 765 1623 831 783.
2129 769 2191 838 203

648 956 731 1031 fehlt,
754 976 826 1018 aum
844 957 988 1032 Todestop
1003 957 1194 1035 ffildsuords,
1219 957 1286 1016 dem
1301 960 1353 1017 30.
1371 956 1476 1030 April:
1499 961 1574 1035 qnod
1589 959 1685 1021 evenit
1708 960 1737 1020 in
1753 961 1799 1021 die
1820 963 1889 1022 tuno
1904 961 1935 1023 in
1950 963 2076 1039 tompore
2091 963 2193 1039 vigilia

648 1062 827 1124 ascensionis
849 1062 967 1123 domini.
989 1063 1068 1148 xDer
1090 1060 1309 1135 Auffatrtatao
1330 1062 1380 1135 fiel
1402 1064 1466 1123 783
1489 1062 1553 1136 auf
1569 1064 1627 1122 dea
1649 1069 1678 1124 1.
1702 1063 1779 1126 Mai.

649 1308 706 1386 (0.)
728 1303 743 1385 ᾖ
765 1301 905 1369 Carolus
928 1303 1037 1388 gratia
1059 1301 1111 1367 dei
1139 1324 1199 1366 rex
1222 1301 1428 1366 Francorum
1457 1310 1491 1365 et
1512 1301 1809 1387 Langobardorum
1837 1327 1878 1372 ae
1900 1308 2106 1394 patriciu[s]⁸
2128 1312 2190 1377 Ro·

543 1430 725 1476 manorum.
831 1405 998 1493 Quicquid
1021 1406 1107 1470 enim
1129 1405 1212 1470 locis
1236 1413 1427 1470 sanctorum
1450 1404 1687 1470 venerabilium
1705 1406 1746 1472 ob
1770 1429 1914 1474 amorem
1940 1410 2064 1477 domini
2086 1415 2191 1480 nostri

504 1515 621 1580 olesn
644 1511 765 1579 Christi
788 1511 803 1596 ξ
830 1511 979 1577 cedimus
1008 1511 1061 1576 vel
1090 1511 1339 1593 confirmamus,
1373 1509 1436 1575 hoc
1460 1509 1555 1576 nobis
1586 1511 1702 1595 procul
1732 1511 1832 1578 dubio
1862 1513 1905 1579 ad
1933 1515 2115 1582 mercedem
2138 1517 2191 1583 vel

543 1617 759 1684 stabilitatem
782 1616 874 1701 regni
898 1615 1001 1680 nostri
1025 1616 1059 1678 in
1084 1614 1135 1680 dei
1159 1616 1292 1680 nomine
1314 1615 1479 1699 pertinere
1494 1613 1700 1680 confidimns.
1724 1615 1829 1702 Igitur
1844 1627 1958 1683 notum
1983 1620 2024 1684 sit
2047 1621 2191 1686 omnium

542 1722 687 1789 fidelium
710 1730 896 1786 nostrorum
920 1718 1141 1804 magnitudini
1165 1718 1385 1804 praesentium
1410 1727 1443 1782 et
1457 1715 1671 1801 futuroruml’,
1696 1719 1837 1805 qualiter
1855 1743 1916 1786 nos
1939 1723 1972 1786 in
1996 1722 2191 1789 aelimosina

531 1827 757 1897 dilectissime
780 1825 929 1910 coniugis
957 1832 1091 1888 nostrae
1114 1822 1318 1908 Hildegarde
1340 1824 1474 1908 reginae
1506 1823 1550 1887 ad
1572 1821 1787 1908 blasillicam,
1815 1835 1979 1911 quaeest
2001 1836 2191 1893 constructa

542 1931 576 1996 in
607 1930 731 1995 honore
761 1929 867 1993 sancti
890 1927 1004 1993 Iacobi
1032 1927 1084 1992 vel
1107 1937 1290 1992 ceterorum
1313 1926 1486 1992 beatorum
1518 1927 1759 2012 apostolorum,
1790 1928 1844 1994 ubi
1874 1939 2009 1994 sanctus
2033 1932 2190 1997 Arnulfus

489 2052 522 2102 ro
544 2034 708 2121 pretiosus
730 2054 866 2120 corpore
888 2033 1073 2118 requiescit,
1098 2031 1177 2097 villa
1199 2040 1314 2097 nostra
1336 2041 1529 2118 nuncupata
1551 2029 1728 2098 Caminitto
1754 2035 1817 2098 sita
1838 2035 1872 2098 in
1896 2032 2017 2099 ducato
2034 2034 2191 2100 Moslinse

542 2141 576 2204 in
599 2139 756 2203 comitato
780 2134 969 2220 Mett[ens]e
992 2157 1058 2200 una
1081 2156 1155 2200 cum
1182 2135 1366 2222 apendiciis
1389 2134 1550 2218 ecclesiis,
1581 2157 1666 2222 quae
1689 2137 1732 2201 ad
1760 2138 1865 2223 ipsam
1889 2137 1999 2203 villam
2029 2142 2191 2225 pertinere

541 2242 705 2325 videntur,
729 2241 910 2306 cumomni
934 2238 1121 2325 integritate
1144 2248 1211 2304 tam
1229 2241 1325 2305 terris
1348 2239 1501 2306 domibus
1518 2240 1677 2306 aedificiis
1701 2241 1881 2307 accolabus
1897 2243 2070 2328 mancipiis
2085 2245 2190 2308 vineis

545 2347 639 2413 silvis
663 2346 791 2431 campis
813 2346 919 2431 pratis
942 2344 1074 2430 pascuis
1098 2345 1194 2430 aquis
1218 2366 1422 2430 aquarumve
1446 2345 1650 2429 decursibus,
1676 2345 1810 2430 [omlnia
1826 2356 1859 2413 et
1882 2370 1924 2412 ex
1948 2347 2110 2430 omnibns,
2134 2372 2193 2435 per

542 2451 628 2518 banc
644 2459 791 2515 nostram
808 2448 1039 2513 auctoritatem
1055 2446 1268 2513 concedimus
1284 2448 1335 2513 vel
1359 2448 1606 2514 condonamus⁶
1621 2451 1855 2536 perpetualiter
1878 2450 1923 2517 ad
1937 2450 2191 2539 possedendum.

489 2571 523 2622 lo
547 2555 654 2636 Quam
682 2553 794 2618 villam
817 2573 890 2616 cum
921 2550 1072 2616 omnibus
1097 2551 1164 2615 suis
1193 2551 1388 2618 adiacentiis
1411 2553 1486 2618 ideo
1516 2553 1705 2639 specialiter
1727 2555 1760 2619 in
1783 2555 1855 2641 ipso
1880 2565 1993 2622 saneto
2017 2556 2090 2623 loco
2115 2578 2191 2621 eon-

543 2658 700 2741 cedimus,
729 2667 766 2723 ut
789 2657 908 2723 exinde
936 2679 996 2742 pro
1022 2654 1168 2722 remedio
1199 2656 1369 2741 predictae
1398 2657 1547 2742 coniugis
1576 2666 1709 2723 nostrae
1737 2661 1914 2726 continuae
1943 2659 1996 2725 die
2027 2671 2192 2747 noctuque

542 2764 719 2830 luminaria
735 2761 779 2828 ad
802 2763 872 2827 eius
888 2761 1096 2848 sepulchrum
1112 2761 1183 2826 fieri
1200 2760 1353 2826 debeant.
1383 2762 1447 2846 <Et
1463 2763 1678 2848 quiescimus
1695 2761 1808 2843 multa,
1833 2785 1917 2848 quae
1934 2765 2026 2850 prius
2043 2764 2191 2829 studiosa

543 2869 641 2951 liunt,
677 2878 796 2956 postea
827 2868 1060 2952 refrigescente
1089 2868 1229 2931 caritate
1261 2866 1295 2930 in
1324 2865 1564 2952 neglegentiam
1598 2865 1767 2950 devenire,
1805 2867 1929 2933 idcireo
1966 2867 2192 2935 interdicimus
2230 2847 2236 2860 ⁸

544 2972 695 3039 omnibus
719 2970 898 3038 abbatibus
922 2972 990 3036 sive
1012 2969 1208 3036 custodibus
1232 2970 1380 3036 eiusdem
1397 2969 1576 3036 venerabili
1599 2969 1673 3036 loco
1690 2981 1723 3036 et
1746 2994 1804 3057 per
1828 2971 1998 3057 divi[num]
2024 2995 2080 3039 eos
2102 2975 2191 3042 obte-

488 3095 522 3146 to
544 3089 671 3146 utamur
698 3101 853 3160 examen,
888 3086 924 3141 ut
946 3077 1013 3141 iam
1035 3076 1137 3140 fatam
1167 3073 1280 3138 villam
1302 3095 1480 3158 numquam
1509 3085 1701 3159 presumant
1731 3075 1828 3140 alicui
1857 3074 2018 3142 beneficio
2048 3079 2191 3145 tribuere

543 3205 650 3270 neque
673 3203 732 3266 per
753 3181 946 3268 precariam,
970 3188 1007 3244 nt
1028 3179 1098 3244 fieri
1121 3177 1260 3260 adsolet,
1288 3176 1424 3263 prebere
1447 3200 1552 3263 neque
1576 3178 1620 3244 ad
1642 3178 1768 3244 nullum
1792 3181 1923 3245 omnino
1947 3181 2043 3246 istius
2067 3182 2190 3248 saeculi

544 3309 641 3352 usum
657 3285 834 3367 inflectere,
858 3283 927 3367 scd,
949 3292 986 3348 ut
1008 3281 1163 3364 diximus,
1187 3303 1247 3367 pro
1263 3279 1443 3347 remedium
1466 3282 1597 3346 animae
1612 3282 1716 3368 ipsius
1732 3281 1874 3348 dilectae
1889 3286 2040 3370 coniugis
2058 3296 2190 3352 nostrae

544 3392 748 3478 Hildegarde
771 3391 814 3457 ad
837 3391 947 3477 ipsum
970 3396 1121 3454 sanctum
1146 3389 1256 3454 locum
1278 3387 1453 3452 luminaria
1476 3386 1718 3453 incessabiliter
1740 3387 1822 3452 fiant
1837 3397 1870 3452 et
1894 3388 1981 3474 quod
2004 3412 2046 3454 ex
2062 3388 2190 3456 hisdem

543 3494 762 3562 luminaribus
786 3494 998 3581 superfuerit,
1026 3493 1074 3559 illi
1105 3492 1225 3558 exinde
1248 3492 1450 3579 preordinati
1478 3490 1520 3556 ab
1544 3492 1625 3577 ipsis
1655 3490 1848 3556 custodibus
1877 3492 2022 3566 alantur,
2053 3495 2106 3578 qui
2131 3516 2190 3580 pro

487 3616 521 3665 ιι
545 3598 666 3687 ssaepe‘¹
688 3600 777 3664 fatae
800 3598 940 3665 dilectae
962 3607 1096 3664 nostrae
1119 3596 1269 3682 coniugis
1292 3596 1403 3662 anima
1426 3597 1546 3661 missas
1576 3597 1696 3663 cotidie
1720 3598 1845 3662 faciant
1874 3599 1927 3664 vel
1950 3598 2136 3684 psalmodia
2159 3610 2192 3665 et

544 3725 657 3790 preces
681 3706 714 3768 in
737 3713 917 3790 conspectu
941 3701 1065 3767 domini
1087 3702 1206 3786 iugiter
1229 3699 1408 3766 effundant.
1434 3700 1468 3766 Si
1493 3701 1565 3786 quis
1589 3700 1724 3786 antelm]
1750 3725 1791 3767 ex
1808 3702 1987 3769 abbatibus
2010 3704 2189 3770 venerandi

543 3808 631 3873 illius
654 3808 718 3873 loci
742 3808 827 3873 hane
850 3815 998 3873 nostram
1013 3805 1216 3871 voluntatem
1240 3804 1365 3871 violare
1380 3805 1627 3890 presumpserit,
1651 3814 1820 3870 aeternam
1836 3806 1977 3891 effugere
2000 3828 2065 3872 non
2083 3807 2192 3874 valeat
2269 3823 2272 3834 '

544 3911 817 3996 damnatione[m]
843 3922 875 3978 et
896 3910 1031 3977 beatum
1054 3908 1243 3993 adversu[m
1268 3908 1315 3992 s]e
1333 3908 1509 3974 Arnullum
1532 3931 1598 3974 non
1614 3907 1796 3975 adiutorem
1805 3917 1828 3986 ⁸,
1857 3910 1914 3974 sed
1937 3912 2046 3995 potius
2071 3913 2191 3976 sentiat

543 4025 781 4082 accusatorem.
806 4014 872 4080 Sed
895 4024 928 4079 et
951 4034 1065 4079 servos
1088 4011 1150 4096 dci,
1175 4013 1231 4099 qni
1254 4013 1298 4079 ad
1321 4012 1383 4078 hoc
1407 4035 1490 4099 opus
1514 4011 1717 4099 preordinati
1741 4012 1870 4095 inerint,
1900 4037 1959 4100 per
1981 4013 2189 4080 individuum

487 4139 521 4187 30
545 4130 680 4186 sanetae
695 4120 852 4186 trinitatis
868 4140 987 4184 nomen
1003 4117 1204 4198 adiuramus,
1229 4127 1266 4182 ut
1281 4116 1405 4182 nullam
1421 4116 1663 4203 neglegentiam
1680 4118 1813 4200 iaciant,
1838 4119 1925 4203 quin,
1942 4127 1979 4183 ut
1993 4121 2189 4205 premissum

543 4233 603 4307 est,
626 4226 804 4289 continuae
827 4225 860 4288 in
883 4221 1090 4288 orationibus
1114 4230 1147 4286 et
1168 4221 1344 4286 missarum
1361 4218 1547 4286 solemniis¹
1568 4231 1600 4287 et
1623 4221 1817 4308 psalmodiis
1834 4222 2003 4288 studiosae
2025 4225 2190 4289 insistant.

543 4327 667 4394 Omnes
690 4338 802 4393 autem
824 4336 966 4407 nostros,
990 4327 1046 4410 qui
1069 4325 1171 4390 futuri
1195 4335 1282 4407 sunt,
1310 4348 1369 4411 per
1392 4324 1558 4390 Christum
1582 4324 1633 4391 dei
1656 4325 1759 4392 lilium
1782 4325 2021 4412 redemptorem
2046 4329 2191 4394 omniurn

543 4433 736 4497 adiuramus
765 4441 798 4497 et
826 4432 1036 4516 exposcimus
1066 4452 1276 4496 successores
1307 4431 1375 4495 sive
1404 4427 1668 4516 cui[us]cumqne
1697 4431 1819 4497 ordinis
1848 4432 1988 4515 iudices,
2020 4441 2056 4497 ut
2082 4433 2190 4498 nullus

541 4537 604 4602 hoc
623 4536 712 4624 qnod
728 4537 902 4601 statuimus
919 4535 1042 4600 audeat
1063 4536 1247 4621 inrumpere
1263 4543 1296 4599 et
1311 4533 1481 4619 quolibet⁸
1496 4532 1595 4599 modo
1619 4534 1715 4599 aliter
1731 4557 1829 4621 quam
1849 4536 1999 4601 volumus
2016 4537 2188 4602 inmutare.

486 4658 520 4708 eo
544 4640 692 4722 Quodsi
716 4642 790 4726 quis
813 4661 925 4706 eorum
948 4639 1058 4704 facere
1081 4639 1304 4725 temptaverit,
1334 4637 1491 4725 quicquid
1513 4641 1585 4724 ipse
1609 4641 1772 4723 statuerit,
1796 4661 1817 4703 a
1840 4661 1899 4704 suo
1928 4641 2050 4705 sentiat
2073 4640 2188 4706 adver·

543 4747 630 4811 sario
659 4743 800 4810 convelli
825 4752 858 4808 ct
883 4743 1019 4829 insuper
1047 4742 1205 4808 indicium
1234 4741 1407 4807 nobiscnm
1432 4744 1474 4808 sit
1502 4742 1675 4808 habiturus
1704 4764 1815 4808 eoram
1845 4745 2024 4809 iustissimo
2048 4743 2187 4827 iudice).

542 4850 587 4914 Et
615 4859 652 4914 ut
674 4848 757 4914 haec
779 4849 961 4912 auctoritas
988 4848 1114 4912 firmior
1135 4846 1298 4912 habeatur
1326 4848 1379 4912 vel
1402 4846 1563 4912 diuturnis
1586 4846 1792 4932 temporibus
1821 4846 1936 4912 melius
1965 4857 2190 4930 conservetur,

542 4973 643 5017 manu
664 4953 799 5038 propria
822 4949 937 5017 subter
958 4951 1191 5017 adnotavimus
1214 4950 1311 5016 etde
1335 4951 1433 5016 anulo
1456 4961 1570 5016 nostro
1595 4950 1740 5036 sigillare
1763 4952 1930 5017 iussimus.

645 5128 659 5209 Ε
680 5126 817 5214 Signum
842 5127 908 5211 (ll.)
933 5125 1043 5192 Caroli
1067 5126 1298 5212 gloriosissimi
1321 5126 1457 5212 regis}

487 5300 522 5351 to
649 5286 707 5362 (c.)
728 5284 742 5369 ξ
763 5281 1005 5349 Ercambaldus
1028 5281 1178 5347 advieem
1202 5281 1332 5348 Radoni
1356 5270 1449 5364 (Sit),

645 5441 736 5506 Data
750 5439 818 5506 kal,
836 5441 943 5505 maias
960 5461 1046 5505 anno
1071 5440 1185 5525 quinto
1204 5439 1330 5504 decimo
1348 5448 1380 5504 et
1395 5437 1504 5505 nono¹¹
1526 5441 1619 5524 regni
1635 5443 1739 5505 nostri
1761 5440 1820 5524 <ab
1837 5441 2063 5507 incarnatione
2079 5452 2190 5508 autem

543 5546 666 5612 domini
689 5546 794 5610 nostri
817 5542 917 5628 [Iesu]
934 5541 1055 5608 Christi
1080 5565 1166 5608 anno
1193 5544 1487 5629 septingentesimo
1511 5546 1713 5629 octagesimo
1736 5547 1832 5609 tertio
1855 5545 1889 5609 in
1912 5545 1964 5610 die
1987 5547 2190 5611 ascensionis

542 5649 714 5728 dominice,
742 5651 775 5714 in
798 5651 892 5714 cuius
915 5647 1038 5733 vigiliis
1062 5649 1137 5733 ipse
1160 5647 1351 5712 dulcissima
1374 5649 1495 5712 coniux
1519 5656 1632 5713 nostra
1656 5647 1748 5731 obiit,
1772 5650 1805 5711 in
1828 5670 1913 5713 anno
1938 5651 2038 5713 tercio
2063 5650 2189 5717 decimo

620 5891 679 5947 149.
699 5891 725 5957 a)
752 5887 798 5940 die
816 5885 1075 5956 eiapeklammerteu
1092 5889 1273 5943 Buelsatubeu
1299 5888 1361 5943 bier
1382 5889 1445 5943 aad
1472 5889 1510 5942 a'm
1533 5889 1682 5956 folcradae
1706 5887 1796 5942 durch
1813 5887 1918 5942 Folteu
1943 5889 2003 5943 uad
2021 5890 2128 5944 Lo‘clscr
2152 5891 2190 5943 im

486 5959 520 6008 lb
697 5959 865 6027 Pergameut
882 5963 1001 6012 aeratdrt
1071 5960 1099 6025 b)
1115 5961 1237 6012 futurum
1256 5958 1283 6010 B
1351 5960 1377 6026 o)
1395 5960 1541 6010 condamus
1652 5961 1680 6023 d)
1698 5957 1816 6025 sepaeB
1887 5960 1912 6026 e)
1930 5963 1958 6010 in
1977 5976 2029 6014 cora
2048 5959 2191 6013 desselben

697 6026 788 6082 Hasd
806 6025 873 6080 uber
891 6027 941 6081 der
959 6029 1035 6083 Zetis
1052 6029 1206 6098 uaebpetro
1224 6044 1259 6081 eu
1344 6028 1512 6096 osolemnis
1530 6029 1558 6084 B
1644 6032 1672 6096 g)
1690 6030 1829 6096 quodlibet
1847 6028 1873 6082 B
1961 6030 1989 6087 bl
2006 6031 2110 6081 decimo
2129 6027 2190 6082 aud

698 6116 769 6152 nono
787 6096 839 6150 mit
857 6096 1008 6152 duuklerer
1028 6098 1109 6153 Tiats
1127 6045 1299 6165 &dedalum

1980 6189 2034 6252 ae*
