5642 7159
1227 729 1381 790 PIPPIN
1403 726 1475 792 768.
2131 727 2173 793 39

626 919 876 991 66666νεὶ66666
899 937 955 978 666
978 919 1030 978 der
1052 923 1148 979 ersten
1171 919 1277 991 Hdlfte
1300 920 1349 979 des
1372 924 1402 980 9.
1427 919 1480 980 Jb.
1504 920 1547 977 im
1568 918 1815 979 Nutiouulurcbio
1835 937 1876 978 eu
1898 919 1989 978 Puris
2013 917 2075 996 (B).

626 1093 753 1152 Doublet
777 1092 856 1152 Hist.
880 1091 915 1150 66
939 1091 981 1152 St.
1007 1092 1260 1166 Debueras:
1284 1093 1414 1152 Bouebet
1437 1093 1486 1151 Lu
1507 1093 1647 1152 eerttabls
1669 1096 1741 1166 erip.
1764 1110 1811 1165 pr.
1835 1096 1909 1163 227,
1942 1117 1979 1144 =
2004 1093 2049 1150 Le
2072 1090 2174 1150 Oointe

626 1197 704 1255 Ano.
723 1199 753 1268 5,
770 1200 832 1256 714
847 1214 888 1255 66
904 1198 967 1256 768
982 1202 1016 1254 60
1031 1200 1082 1258 11.
1099 1230 1140 1240 -—
1157 1197 1292 1256 Feiibieu
1307 1197 1385 1256 Hist.
1403 1197 1440 1256 de
1454 1198 1495 1257 St.
1513 1197 1615 1272 Denys
1626 1214 1676 1271 pr.
1692 1202 1734 1258 30
1749 1203 1783 1256 6ο
1797 1198 1837 1256 46
1853 1213 1909 1256 sur
1930 1195 2022 1270 t'oriq.
2041 1194 2107 1272 (B).
2131 1227 2172 1239 -

626 1300 762 1374 Bouquet
778 1303 808 1370 5,
832 1303 896 1360 707
910 1305 945 1357 6ο
959 1303 1001 1360 16
1017 1317 1052 1358 66
1067 1305 1180 1374 autom.
1200 1299 1254 1378 (Β)
1278 1323 1320 1356 =
1343 1302 1447 1374 Mipue
1468 1302 1580 1364 Patrol.
1597 1303 1648 1370 96,
1673 1303 1756 1361 1506
1778 1305 1813 1358 60
1827 1303 1879 1362 36.
1896 1333 1936 1344 -
1955 1299 2070 1371 Tardis
2087 1300 2170 1358 Mon.

625 1405 693 1465 bist.
711 1406 750 1465 61
774 1409 809 1462 νεο
824 1407 864 1464 62
880 1421 935 1463 sur
946 1401 1040 1479 l'orip.
1057 1404 1121 1482 (B).
1137 1436 1179 1447 —
1196 1403 1422 1477 Sebristprobeu
1436 1404 1532 1466 Nouo.
1550 1403 1639 1464 truitt
1654 1405 1690 1464 66
1705 1404 1778 1477 depe.
1795 1408 1824 1476 6,
1842 1407 1903 1464 684
1913 1405 1957 1478 pl.
1969 1408 2021 1475 92,
2037 1404 2174 1463 deutsche

625 1508 718 1582 6669.
743 1510 773 1580 8,
796 1511 870 1578 342,
893 1506 998 1566 Maste
1020 1507 1070 1567 des
1092 1508 1171 1568 ercle.
1195 1512 1258 1569 666.
1282 1511 1324 1568 30
1349 1507 1581 1586 (Sipaumeeile).
1608 1541 1652 1552 -
1674 1507 1865 1567 Mitblbacher
1887 1509 1971 1581 lieu„
1985 1512 2047 1568 110
2072 1507 2172 1586 (167).

625 1679 680 1738 Ais
700 1680 823 1754 Vorloue
846 1678 901 1752 fet-r
922 1680 971 1738 die
985 1681 1243 1755 Nuebeeiebnunp,
1268 1681 1316 1739 die
1331 1698 1380 1739 om
1403 1682 1632 1740 bestimmtesteu
1652 1682 1686 1739 in
1708 1681 1762 1739 der
1777 1681 1970 1755 Reroyuitiou
1992 1683 2171 1751 6666666666,

626 1785 724 1844 diocte
747 1786 813 1843 eine
833 1801 889 1842 666
905 1784 1061 1844 Hitberius
1081 1786 1281 1858 pescbriebeae
1302 1785 1458 1856 Urbuude3
1482 1785 1529 1843 die
1550 1785 1739 1845 unverstellte
1763 1783 1993 1857 Genteatsobrift
2015 1788 2094 1858 66666
2117 1784 2172 1844 das

629 1889 764 1963 Geprdpe
787 1888 839 1947 6εν
863 1889 928 1947 Zeit
944 1887 1087 1962 Ludwips
1103 1888 1131 1949 6.
1150 1888 1212 1958 Fr„
1236 1907 1298 1947 aur
1319 1891 1351 1946 iu
1368 1889 1581 1960 Eineelbeiten,
1605 1892 1660 1948 wie
1682 1892 1715 1947 iu
1738 1889 1804 1946 dem
1820 1889 2101 1963 Kureunpseeiebeu
2116 1906 2171 1947 oon

629 1996 729 2053 subter
743 1994 776 2050 iu
799 1991 852 2050 der
869 1991 1105 2063 Corroborutr'oa,
1129 1993 1213 2050 sucht
1228 1995 1271 2051 sie
1293 1994 1366 2052 6666
1382 1993 1539 2052 Hitberius
1561 1994 1801 2066 aacbeuobmen,·
1824 1993 1871 2050 die
1884 1994 2064 2053 tironiscbea
2075 1992 2172 2053 Noten

627 2095 682 2169 fur
704 2096 854 2156 Bitherins
876 2095 1036 2173 subscripsi
1058 2098 1100 2154 ius
1123 2094 1184 2155 SR.
1209 2097 1278 2155 siud
1305 2098 1493 2158 oereeiebnet.
1518 2097 1690 2156 Deutlicber
1717 2097 2021 2170 Votieiebunysstrieb,
2055 2098 2171 2156 Kreur-

624 2201 742 2271 sebuitt,
766 2201 821 2259 dus
837 2201 932 2274 Sieqel
953 2198 1130 2273 abpefclleu,
1153 2199 1324 2273 Liuieruny
1346 2202 1392 2260 bei
1414 2201 1566 2260 66666666
1583 2200 1807 2263 0666666εεὶ66.
1840 2235 1873 2245 -
1899 2201 1959 2260 Die
1981 2200 2111 2274 Spruebe
2133 2203 2172 2260 ist

623 2304 759 2378 uieifaeb,
782 2307 852 2364 uber
873 2305 952 2363 66666
975 2305 1125 2364 durebcus
1146 2305 1293 2378 peyldttet,
1316 2307 1408 2364 uebeu
1431 2305 1484 2363 der
1498 2304 1715 2377 Interpolutiou
1737 2305 1779 2362 im
1797 2304 1873 2363 ruet
1893 2308 1986 2364 treten
2008 2306 2084 2364 6666
2099 2306 2171 2363 norb

623 2409 860 2484 uupewcbulirbe
871 2409 1047 2467 Ausdrricke
1062 2408 1125 2481 aas
1137 2409 1275 2488 (corporis
1291 2409 1354 2479 moi,
1371 2410 1427 2482 666.
1444 2411 1584 2482 libripens
1595 2426 1665 2467 aaut
1677 2407 1822 2481 sineatur
1836 2413 1870 2466 u⁰
1884 2411 1935 2479 16,
1953 2413 2003 2480 44,
2017 2409 2169 2484 specialius

624 2515 763 2588 iubemus,
796 2514 989 2591 praesumptio
1012 2514 1179 2573 iudiciariae
1211 2512 1386 2589 potestatis).
1435 2512 1591 2572 lbutedem
1623 2514 1663 2571 ist
1691 2513 1739 2571 dte
1777 2513 1919 2572 Uricunde
1947 2514 2023 2572 uueb
2054 2511 2172 2585 formell

623 2618 850 2677 mrbedeuklicb:
886 2618 940 2676 dus
962 2618 1128 2676 Formulur
1149 2619 1189 2676 ist
1211 2620 1384 2690 6666966666
1408 2616 1506 2696 (betae
1527 2614 1850 2687 Publicutionsfomel,
1884 2634 1948 2676 cum
1971 2616 2048 2676 omni
2071 2618 2170 2677 merito

623 2721 677 2795 syl.
691 2721 792 2781 Form.
807 2721 988 2793 Mareuisil,
1003 2723 1054 2792 14,
1071 2723 1123 2792 30,
1146 2725 1247 2794 spoter
1262 2738 1367 2780 ausser
1385 2721 1550 2792 Gebrcurb,
1574 2724 1627 2781 sub
1643 2719 1809 2780 emunitatis
1825 2719 1940 2780 nomine
1955 2720 2133 2793 biereulfl,
2150 2723 2172 2780 3

623 2826 678 2898 opi.
703 2826 730 2897 I,
754 2827 805 2896 14,
832 2829 872 2885 16
895 2844 927 2887 u.
950 2843 990 2895 6.,
1026 2825 1074 2883 die
1096 2822 1366 2896 Pertinensformel
1387 2842 1449 2884 aar
1470 2843 1541 2882 eum
1571 2825 1655 2883 Tbed
1677 2846 1719 2879 =
1740 2830 1774 2882 6ο
1796 2828 1848 2894 27,
1881 2826 1981 2883 66666
2007 2825 2078 2883 uber
2098 2824 2170 2884 666

560 2971 562 2976 -
623 2929 829 3002 standumst
852 2927 1060 3006 foroeelreebt).
1099 2928 1248 2990 Scebliebe
1271 2928 1430 2986 1666666666
1452 2927 1603 3000 eutsulien,
1628 2929 1667 2986 do
1689 2927 1742 2987 der
1772 2928 1860 2988 Waid
1882 2928 2072 2987 1666666666
2092 2928 2172 2987 Karl

626 3033 654 3090 6.
682 3032 735 3092 Gr.
761 3035 822 3094 774
846 3033 1005 3092 December
1034 3033 1172 3104 bestdtipt
1194 3032 1272 3090 wird
1299 3032 1364 3090 666
1386 3032 1501 3105 Pippin
1523 3035 1556 3090 in
1578 3032 1622 3093 St.
1646 3032 1739 3090 Derris
1769 3033 1903 3091 bestattet
1925 3033 2035 3103 warde,
2070 3034 2171 3091 Mobe-

623 3137 726 3196 bceber
746 3137 820 3210 Rea.
845 3138 906 3196 115
932 3135 1050 3215 (112⁰.

622 3343 682 3422 (C.)
704 3343 718 3427 Ξ
739 3341 899 3428 Pippinus
925 3340 1051 3426 <gratia
1075 3340 1144 3426 dei>
1171 3364 1230 3406 rex
1254 3342 1459 3406 Francorum
1486 3343 1536 3407 vir
1558 3342 1697 3408 inluster
1726 3342 1876 3408 omnibus
1900 3342 2074 3428 agentibus
2102 3353 2171 3410 tam
2274 3337 2282 3355 '

519 3445 747 3533 praesentibus
777 3467 876 3532 quam
898 3451 937 3510 'et
966 3445 1094 3511 futuris.
1201 3444 1391 3532 Optabilem
1427 3468 1501 3511 esse
1536 3455 1667 3532 oportet
1696 3445 1736 3511 de
1770 3448 1959 3512 transitoria
1992 3450 2171 3533 promereri

519 3561 654 3615 aeterna
676 3549 728 3615 vel
752 3550 793 3614 de
816 3549 942 3615 666666
965 3547 1153 3614 substantia
1174 3546 1188 3632 Ξ
1211 3549 1412 3636 erogandum
1437 3549 1564 3615 lucrare
1587 3550 1710 3634 gaudia
1744 3552 1953 3635 sempiterne.
1991 3550 2095 3635 Igitur
2109 3573 2171 3616 nos

462 3671 496 3718 66
521 3653 636 3718 eadem
652 3651 937 3719 reconsiderantes
953 3652 1115 3718 donamus
1131 3652 1175 3717 66
1190 3651 1363 3718 basilicam
1380 3656 1487 3719 sancti
1504 3654 1666 3740 Dyonisii‚
1690 3654 1746 3720 ubi
1762 3657 1833 3741 ipse
1849 3658 2018 3742 preciosus
2034 3677 2170 3741 corpore

519 3759 693 3844 requiescit
709 3779 784 3823 cum
801 3759 869 3822 suis
887 3759 1010 3822 sanctis
1028 3758 1127 3822 sociis
1144 3766 1177 3823 et
1191 3756 1357 3822 Fulradus
1380 3757 1469 3823 abba
1483 3768 1592 3823 rector
1607 3781 1761 3846 praeesse
1784 3759 1923 3836 videtur,
1947 3759 2170 3846 donatumque

520 3862 553 3926 in
577 3871 771 3948 perpetuum
794 3882 853 3948 pro
877 3861 1007 3926 animae
1030 3871 1164 3926 nostrae
1186 3862 1366 3926 remedium
1390 3884 1448 3927 666
1471 3871 1503 3927 et
1524 3873 1659 3949 propter
1681 3863 1789 3928 locum
1813 3863 2001 3949 sepulturae
2023 3865 2170 3949 corporis

520 3968 582 4030 mei
606 3967 649 4031 ad
678 3964 818 4032 eundem
842 3974 992 4031 sanctum
1024 3965 1132 4030 locum
1157 3987 1230 4030 6666
1257 3964 1420 4048 volumus,
1454 3964 1518 4030 hoc
1546 3975 1597 4031 est
1624 3967 1746 4032 foreste
1774 3976 1889 4031 nostra
1917 3967 2171 4052 cognominante

520 4070 705 4157 Aequalina
740 4093 815 4136 cum
847 4071 935 4135 omni
964 4070 1078 4136 merito
1114 4079 1147 4136 et
1181 4068 1348 4136 soliditate
1372 4092 1442 4154 sua,
1477 4069 1635 4156 quicquid
1664 4069 1707 4135 66
1734 4071 1808 4155 ipss
1838 4070 1921 4134 silva
1946 4071 2096 4155 aspicere
2118 4069 2170 4133 vel

460 4191 495 4236 so
520 4175 681 4259 pertinere
704 4174 843 4256 videtur,
868 4177 953 4240 sicut
977 4197 1080 4261 usqua
1102 4198 1190 4241 nuuc
1213 4199 1234 4241 a
1257 4175 1353 4241 nobis
1383 4175 1446 4240 suit
1468 4195 1634 4260 possessa,
1680 4175 1858 4259 Propterea
1881 4196 1940 4260 per
1965 4173 2051 4238 6666
2073 4194 2169 4260 prae·

520 4280 705 4364 ceptionem
729 4278 904 4364 specialius
927 4279 1077 4345 iubemus
1101 4290 1201 4366 atque
1226 4280 1461 4368 perpetualiter
1485 4288 1644 4344 statutum
1667 4301 1740 4345 6666
1755 4279 1916 4359 volumus,
1940 4281 2057 4344 utiam
2080 4278 2170 4343 dicta

520 4383 603 4447 silva
619 4381 804 4469 Aequalina
820 4406 894 4448 cum
915 4385 1002 4448 omni
1020 4384 1207 4470 integritate
1225 4405 1295 4466 666,
1319 4382 1476 4469 quicquid
1493 4382 1635 4447 deintus
1656 4405 1715 4448 seu
1737 4405 1758 4447 6
1772 4384 1853 4448 foris
1876 4382 2019 4448 ibidem·
2041 4383 2169 4468 aspicit,

519 4485 552 4550 id
577 4494 628 4550 est
647 4494 717 4560 ¹tam
745 4486 869 4550 mansis
892 4487 988 4552 terris
1018 4485 1169 4552 domibus
1198 4487 1358 4553 aedificiis
1381 4486 1560 4552 accolabus
1592 4489 1765 4574 mancipiis
1790 4487 1882 4552 silvis
1912 4489 2015 4551 vineis
2042 4487 2170 4571 campis

518 4591 623 4674 pratis
647 4589 779 4674 pascuis
802 4591 899 4676 aquis
922 4611 1125 4675 aquarumve
1149 4590 1343 4657 decursibus
1366 4590 1544 4656 mobilibus
1568 4601 1601 4656 et
1624 4591 1837 4657 inmobilibus
1861 4592 2009 4676 pecuniis
2032 4589 2169 4675 peculiis

458 4710 493 4758 66
518 4694 688 4778 utriusque
712 4715 823 4777 sexus,
859 4695 969 4780 gregis
998 4717 1073 4759 cum
1098 4695 1286 4782 pastoribus
1315 4719 1443 4762 necnon
1467 4706 1500 4761 et
1530 4696 1660 4761 diversa
1682 4697 1876 4760 feraminum
1908 4715 2028 4780 genera
2055 4717 2112 4760 seu
2136 4703 2170 4758 et

518 4797 710 4863 forestarios
735 4820 809 4864 cum
833 4799 983 4883 ipsorum
1007 4800 1178 4866 mansibus
1207 4802 1240 4866 in
1262 4803 1336 4888 ipsa
1360 4803 1482 4866 foreste
1504 4800 1556 4865 vel
1581 4823 1640 4886 per
1663 4799 1794 4865 diversa
1817 4799 1892 4865 loca
1914 4794 2169 4863 conmanentesb

518 4900 553 4965 id
569 4909 619 4965 est
631 4899 862 4967 0666666ιεί66ο
884 4924 959 4967 cum
978 4905 1065 4968 omni
1089 4905 1277 4990 integritate
1294 4915 1327 4970 ct
1348 4907 1382 4970 in
1397 4904 1605 4990 Ulfrasiagas
1629 4925 1763 4968 mansos
1779 4903 1862 4969 6666
1886 4912 1919 4968 66
1934 4901 2169 4967 Humlonarias

517 5027 593 5071 cum
615 5006 813 5092 integritate,
847 5006 1010 5073 Uisiniolo
1035 5007 1193 5082 similiter,
1229 5008 1486 5075 Ursionevillare
1510 5009 1669 5093 similiter,
1703 5010 1737 5074 in
1763 5009 1906 5074 P-uciolis
1930 5028 2063 5073 mansos
2086 5006 2169 5071 duos

517 5119 550 5173 et
563 5107 936 5195 Adsummumbragium
953 5133 1027 5175 curn
1045 5113 1132 5176 omni
1148 5112 1335 5198 integritate
1351 5123 1483 5200 praeter
1496 5136 1646 5179 mansum
1664 5113 1834 5179 dimidium
1851 5122 1883 5178 et
1898 5114 1931 5177 in
1943 5110 2169 5177 Uillarccllum

459 5231 496 5279 40
522 5235 671 5278 mansum
695 5236 805 5296 unum,
829 5215 862 5278 in
879 5214 1058 5300 Brogarias
1082 5237 1233 5280 mansum
1257 5238 1357 5281 unum
1380 5224 1414 5281 et
1428 5215 1563 5282 Autrieo
1587 5227 1698 5284 monte
1722 5240 1795 5282 oum
1812 5217 2000 5302 integritate
2029 5225 2062 5279 et
2085 5214 2169 5279 Ans·

520 5317 613 5383 berto
637 5319 757 5383 vicinio
782 5319 943 5401 similiter,
979 5319 1012 5383 in
1036 5319 1162 5385 Uillare
1189 5341 1323 5385 mansos
1347 5320 1442 5404 duos,
1477 5322 1510 5385 in
1533 5323 1734 5407 Popiniagas
1763 5343 1913 5385 mansum
1943 5339 2044 5384 unum
2074 5327 2106 5382 et
2135 5320 2168 5382 in

520 5420 627 5487 Uullis
650 5422 806 5496 similiter,
832 5424 942 5489 omnia
966 5433 1065 5489 etex
1089 5422 1251 5506 omnibus,
1287 5425 1372 5488 siout
1395 5422 1539 5488 diximus
1548 5421 1572 5498 ⁶,
1603 5432 1708 5489 totum
1732 5433 1765 5488 et
1788 5424 1832 5488 ad
1854 5425 2016 5509 integrum
2040 5430 2170 5507 praeter

517 5533 655 5607 tantum,
680 5526 769 5611 quod
785 5535 883 5592 antee
907 5525 1028 5593 exinde
1051 5528 1095 5592 ad
1118 5527 1191 5592 loca
1208 5536 1398 5593 sanctorum
1421 5549 1480 5612 per
1496 5537 1677 5592 strumenta
1700 5538 1865 5593 cartarum
1893 5528 2041 5592 noscitur
2067 5526 2169 5590 fuisse

518 5648 723 5714 conoessum,
748 5630 781 5696 id
803 5641 880 5696 sunt
903 5632 947 5696 ad
971 5641 1121 5697 sanctum
1147 5631 1347 5698 Germanum
1370 5631 1632 5697 Parisiacensem
1656 5642 1689 5696 et
1712 5633 1755 5697 66
1778 5633 1895 5697 cellam
1919 5655 2004 5719 quae
2031 5638 2170 5694 vocatur

456 5747 493 5796 46
517 5731 678 5818 Fossatis,
714 5756 799 5821 quae
823 5736 888 5801 sita
918 5738 1024 5800 estin
1054 5737 1126 5822 ipso
1156 5735 1338 5819 Parisiago‚
1375 5746 1407 5799 et
1430 5735 1472 5800 ad
1505 5745 1653 5801 sanctum
1684 5737 1897 5802 Benedictum
1927 5736 2169 5801 6166666666ο

612 5921 651 5976 ²8.
671 5921 765 6044 2661·
789 5927 862 6002 erate
880 5921 1040 5977 3666666666
1063 5923 1121 5990 ares
1135 5923 1329 6010 ltasareorr.
1417 5995 1422 6005 Ι
1454 5926 1483 5991 6)
1500 5931 1656 6004 6666666666
1675 5925 1702 5978 Β
1822 5927 1848 5991 6)
1865 5940 1919 5978 aua
1940 5925 2099 6003 cotonarias
2116 5923 2168 5975 urit

691 5989 907 6048 accumbente
923 6007 995 6046 corr.
1098 5993 1126 6060 d)
1145 6000 1215 6046 66666
1225 5994 1342 6047 drxrmur
1354 5994 1480 6048 66666666
1490 5994 1666 6063 6666666666
1769 5997 1795 6062 6)
1813 5995 1868 6048 dar
1880 5994 1959 6048 telate
1971 6011 1982 6045 s
1995 5993 2053 6059 uus
2061 5993 2168 6052 Rasur,

671 6075 744 6115 corr.
763 6076 816 6114 ace
835 6077 849 6115 e
