5642 7159
1287 798 1717 860 salsauuususneu.

1468 985 1529 1058 25.

675 1146 809 1239 Pippiu
836 1144 1095 1237 5616661666
1113 1142 1258 1215 1666166
1283 1141 1333 1214 St.
1362 1143 1501 1214 Derris
1529 1145 1593 1215 dos
1619 1141 2017 1236 5661661616Ρ6161166
2043 1166 2109 1215 rur
2134 1141 2325 1234 6161166666

675 1269 735 1341 des
761 1265 916 1339 Besitres
942 1267 1017 1338 666
1042 1264 1130 1354 frete
1156 1261 1347 1350 Abtewolri.

1758 1386 1804 1448 St.
1827 1387 1923 1447 Derris
1947 1389 2011 1447 768
2033 1385 2204 1461 September
2224 1389 2278 1446 23.

778 1576 943 1638 0116616166
969 1593 1026 1637 666
1056 1577 1122 1636 dem
1145 1575 1232 1637 16666
1260 1577 1310 1636 666
1333 1581 1385 1637 12.
1408 1577 1479 1635 oder
1500 1576 1701 1657 Anscnodes
1724 1579 1775 1638 18.
1800 1575 1853 1636 Jt.
1878 1577 1952 1638 66.
1977 1579 2061 1638 1156
2085 1575 2111 1649 f.
2137 1579 2177 1635 18
2200 1573 2254 1653 (B)
2278 1591 2360 1639 :a

778 1679 942 1741 0116616166
963 1679 1014 1739 666
1037 1683 1088 1740 16.
1114 1679 1167 1742 Ji.
1192 1680 1264 1742 LIr.
1289 1683 1375 1741 1157
1393 1697 1427 1754 6.
1452 1684 1495 1742 12
1516 1680 1577 1759 (C),
1601 1681 1684 1742 bride
1705 1683 1748 1739 im
1769 1680 2017 1742 Natioaolarelrio
2036 1699 2077 1740 eu
2098 1679 2201 1740 Puris.

777 1835 905 1896 Doublet
921 1837 1000 1896 Hist.
1018 1837 1053 1895 de
1068 1836 1111 1896 St.
1127 1835 1305 1912 1166166701
1327 1863 1362 1890 =
1380 1839 1426 1898 Le
1442 1838 1638 1902 0616161166.
1655 1842 1685 1910 5,
1710 1842 1773 1901 716
1787 1858 1828 1898 ru
1844 1842 1908 1899 768
1922 1844 1957 1896 a⁰
1968 1843 2012 1900 20
2036 1837 2263 1912 uaoodstoedip,
2281 1858 2322 1891 =

777 1940 914 2014 Bospori
930 1942 958 2012 5,
983 1944 1046 2001 710
1060 1945 1095 1998 a⁰
1108 1945 1149 2001 19
1166 1963 1208 1996 =
1224 1941 1326 2015 111666
1341 1943 1453 2004 Ρ61661.
1472 1946 1523 2014 96,
1547 1945 1633 2004 1567
1647 1949 1682 2002 a⁰
1695 1946 1748 2004 38.
1773 1976 1813 1987 —
1836 1944 2032 2003 6101116616
2049 1943 2122 2016 aeq.
2141 1945 2204 2002 107
2219 1938 2321 2019 (104).

782 2096 904 2170 7661666
926 2097 974 2155 die
994 2095 1136 2156 Urlruade
1155 2097 1348 2158 1666666616
1364 2099 1416 2158 IV
1432 2117 1489 2159 666
1511 2103 1575 2160 778
1596 2101 1722 2159 Marri
1747 2099 1934 2160 66661).
1957 2101 2251 2169 616666826793,
2274 2096 2324 2155 die

776 2202 899 2277 666666
910 2203 1064 2262 1166666666
1076 2203 1196 2262 61166111
1207 2203 1262 2276 661.
1276 2202 1371 2265 Sakai
1382 2204 1478 2265 Beier.
1490 2223 1517 2265 e.
1532 2205 1686 2278 11161111
1705 2205 1822 2266 Wiener
1833 2203 1898 2266 SB.
1910 2209 1962 2274 47,
1978 2207 2053 2275 219,
2074 2202 2138 2263 UD.
2156 2204 2228 2272 151,
2246 2204 2318 2261 170.
2344 2215 2377 2264 10

782 2305 873 2365 Ueber
894 2306 950 2365 666
972 2303 1164 2380 5166161666
1178 2307 1309 2381 Ρ6161166
1330 2309 1395 2367 666
1417 2307 1474 2367 666
1498 2307 1626 2368 066666
1648 2309 1702 2367 666
1726 2307 1856 2367 &ossen
1877 2305 2319 2366 6161666116.171.6.578.

776 2493 934 2580 Ρ1661666
957 2517 1016 2559 rex
1032 2494 1237 2559 Francorum
1260 2495 1310 2559 vir
1332 2494 1469 2560 illuster.
1573 2495 1771 2581 incipientia
1785 2497 1877 2580 regui
1892 2495 1996 2560 nostri
2013 2493 2135 2559 affectu
2151 2491 2192 2557 de
2207 2500 2321 2556 nostra

675 2597 840 2661 erectione
868 2597 993 2684 integre
1024 2597 1207 2664 auxiliante
1236 2597 1368 2664 domino
1397 2598 1534 2685 vigilavi
1564 2609 1597 2664 et
1626 2621 1685 2685 pro
1714 2601 1788 2685 ipso
1817 2598 1904 2664 bono
1936 2620 2035 2683 opere
2063 2604 2216 2661 auctum·
2246 2617 2322 2660 cum

674 2700 813 2764 consilio
837 2703 1030 2786 pontificum
1052 2701 1104 2766 vel
1129 2703 1293 2768 seniorum
1318 2703 1515 2788 optimatum
1537 2712 1724 2768 nostrorum
1748 2723 1807 2789 pro
1831 2711 1944 2767 nostro
1968 2699 2193 2767 confirmando
2218 2721 2319 2784 regno

673 2814 705 2868 et
728 2827 787 2890 pro
810 2805 961 2871 mercede
984 2806 1035 2869 vel
1048 2805 1263 2892 adipiscenda
1284 2807 1353 2871 vita
1376 2815 1489 2871 eterna
1511 2815 1545 2871 et
1559 2828 1619 2893 pro
1643 2806 1829 2873 reverentia
1853 2807 1959 2871 sancti
1977 2805 2129 2890 Dyouisii
2154 2804 2319 2888 martyris,
2344 2821 2377 2866 66

673 2907 798 2973 Rustici
829 2917 861 2972 61
887 2908 1079 2991 6166166611,
1114 2910 1168 2996 qui
1203 2909 1345 2995 glorioso
1375 2932 1415 2975 uc
1449 2910 1637 2996 triumphali
1667 2922 1743 2977 voto
1775 2933 1833 2997 pro
1868 2933 1981 2977 amore
2008 2909 2131 2975 Christi
2164 2928 2321 2972 coronam

673 3013 822 3097 martyrii
846 3013 1016 3078 consecuti
1040 3023 1127 3094 sunt,
1151 3013 1195 3079 ad
1210 3012 1382 3080 basilicam
1398 3015 1556 3099 ipsorum,
1579 3014 1636 3078 ubi
1659 3015 1866 3100 requiescere
1890 3012 2040 3079 videntur
2056 3013 2136 3077 etin
2153 3009 2320 3075 miraculis

672 3116 830 3180 virtutum
853 3115 1062 3198 choruscant,
1086 3116 1128 3181 ad
1152 3117 1243 3202 ipsos
1269 3118 1459 3202 monachos,
1484 3120 1539 3204 qui
1562 3117 1684 3184 ibidem
1708 3119 1872 3185 deservire
1896 3118 2057 3199 videntur,
2084 3116 2144 3181 sub
2168 3114 2321 3180 libertate

674 3217 867 3302 evangelica
882 3217 1079 3305 regulariter
1093 3222 1252 3303 viventes,
1277 3223 1364 3285 sicut
1386 3223 1513 3307 antiqui
1530 3232 1640 3307 patres
1657 3221 1708 3286 vel
1725 3223 1905 3288 anteriores
1921 3243 2016 3308 reges
2032 3220 2317 3300 confirmaverunt,

672 3344 733 3387 nos
757 3321 863 3390 denuo
887 3327 919 3390 16
948 3326 1021 3412 1666
1046 3335 1161 3391 666616
1185 3325 1258 3391 1666
1282 3337 1395 3393 666166
1418 3350 1554 3392 munere
1576 3327 1782 3413 privilegium
1806 3348 1965 3392 renovare
1989 3325 2200 3407 deberemus3
2230 3320 2318 3409 quod
2342 3338 2377 3385 ac

672 3428 720 3492 lla
744 3438 776 3493 el
798 3430 946 3495 fecimus.
969 3429 1059 3515 Ergo
1083 3451 1188 3512 oportet
1210 3446 1377 3497 clementiam
1399 3448 1573 3513 principalem
1591 3450 1660 3497 inter
1678 3455 1780 3498 ceteras
1795 3449 1942 3513 peticiones
1965 3446 2040 3509 illud,
2068 3443 2139 3510 quod
2162 3459 2210 3508 pro
2233 3442 2320 3492 saluta

674 3549 817 3600 ascribitur
839 3549 882 3600 661
904 3565 952 3614 666
975 3549 1067 3600 divino
1094 3553 1200 3601 nomine
1227 3550 1388 3616 postulatur,
1418 3551 1544 3616 placabili
1570 3551 1665 3601 auditu
1693 3552 1828 3616 suscipere
1851 3557 1878 3602 et
1908 3550 1941 3601 ad
1965 3549 2086 3601 effectum
2109 3546 2261 3613 perducere,
2291 3550 2322 3594 ut

672 3652 720 3704 661
741 3653 770 3702 16
792 3653 920 3704 mercedis
949 3641 1224 3722 coniunctionem,
1254 3655 1317 3705 dum
1339 3671 1387 3720 pro
1411 3657 1501 3720 quiete
1528 3670 1664 3706 servorum
1687 3655 1729 3706 661
1753 3656 1796 3706 661
1824 3656 1999 3722 congruentia
2026 3653 2094 3704 locis
2122 3650 2321 3704 venerabilibus

673 3759 824 3823 impertitur
846 3760 952 3823 peticio.
997 3760 1069 3826 Ergo
1093 3759 1154 3809 dum
1178 3765 1204 3811 et
1232 3762 1400 3826 omnipotens
1422 3766 1505 3826 pater,
1529 3763 1583 3827 ‚qui
1608 3761 1675 3810 dixit
1697 3760 1730 3811 de
1752 3762 1869 3813 tenebris
1891 3761 1982 3811 lumen
2005 3746 2217 3825 explendescere‘
2228 3740 2249 3825 ¹,
2272 3772 2320 3821 per

675 3863 867 3914 incarnationis
894 3865 1040 3914 misterium
1069 3865 1199 3931 unigeniti
1229 3864 1277 3915 6111
1300 3867 1341 3915 661
1365 3865 1465 3916 domiui
1487 3867 1571 3915 nostri
1593 3864 1660 3915 Jesu
1684 3865 1782 3940 Christi
1804 3865 1848 3916 vel
1869 3864 2075 3915 illustrationem
2097 3863 2207 3928 spiritus
2233 3861 2319 3910 sancti
2342 3859 2376 3907 85

675 3967 765 4017 illuxit
787 3970 815 4018 16
838 3967 919 4019 66666
942 3975 1093 4020 sanctorum
1117 3970 1329 4033 christianorum,
1353 3986 1400 4034 pro
1418 3971 1495 4020 cuius
1510 3985 1599 4019 amore
1614 3974 1641 4019 61
1656 3968 1787 4020 desiderio
1809 3971 1879 4019 16166
1894 3975 1997 4020 6616666
2018 3967 2150 4034 gloriosos
2171 3964 2321 4029 triumphos

674 4077 819 4136 martyrum
842 4074 936 4124 beatus
959 4073 1106 4138 Dyonisius
1129 4068 1162 4123 et
1191 4081 1269 4145 sepe
1291 4059 1357 4123 lam
1386 4058 1493 4123 dietus
1515 4073 1642 4124 Rusticus
1665 4079 1692 4124 et
1712 4074 1892 4137 Eleutherius‚
1920 4075 1966 4139 qui
1995 4073 2074 4137 primi
2096 4076 2157 4136 post
2185 4067 2321 4135 apostolos

676 4175 726 4224 sub
749 4176 915 4227 ordinatione
938 4178 1010 4227 beati
1033 4177 1185 4241 Clementis,
1213 4177 1285 4228 Petri
1308 4178 1424 4242 apostoli
1452 4180 1621 4241 successoris,
1643 4179 1672 4228 in
1694 4178 1764 4230 hanc
1786 4177 1934 4229 Galliarum
1963 4177 2124 4242 provintiam
2155 4173 2321 4225 advenerunt

674 4278 765 4344 ibique
794 4279 962 4344 predicantes
984 4283 1145 4354 baptismum
1168 4282 1313 4346 penitentie
1335 4266 1369 4331 ln
1391 4283 1572 4332 remissionem
1601 4287 1779 4347 peccatorum,
1808 4281 1871 4332 dum
1893 4283 1922 4331 16
1944 4282 2015 4331 6666
2038 4278 2146 4330 modurn
2168 4277 2316 4340 certabant,

672 4383 709 4433 ibi
731 4390 885 4434 meruerunt
914 4383 1028 4449 palmam
1051 4387 1170 4450 martyrii
1194 4393 1220 4436 et
1242 4401 1354 4436 coronas
1376 4387 1514 4451 percipere
1535 4385 1674 4452 gloriosas,
1702 4387 1750 4436 ubi
1772 4401 1819 4451 per
1841 4384 1927 4435 multa
1948 4390 2068 4449 tempora
2090 4388 2117 4433 61
2138 4397 2222 4447 usque
2245 4396 2317 4430 nunc
2340 4380 2375 4429 ³0

672 4487 699 4536 in
722 4502 813 4537 eorum
836 4487 955 4552 basilica,
978 4489 1006 4537 in
1029 4503 1082 4553 qus
1104 4490 1225 4553 preciosa
1247 4506 1340 4540 eorum
1363 4504 1476 4554 corpora
1497 4492 1663 4556 requiescere
1686 4490 1819 4553 videntur,
1841 4506 1896 4541 non
1918 4490 2028 4539 minima
2045 4485 2174 4537 miracula
2188 4486 2319 4535 virtutum

673 4588 794 4641 Christus
816 4606 864 4656 pro
888 4592 953 4656 ipsis
977 4591 1101 4658 dignatur
1123 4594 1235 4658 operari,
1258 4595 1286 4643 in
1309 4611 1362 4661 quo
1385 4596 1465 4645 etiam
1488 4577 1590 4656 [1666]δ
1612 4599 1629 4631 t
1645 4580 1784 4646 domnus
1801 4596 1973 4662 Dagobertus
1995 4592 2128 4660 quondam
2144 4608 2190 4643 rex
2213 4589 2321 4641 videtur

673 4696 853 4760 requiescere:
876 4698 977 4746 utinam
1001 4702 1158 4761 61666666
1180 4698 1396 4750 intercessionem
1420 4705 1571 4750 sanctorum
1594 4701 1712 4765 ipsorum
1734 4700 1869 4751 166616611
1891 4715 1973 4766 regno
1997 4715 2057 4748 cum
2081 4698 2203 4748 omnibus
2219 4695 2319 4745 sanctis

674 4813 822 4849 mereamur
849 4801 1003 4865 participari
1033 4804 1059 4850 61
1080 4802 1163 4850 vitam
1191 4806 1308 4852 eternam
1338 4805 1482 4868 percipere.
1515 4803 1601 4870 Igitur
1627 4789 1677 4854 vir
1705 4805 1865 4856 venerabilis
1889 4821 1906 4854 6
1923 4787 2090 4854 Fulradus
2113 4803 2184 4852 abba
2206 4800 2239 4852 66
2261 4802 2320 4865 1666

673 4902 785 4954 basilica
807 4903 951 4970 peculiaris
973 4906 1078 4970 patroni
1102 4906 1185 4955 nostri
1208 4905 1298 4956 domni
1313 4907 1438 4972 Dyonisii
1452 4924 1469 4956 6
1491 4907 1630 4958 6166666116
1652 4909 1726 4974 regni
1749 4910 1832 4959 nostri
1855 4909 1967 4959 credidit
1982 4906 2186 4974 suggerendum,
2208 4903 2279 4970 quod
2302 4919 2318 4953 6
2341 4903 2376 4951 35

674 5007 754 5075 longo
777 5013 896 5075 tempore
918 5024 935 5060 a
956 5009 1129 5075 pontificibus
1151 5011 1314 5062 Parisiorum
1337 5012 1410 5063 urbis
1426 5014 1558 5080 integrum
1580 5013 1750 5079 privilegium
1774 5011 1909 5078 adipeam
1931 5012 2069 5062 basilicam
2089 5009 2178 5060 domni
2193 5007 2318 5073 Dyonisii

671 5111 767 5162 1616661
789 5129 943 5164 concessum
960 5119 987 5164 61
1002 5115 1036 5164 ab
1052 5114 1229 5166 anterioribus
1252 5116 1367 5181 regibus,
1389 5118 1546 5180 parentibus
1566 5118 1673 5178 nostris,
1696 5116 1729 5167 66
1745 5131 1776 5166 66
1800 5121 1917 5182 tempore
1940 5131 2025 5181 usque
2040 5130 2111 5164 nuno
2127 5111 2319 5172 confirmatum,

673 5217 719 5281 qni
743 5220 769 5266 61
791 5218 877 5281 ipsum
901 5218 1069 5284 privilegium
1089 5234 1136 5268 666
1159 5223 1186 5269 61
1201 5219 1272 5283 ipsas
1287 5221 1472 5285 preceptiones
1494 5220 1536 5270 661
1560 5220 1772 5271 confirmationes
1794 5236 1885 5286 66666
1907 5219 2030 5269 manibus
2052 5219 2150 5269 habere
2173 5208 2319 5279 affirmat⁸3

670 5317 717 5370 sed
739 5334 790 5383 pro
813 5321 918 5387 integra
944 5320 1067 5372 firmitate
1095 5323 1173 5386 petiit
1194 5322 1252 5388 1666
1274 5323 1315 5371 616
1343 5306 1510 5372 Fulradue
1537 5323 1609 5372 abba
1630 5337 1647 5372 a
1669 5322 1826 5373 celsitudine
1854 5327 1954 5384 666166,
1987 5327 2018 5371 61
2039 5326 2066 5372 61
2088 5337 2137 5370 666
2160 5321 2319 5383 1166616666

669 5425 867 5488 preceptionem
896 5428 1013 5475 nostram
1036 5424 1088 5475 hoc
1110 5424 1266 5488 deberemus
1288 5425 1429 5477 affirmare.
1458 5427 1578 5489 Quorum
1600 5432 1654 5476 tam
1677 5425 1828 5493 religiosam
1851 5427 2009 5492 peticionem
2032 5424 2206 5476 libentissime
2230 5439 2317 5474 66666-
2340 5423 2376 5474 40

670 5529 741 5592 61666
764 5532 790 5578 61
811 5528 985 5578 in·omnibus
1009 5528 1178 5581 confirmasse
1201 5535 1291 5582 vestra
1314 5532 1460 5596 comperiat
1481 5530 1646 5597 magnitudo.
1674 5529 1728 5581 Sed
1750 5532 1813 5597 quia
1835 5547 1852 5581 a
1873 5532 2060 5597 suprascriptis
2083 5530 2251 5595 principibus
2273 5527 2317 5579 vel

669 5647 686 5684 a
714 5633 808 5683 6616616
836 5633 931 5698 priscis
953 5635 1068 5700 regibus,
1097 5636 1176 5686 etiam
1200 5641 1227 5687 61
1248 5651 1266 5687 6
1288 5636 1365 5686 derrm
1394 5636 1550 5686 timentibus
1580 5636 1731 5686 christianis
1753 5635 1905 5686 hominibus
1927 5637 2015 5700 ipsum
2037 5634 2167 5699 templum
2188 5632 2231 5684 661
2261 5634 2319 5698 1666

670 5741 779 5786 sauctus
801 5735 876 5786 locus
898 5741 1007 5802 6666166
1029 5753 1143 5789 amorem
1168 5739 1210 5789 dei
1229 5743 1255 5790 61
1278 5741 1359 5790 vitam
1383 5745 1500 5790 eternam
1516 5757 1532 5788 6
1554 5741 1634 5790 rebus
1657 5740 1762 5790 videtur
1778 5757 1834 5791 esse
1850 5740 1958 5801 ditatus,
1980 5745 2071 5789 nostra
2086 5740 2190 5805 integra
2212 5736 2319 5788 devotio

669 5844 717 5902 661,
746 5845 783 5903 61,
808 5825 894 5890 eleut
924 5829 1073 5911 superius
1102 5828 1336 5912 intimavlmUS,
1366 5825 1557 5911 privilegiumd
1580 5844 1614 5893 ad
1636 5845 1722 5909 ipsum
1751 5850 1871 5895 sanctum
1899 5844 1988 5895 locum
2010 5843 2103 5893 abbati
2124 5841 2168 5893 vel
2190 5841 2319 5891 fratribus

755 6011 796 6066 2⁵.
824 6013 851 6080 a)
868 6019 957 6065 actum
975 6012 1002 6066 B
1105 6016 1265 6084 1))66661111
1284 6031 1338 6070 aue
1357 6015 1407 6070 der
1431 6016 1486 6072 VU.
1591 6018 1616 6084 6)
1633 6018 1768 6070 affirmant
1785 6017 1812 6070 B
1915 6018 1942 6085 6)
1959 6023 1990 6068 61
2007 6017 2178 6084 privilegium
2196 6013 2223 6068 B
2337 6022 2372 6070 45

705 6117 726 6188 ¹)
744 6119 764 6172 2
782 6117 844 6172 Gor.
863 6121 888 6181 t,
906 6121 933 6172 6.
