5642 7159
929 1887 990 1935 10

925 2475 986 2524 15

916 2998 985 3048 20

913 3517 980 3566 25

913 4041 980 4089 30

913 4559 979 4608 35

911 5079 978 5127 40

913 5423 980 5472 45

907 5771 973 5818 50

2177 747 2410 807 KARL
2454 747 2631 805 ΗΕΒ
2676 745 3009 805 GBOSSE
3059 777 3157 805 -,
4204 743 4334 808 459

1239 940 1444 1012 siulfi,
1498 936 1707 997 Gallia
1753 937 1952 996 christ.
2003 930 2097 1006 6⁶,
2146 940 2276 996 107
2317 940 2386 993 n⁰
2417 939 2473 1005 7,
2525 937 2585 996 8.
2675 934 2806 994 Der
2845 951 3080 1008 ,qanaeen
3127 935 3357 1008 Anlaye
3407 935 3561 993 nach
3598 935 3803 1007 qehort
3849 936 3946 994 die
3991 936 4334 1010 Falschunq

1236 1043 1384 1102 noch
1435 1041 1567 1101 dem
1624 1040 1914 1113 fraheren
1957 1039 2324 1115 mittelalter,
2394 1044 2543 1099 etwa
2598 1040 2900 1100 10.—11.
2949 1038 3002 1099 J
3000 1039 3078 1110 h„
3147 1056 3259 1111 cm,-
3349 1039 3490 1099 dass
3550 1038 3647 1097 die
3690 1039 4335 1114 Klosteryrandunqen

1239 1149 1303 1204 in
1369 1145 1483 1204 den
1553 1145 1924 1218 Wastunyen
1980 1143 2419 1218 Septimaniens
2493 1145 2560 1202 in
2632 1141 2937 1202 dhnlicher
3002 1142 3224 1213 Weise,
3294 1143 3406 1200 wie
3473 1142 3604 1200 hier
3673 1143 3899 1202 erzdhlt
3956 1144 4141 1216 wirci,
4209 1145 4334 1205 sich

1238 1250 1579 1324 abspielten,
1625 1251 1781 1322 zeiqt
1826 1248 1922 1307 die
1976 1247 2262 1308 Urkunde
2305 1247 2493 1306 Karls
2524 1246 2583 1309 d.
2624 1245 2732 1308 Gr.
2782 1244 2894 1318 fiir
2937 1246 3241 1320 Laqrasse
3281 1251 3352 1304 πθ
3380 1248 3528 1307 189.
3574 1245 3704 1305 Der
3746 1247 4082 1320 anqebziche
4113 1247 4334 1319 Stifter

1239 1355 1358 1413 Abt
1403 1352 1633 1423 Attalo,
1682 1352 1796 1411 den
1838 1369 1983 1410 man
2024 1368 2203 1426 soqar
2245 1353 2355 1411 mit
2400 1353 2591 1410 ciuem
2636 1351 3057 1411 unbekannten
3100 1351 3287 1411 Atala
3330 1353 3398 1409 in
3443 1351 3631 1410 einem
3684 1350 3932 1411 Gedicht
3983 1351 4329 1426 Theodulfs,

1236 1458 1327 1517 M.
1381 1456 1455 1517 G.
1501 1457 1720 1516 Poetae
1764 1456 1867 1516 lat.
1916 1460 1976 1527 1,
2038 1458 2167 1516 522
2226 1473 2278 1516 v.
2329 1455 2433 1526 72,
2500 1454 2902 1526 identificiren
2962 1455 3166 1526 wollte,
3236 1456 3461 1515 scheint
3513 1472 3638 1530 nur
3696 1457 3824 1515 eine
3890 1455 4177 1516 Variam
4232 1456 4332 1516 des

1238 1561 1419 1620 Abtes
1464 1558 1660 1618 Attila
1705 1561 1772 1618 in
1816 1558 1924 1618 der
1978 1559 2265 1619 Urkunde
2307 1558 2685 1619 Karlmamts
2729 1577 2812 1618 zu
2857 1560 3021 1632 sem,-
3087 1563 3250 1619 sonet
3294 1559 3478 1631 findet
3522 1561 3648 1620 sich
3695 1558 3806 1632 far
3849 1559 4008 1619 diese
4057 1560 4192 1619 Zeit
4235 1561 4331 1621 ein

1236 1663 1356 1723 ΑΜ
1386 1662 1597 1722 Attalo
1639 1680 1763 1722 nur
1794 1663 1919 1722 814
1969 1660 2080 1734 far
2109 1662 2431 1737 Laqrasse,
2480 1662 2872 1723 Msshlbacher
2901 1663 3047 1737 Rey.
3083 1665 3229 1735 547,
3263 1665 3391 1724 548
3424 1663 3598 1742 (528,
3633 1666 3804 1739 529).
3851 1663 3970 1723 Die
4012 1665 4322 1725 Unverein·

1237 1767 1464 1827 barkeit
1508 1766 1614 1825 der
1652 1765 2055 1826 Jahresdaten
2100 1767 2303 1826 warde
2345 1768 2524 1826 sehon
2566 1784 2680 1845 von
2724 1767 3021 1826 Mabillon
3055 1766 3093 1827 Ζ.
3128 1785 3174 1827 c.
3223 1768 3417 1828 betont
3460 1766 3591 1827 und
3633 1768 3743 1828 das
3774 1767 3960 1828 Stack
4004 1769 4216 1828 bereits
4264 1771 4330 1827 in

1241 1872 1346 1930 der
1388 1875 1666 1931 neuesten
1696 1870 1977 1944 Ausyabe
2021 1871 2126 1929 der
2171 1872 2331 1930 Hist.
2364 1871 2435 1929 de
2464 1870 2827 1944 Lanquedoc
2858 1874 2916 1942 4,
2966 1873 3091 1931 549
3136 1871 3218 1931 N.
3250 1873 3286 1930 1
3340 1871 3450 1930 den
3481 1871 3900 1945 Falschunyen
3942 1873 4327 1945 euqewiesen.

1237 1973 1443 2046 Sickel,
1492 1977 1639 2049 Ray.
1671 1978 1820 2046 378,
1867 1976 1972 2034 hat
2018 1973 2145 2047 auf
2188 1974 2540 2048 Grundlaye
2583 1975 2683 2036 des
2727 1975 3014 2048 Auszuys
3058 1992 3172 2034 von
3216 1974 3513 2035 Mabillon
3566 1976 3665 2034 ein
3707 1979 3908 2035 actum
3953 1974 4331 2048 deperditum

1233 2078 1423 2139 Karls
1469 2079 1525 2138 d.
1581 2077 1691 2139 Gr.
1737 2095 2184 2152 anqmvmmen.

1234 2266 1298 2315 Iu
1344 2266 1557 2315 nomine
1602 2270 1821 2315 sanctae
1877 2269 1932 2315 et
1974 2264 2288 2316 individuae
2332 2265 2603 2315 trinitatis.
2692 2263 2928 2315 Karolus
2974 2264 3059 2315 dei
3112 2257 3326 2331 gratia⁸
3378 2250 3740 2333 imperator
3797 2249 4206 2314 Francorum
4266 2258 4331 2314 et

1027 2351 1670 2440 Longobamiorumb
1718 2374 1796 2418 ao
1840 2355 2153 2440 patricius
2187 2354 2649 2419 Romanorum.
2830 2368 3030 2419 Notum
3060 2368 3174 2419 fieri
3205 2368 3453 2419 volumus
3485 2369 3721 2420 omnium
3754 2366 3992 2418 fidelium
4023 2373 4326 2418 nostrorum

1031 2479 1139 2524 tam
1184 2474 1543 2538 praesentium
1590 2488 1750 2538 quam
1795 2473 2096 2523 futurorum
2142 2473 2453 2537 industriae,
2502 2459 2850 2544 quoniam⁰
2899 2459 3170 2523 veniens
3219 2456 3300 2522 de
3346 2456 3647 2542 partibus
3694 2456 4065 2544 Hispaniae
4096 2456 4330 2523 Attal&

1026 2561 1424 2628 venerabilis
1480 2558 1738 2627 abbas‘¹
1794 2571 1859 2627 et
1904 2561 2303 2647 Agobardus
2362 2584 2583 2627 seeum
2642 2560 2897 2627 habens
2955 2571 3021 2627 et
3069 2583 3294 2627 servos
3341 2571 3407 2627 et
3462 2561 3706 2628 liberos
3765 2561 4100 2627 retrahere
4161 2584 4232 2627 se
4288 2584 4330 2627 a

1031 2667 1347 2732 societate
1403 2665 1732 2732 nefandae
1777 2667 1995 2751 gentis
2054 2665 2350 2732 volentes
2397 2666 2838 2751 confugerunt
2894 2665 2982 2730 ad
3024 2674 3326 2732 nostram
3371 2665 3865 2731 celsitudinem⁰
3912 2665 4327 2752 suggerendo

1029 2768 1348 2857 eamque‘
1388 2771 1783 2856 deprecatus
1830 2780 1932 2836 est
1975 2770 2356 2857 praedictus
2410 2770 2622 2835 abbas
2668 2769 3078 2856 imperialem
3138 2769 3572 2853 clementiam,
3641 2780 3716 2835 ut
3768 2770 3836 2834 in
3883 2768 4329 2856 Septimaniae

1029 2875 1312 2940 confinio
1360 2899 1457 2959 ea,
1530 2883 1742 2961 quaess
1797 2873 1878 2939 de
1923 2895 2143 2939 eremo
2194 2874 2451 2940 trahere
2498 2884 2615 2940 aut
2666 2875 2920 2941 cultum
2965 2872 3333 2961 potuisset¹²
3393 2884 3510 2938 aut
3553 2897 3787 2948 emere,
3834 2872 4169 2939 licentiam
4213 2873 4324 2938 ha-

1030 2977 1324 3046 buisset¹.
1359 2979 1448 3044 At
1470 2979 1581 3045 ille
1612 2978 1915 3066 primitus
1940 2979 2207 3044 veniens
2239 2981 2305 3043 in
2331 2980 2617 3045 confinio
2642 2980 3058 3045 Petralatens
3093 2977 3253 3044 seu¹¹
3284 2980 3351 3043 in
3385 2979 3624 3062 locum,
3656 2977 3770 3043 ubi
3802 2977 4198 3042 vocabulum
4225 2985 4329 3041 est

1028 3081 1541 3169 Magregesum¹,
1585 3083 1837 3148 invenit
1869 3081 2210 3166 ecclesias,
2260 3106 2430 3168 quae
2474 3082 2560 3149 ab
2610 3085 3035 3170 antiquitus¹²²¹
3079 3083 3344 3148 fuerant
3375 3081 3694 3147 fundatae
3711 3090 3761 3162 ¹¹,
3811 3079 3929 3146 sed
3958 3103 4000 3146 a
4044 3080 4330 3167 paganis

1027 3196 1215 3254 erant
1246 3187 1658 3253 destructae:
1702 3208 1901 3252 unam
1933 3188 1999 3251 in
2030 3184 2278 3251 honore
2326 3196 2598 3252 sanctae
2632 3187 2886 3253 Mariae
2901 3195 2949 3270 ⁰,
2999 3187 3324 3253 alteram?
3368 3188 3437 3251 in
3468 3186 3715 3251 honore
3762 3185 3975 3249 sancti
4008 3182 4326 3270 Stephani

1028 3302 1093 3358 et
1135 3293 1201 3357 in
1250 3291 1381 3357 alio
1427 3291 1596 3366 loco,
1645 3291 1757 3357 ubi
1805 3291 2204 3357 vocabulum
2253 3301 2354 3357 est
2398 3291 2717 3359 Sanctum
2748 3294 3214 3377 Fructuosum,
3262 3293 3424 3358 etin
3471 3293 3855 3358 cacumineq
3903 3291 4165 3373 montis,
4211 3287 4324 3354 ubi

1026 3396 1269 3462 dicitur
1313 3394 1633 3461 Sanctum
1680 3396 1968 3478 Petrum,
2038 3406 2105 3462 et
2165 3397 2233 3461 in
2291 3395 2421 3461 alio
2479 3396 2626 3462 loco
2681 3396 2770 3462 ad
2823 3395 3007 3462 illam
3060 3399 3414 3483 garricam,
3483 3396 3596 3462 ubi
3645 3396 3920 3461 dicitur‘
3989 3394 4097 3460 Ad
4143 3395 4326 3479 ipsas

1026 3509 1243 3565 curtes
1276 3508 1375 3565 et·
1403 3501 1585 3584 ipsas
1616 3499 2046 3565 condaminas
2060 3501 2097 3564 ².
2131 3500 2389 3566 Deinde
2421 3502 2719 3586 pervenit
2749 3501 2817 3565 in
2850 3503 3173 3567 comitatu
3203 3501 3571 3583 Reddense,
3605 3500 3822 3586 cepit¹¹
3854 3499 4325 3564 monasterium

1026 3606 1241 3669 sancti
1301 3603 1695 3690 Polycarpiv
1747 3614 2131 3670 construere
2191 3615 2312 3670 etw
2368 3607 2525 3671 fecit
2572 3606 2892 3672 ecclesias
2954 3616 3020 3672 et
3078 3607 3408 3693 plantavit
3463 3608 3693 3672 vineas
3752 3613 3817 3670 et
3873 3602 4186 3692 perduxit
4240 3603 4328 3668 ad

1025 3709 1375 3775 culturam.
1468 3709 1668 3776 Petiit
1711 3710 1886 3776 idem
1944 3710 2342 3777 venerabilis
2389 3709 2619 3777 Attala
2674 3709 2888 3775 abbas
2937 3710 3400 3776 celsitudinem
3444 3719 3759 3782 nostram,
3833 3718 3907 3773 ut
3949 3706 4328 3794 praedictas

1022 3813 1249 3896 cellas,
1298 3836 1469 3900 quae
1519 3815 1828 3900 superius
1877 3823 2030 3880 sunt
2075 3815 2453 3881 nominatae
2470 3823 2521 3898 ¹,
2584 3836 2735 3879 cum
2783 3815 3128 3880 monachis
3175 3814 3422 3880 ibidem
3472 3814 3641 3879 deoy
3688 3812 4124 3879 servientibus
4172 3834 4325 3877 con-

1024 3917 1254 3983 cedere
1312 3917 1702 3983 deberemus
1748 3918 1837 3983 ad
1899 3917 2168 3984 domum
2231 3920 2443 3983 sancti
2490 3918 2847 4005 Polycarpi
2904 3919 3231 4004 martyris.
3325 3918 3526 4000 Quod
3566 3914 3981 3984 ‘admodum‘
4048 3916 4328 3982 libenter

1026 4021 1471 4109 acquievimus
1517 4023 1883 4107 petitione·
1928 4024 2089 4106 eius,
2151 4033 2474 4109 quatenus
2523 4022 2835 4110 deinceps
2881 4022 3004 4088 sub
3052 4032 3283 4088 nostra
3329 4022 3713 4088 defensione
3776 4030 3844 4087 et
3888 4021 4325 4086 immunitatis

1025 4127 1298 4191 tuitione
1356 4136 1756 4192 memoratas
1818 4126 2022 4191 cellas
2082 4126 2170 4191 ad
2227 4126 2494 4191 domum
2551 4133 2769 4194 sancti
2828 4128 3185 4213 Polycarpi
3245 4127 3609 4192 consistere
3665 4147 3816 4191 cum
3876 4126 4051 4191 omni
4107 4123 4193 4189 ad
4255 4147 4324 4188 se

1022 4232 1422 4317 pertinentia
1448 4231 1789 4318 possideat
1813 4234 2037 4318 quieto
2072 4231 2318 4297 ordine.
2366 4230 2652 4297 Proinde
2683 4231 2809 4296 hoc
2841 4241 3109 4297 nostrae
3143 4231 3559 4297 auctoritatis
3584 4237 4012 4316 praeceptum
4039 4227 4325 4294 scribere

1021 4337 1357 4418 iussimUS,
1391 4359 1508 4422 per
1540 4335 1719 4423 quod
1750 4336 2228 4402 constituentes
2262 4334 2698 4410 decernimus,
2748 4335 2868 4420 [ut]
2905 4337 2971 4400 in
3004 4358 3187 4402 nostra
3216 4357 3626 4418 nostrorumque
3658 4366 4024 4402 successorum
4056 4330 4324 4400 tuitioneb

1022 4456 1077 4504 in
1122 4461 1437 4520 perpetuum
1494 4447 1876 4526 permaneat⁶,
1944 4455 2196 4505 videlicet
2241 4460 2322 4504 ut.
2347 4454 2529 4505 nullus
2573 4456 2736 4505 iudex
2792 4454 3044 4521 publicus
3089 4472 3264 4522 neque
3309 4456 3535 4522 quilibet
3581 4471 3647 4506 ex
3690 4454 3974 4505 iudiciaria
4016 4433 4324 4519 potestate‘¹

1025 4563 1118 4608 aut
1164 4551 1346 4609 ullus⁰
1393 4575 1455 4608 ex
1504 4558 1751 4610 fidelibus
1797 4561 1993 4609 nostris
2038 4565 2146 4609 tam
2193 4561 2570 4624 praesentibus
2614 4575 2774 4625 quam
2819 4561 3018 4610 futuris
3063 4561 3120 4611 in
3166 4547 3295 4610 iam
3352 4544 3733 4631 praedictas
3790 4558 3953 4610 cellas
3998 4574 4031 4607 ι
4077 4557 4161 4609 vel
4204 4557 4326 4608 loca

1025 4671 1141 4713 seu
1187 4680 1343 4730 agros
1390 4671 1504 4714 seu
1551 4665 1783 4730 reliquas
1827 4667 2209 4729 possessioueS,
2267 4680 2401 4730 quas
2446 4649 2763 4716 moderno
2812 4659 3107 4736 tempore
3154 4667 3209 4715 iu
3259 4648 3662 4735 quibuslibet
3716 4665 3869 4731 pagis
3913 4669 3995 4712 ao
4043 4663 4325 4714 territoriis

1024 4754 1194 4819 infra
1240 4753 1552 4820 ditionem
1600 4754 1855 4838 imperii
1903 4754 2110 4818 nostri
2158 4768 2434 4833 possident
2479 4768 2565 4819 vel
2612 4784 2749 4834 quae
2786 4770 3037 4834 deinceps
3086 4753 3312 4819 divina
3357 4753 3568 4840 pietas
3615 4767 3814 4818 ibidem
3846 4782 4043 4834 augere
4073 4767 4323 4830 voluerit,

1175 4939 1296 4995 805.
1336 4941 1388 5006 a)
1423 4943 1599 5007 gratia
1634 4941 1719 4991 dei
1759 4938 1805 4992 0
2007 4940 2063 5004 b)
2100 4940 2430 4991 Francorum
2480 4978 2525 4991 ..
2547 4979 2560 4991 .
2607 4947 2661 4991 et
2696 4937 3172 5007 Longobardorum
3208 4940 3287 4994 Β1
3485 4941 3539 5007 e)
3571 4942 3855 5005 industria,
3894 4943 4022 5009 quia
4055 4942 4140 5008 (so
4177 4940 4323 4995 auch

1334 5008 1427 5062 die
1472 5009 1729 5078 Vorlaye)
1768 5009 1815 5065 C
1968 5011 2023 5071 d)
2059 5010 2292 5075 Spaniae
2328 5009 2490 5061 Atala
2525 5011 2852 5061 venerabilis
2889 5011 3032 5062 abba
3071 5011 3126 5073 C,
3163 5010 3325 5062 Ataia
3362 5011 3503 5062 abba
3539 5009 3685 5064 auch
3722 5010 3784 5063 Z.
3821 5013 3901 5064 27
4055 5012 4108 5078 e)
4143 5027 4323 5062 secum

1334 5079 1519 5130 liberis
1548 5087 1602 5130 et
1639 5081 1807 5130 servis
1832 5080 2108 5130 retrahens
2134 5095 2192 5130 se
2217 5080 2283 5128 ad
2310 5081 2567 5130 societate
2602 5080 2868 5131 nefandae
2904 5082 3082 5148 gentis
3108 5082 3466 5148 confugerunt
3491 5082 3558 5132 ad
3583 5081 3958 5132 celsitudinem
3995 5088 4233 5132 nostram
4255 5080 4324 5146 G,-

1333 5148 1396 5200 ἐπ
1432 5147 1487 5201 Β
1523 5148 1601 5200 Βι
1639 5148 1786 5200 ‚zach
1822 5150 2001 5215 gentis
2037 5147 2159 5200 und
2197 5149 2441 5199 volentes
2479 5147 2718 5215 Punkte,
2754 5149 2863 5202 wol
2896 5165 3001 5203 zur
3037 5149 3514 5219 Keuuzeiclmuny
3552 5149 3762 5203 kleiner
3797 5149 4047 5210 Lilcken,
4093 5149 4196 5213 fiir
4233 5149 4325 5202 die

1333 5216 1432 5270 der
1473 5216 1616 5270 Siom
1653 5216 1851 5270 keinen
1888 5216 2120 5282 Bedarf
2149 5216 2249 5269 hat
2389 5218 2431 5280 f)
2467 5219 2607 5284 quod
2647 5216 2693 5270 G
2827 5219 2883 5286 g)
2921 5221 3060 5272 abba
3096 5220 3375 5286 imperiale
3412 5220 3717 5284 clementia,
3755 5226 3815 5270 ut
3852 5222 3908 5270 in
3945 5226 4112 5270 totam
4152 5221 4319 5285 Septi-

1338 5290 1548 5339 maniae
1585 5287 1820 5338 confinia
1854 5294 2020 5353 utque
2048 5285 2094 5338 0
2229 5287 2286 5353 h)
2322 5287 2526 5337 cultum
2551 5291 2791 5353 potuisse
2818 5288 2864 5341 Ο
3000 5290 3039 5353 i)
3076 5291 3330 5341 habuisse
3359 5289 3416 5356 0,
3453 5290 3731 5340 habuisset
3765 5327 3777 5339 .
3800 5327 3812 5338 .
3835 5327 3847 5339 .
3884 5305 3916 5338 a
3941 5288 4098 5339 nobis
4133 5324 4146 5339 .
4167 5326 4179 5338 .
4200 5325 4214 5338 .
4242 5287 4321 5340 Βι

1335 5357 1393 5418 k)
1431 5357 1665 5408 confinia
1699 5356 1975 5423 praedicta
2009 5356 2258 5407 Bitterris
2295 5372 2352 5408 se
2391 5354 2438 5408 G
2617 5358 2659 5421 1)
2693 5358 2999 5426 Magi-esum
3036 5358 3106 5425 B,
3160 5360 3569 5426 Magrangelum
3610 5355 3681 5425 0,-
3740 5357 3804 5409 in
3842 5357 3942 5408 der
3986 5355 4114 5409 Urk.
4158 5355 4323 5418 Odos,

1339 5426 1597 5492 Bouquet
1633 5429 1684 5486 9,
1723 5428 1857 5479 445:
1890 5426 2267 5492 Magregerum
2406 5426 2480 5492 m)
2516 5429 2610 5493 qui
2645 5429 2712 5478 ab
2751 5431 2972 5495 antiquo
3012 5426 3058 5481 G
3204 5433 3260 5493 n)
3296 5429 3512 5480 fuerant
3557 5466 3568 5479 .
3591 5467 3604 5479 .
3627 5467 3639 5478 .
3662 5465 3674 5476 .
3718 5427 3976 5477 fundatae
4013 5425 4067 5477 B
4105 5424 4186 5477 Β1

1330 5496 1383 5561 ο)
1419 5495 1522 5548 mit
1556 5494 2162 5562 Verweisunyszeicheu
2199 5511 2290 5547 am
2315 5494 2492 5548 Rand
2528 5510 2635 5548 von
2662 5496 2945 5550 deo-selben
2970 5495 3153 5549 Hand
3190 5514 3223 5548 a
3247 5500 3449 5549 sanctis
3472 5500 3605 5548 viris
3630 5496 3698 5557 B,
3739 5495 3831 5547 die
3865 5494 4052 5548 Worte
4087 5493 4323 5547 worden

1329 5564 1485 5618 ‚nicht
1520 5564 1659 5626 hier,
1716 5563 1964 5617 sondern
1998 5580 2103 5616 zur
2142 5563 2496 5633 Ausffclluny
2532 5563 2634 5617 der
2671 5565 3076 5635 anqedeuteten
3111 5565 3304 5620 Lache
3338 5565 3613 5619 zwischen
3659 5566 3872 5616 fuerant
3907 5564 4029 5616 wnd
4065 5563 4324 5616 fundatae

1328 5633 1497 5699 (Note
1534 5635 1591 5698 n)
1625 5650 1716 5686 am
1755 5633 1949 5687 Platze
1984 5634 2107 5686 sein
2282 5634 2337 5701 p)
2373 5634 2535 5685 aliam
2574 5631 2620 5686 G
2814 5636 2872 5702 q)
2910 5635 3120 5686 Caouni
3154 5633 3205 5688 Ο
3389 5637 3436 5700 r)
3473 5636 3730 5687 Sanctum
3768 5634 3988 5684 Petrum
4026 5662 4092 5671 —
4128 5635 4325 5685 dicitur

1330 5702 1469 5767 fehlt
1498 5702 1543 5755 G
1677 5705 1723 5765 s)
1758 5702 1898 5767 fehlt
1925 5701 2028 5756 ΒΟ
2162 5704 2204 5768 t)
2240 5706 2587 5755 coneaminas
2612 5702 2721 5771 131,·
2756 5720 2829 5757 zu
2864 5705 3214 5756 condaminas
3250 5703 3463 5758 Ducan
3501 5721 3528 5756 e
3557 5701 3916 5756 Glossarium
3940 5704 3994 5756 2.
4023 5701 4106 5756 ed.
4132 5705 4188 5765 2,
4214 5704 4323 5755 484

1328 5774 1386 5834 ιι)
1422 5779 1475 5822 et
1500 5774 1677 5838 caepit
1701 5772 1780 5824 Bl
1918 5773 1975 5839 v)
2010 5773 2280 5839 Policarpi
2308 5771 2364 5836 Ο,
2402 5772 2596 5826 ebenso
2621 5772 2697 5825 im
2724 5771 3024 5842 folyeuden
3165 5775 3233 5838 w)
3269 5773 3409 5839 fehlt
3481 5815 3493 5837 ,
3531 5774 3727 5825 ebenso
3754 5787 3853 5824 vor
3881 5772 3989 5826 den
4025 5769 4325 5841 folqenden

1329 5841 1598 5907 plantavit
1633 5841 1756 5894 und
1794 5843 2041 5908 perduxit
2177 5844 2233 5909 x)
2269 5844 2409 5910 quod
2447 5847 2575 5893 sunt
2610 5845 2858 5910 superius
2896 5845 3200 5894 nominatas
3231 5843 3275 5895 0
3409 5844 3466 5909 y)
3501 5841 3641 5908 fehlt
3677 5841 3732 5895 Β
3755 5841 3835 5895 Βι
3980 5858 4025 5901 a)
4065 5858 4242 5910 ⁴[1'wl11‘

1330 5910 1545 5960 modum
1572 5908 1618 5963 Ο
1754 5913 1808 5974 a)
1841 5913 2102 5977 petitione
2129 5910 2177 5965 0
2310 5914 2362 5978 b)
2388 5913 2727 5964 decernimus
2753 5920 3057 5964 nostrorum
3083 5928 3450 5964 successorum
3475 5914 3695 5964 tuitioni
3723 5909 3771 5964 0
3909 5914 3953 5974 c]
3985 5926 4189 5978 purim-1·

1329 5979 1384 6042 d)
1420 5979 1631 6031 nullum
1665 5996 1731 6032 ex
1779 5981 2062 6032 iudiciaria
2106 5987 2371 6049 potestate
2417 6018 2431 6032 .
2454 6019 2502 6034 ..
2549 5989 2647 6034 ete.
2687 5989 2747 6035 ut
2789 5985 2849 6034 in
2884 5982 3194 6050 diplomatis
3230 5983 3496 6034 Ludovici
3533 5984 3642 6047 Pii,
3692 5981 3875 6033 Caroli
3925 5982 4073 6034 [lala-i
4125 5982 4169 6034 J,-

1329 6046 1430 6101 der
1459 6048 1598 6102 Text
1635 6048 1815 6103 bricht
1842 6049 1963 6103 hier
2000 6050 2069 6103 ab
2096 6049 2217 6104 und
2254 6056 2392 6104 setzt
2417 6055 2532 6105 erat
2559 6052 2765 6106 wieder
2800 6051 2904 6106 mit
2942 6051 3041 6106 der
3069 6051 3739 6121 Corroborationssormel
3763 6050 3856 6105 eiu
3997 6068 4041 6105 rs.
4077 6054 4185 6102 uni!

3889 6156 3917 6202 {r-
3929 6170 3949 6202 ξ
3965 6162 3981 6186 ³*

4587 6366 5074 6632 Q
