5642 7159
1280 733 1720 794 uslsuuumsuuuuu.

776 919 904 992 Bricscn
926 922 1052 981 Alcetas
1074 939 1131 980 aus
1154 922 1221 981 dem
1243 922 1339 981 Jatre
1361 925 1425 982 800
1447 939 1509 979 nur
1530 921 1575 980 als
1598 922 1749 998 episcopus
1773 921 1842 1001 (oon
1860 922 2034 1002 Narbonae)
2058 925 2220 983 bessicbnct
2245 924 2326 984 wird

775 1025 913 1103 (Alesiai
935 1027 1020 1098 epist.
1036 1030 1158 1097 n⁰200,
1180 1030 1255 1096 201,
1278 1027 1343 1086 206
1366 1026 1410 1085 Μ.
1432 1023 1469 1084 G.
1486 1025 1586 1097 Epist.
1602 1029 1632 1097 4,
1656 1029 1731 1096 330,
1755 1030 1829 1096 333,
1853 1025 1941 1105 342),
1966 1029 2000 1085 irs
2022 1027 2075 1085 der
2102 1027 2244 1086 Urbunde
2258 1046 2324 1086 aar

777 1130 834 1188 den
856 1129 997 1190 Abtstitel
1024 1129 1127 1204 subm
1164 1132 1213 1190 dic
1234 1130 1545 1189 Wulrrsclreinlicblrcit
1572 1129 1625 1188 der
1652 1148 1708 1189 coa
1735 1129 1830 1190 Siclccl
1854 1131 1928 1204 Req.
1951 1136 2015 1191 280
2043 1131 2107 1204 aas
2129 1133 2237 1192 Grund
2264 1150 2323 1192 voa

776 1234 902 1293 Alcuim'
922 1237 1008 1309 epist.
1030 1243 1065 1293 n⁰
1078 1241 1145 1296 207
1166 1236 1186 1294 l.
1203 1253 1227 1296 c.
1250 1238 1314 1295 345
1338 1235 1406 1309 (apl.
1422 1237 1532 1295 n⁰275
1558 1235 1576 1292 l.
1594 1252 1617 1292 c.
1636 1238 1712 1306 433)
1729 1250 1977 1307 onycaommcacn
1999 1235 2248 1294 Verschiedenhcit
2272 1237 2323 1296 ἀει

778 1337 854 1398 Abte
876 1341 941 1398 aad
962 1338 1103 1412 Biscbofs
1124 1339 1315 1410 Nimfridics
1337 1341 1378 1399 ist
1400 1339 1472 1398 doch
1494 1341 1560 1398 ciac
1578 1341 1710 1412 quince.
2350 1355 2367 1402 5

731 1519 743 1532 ”
779 1531 859 1606 (0)·
880 1532 894 1612 ξ
916 1526 1056 1594 Carolus
1079 1532 1186 1614 gratia
1209 1529 1261 1594 dci
1283 1552 1344 1594 rex
1367 1529 1573 1593 Francorum
1595 1536 1628 1592 et
1642 1525 1941 1611 Langobardorum
1965 1549 2005 1591 ac
2027 1529 2184 1613 patricius
2202 1528 2322 1594 Roma·

675 1652 803 1696 norum.
908 1631 1072 1698 Omnibus
1101 1633 1266 1719 episcopis
1295 1631 1475 1697 abbatibus
1505 1629 1644 1696 ducibus
1667 1628 1845 1695 comitibus
1874 1632 2007 1695 vicariis
2036 1631 2233 1696 centenariis
2265 1654 2325 1697 seu

675 1736 804 1799 cunctis
827 1734 980 1801 fidelibus
1009 1746 1144 1801 sanctae
1178 1737 1231 1802 dei
1254 1735 1416 1802 ecclesiae
1445 1745 1478 1799 ct
1511 1735 1632 1800 nostris
1659 1733 1888 1820 praesentibus
1917 1744 1951 1800 et
1984 1735 2103 1800 futuris
2131 1745 2245 1800 notum
2270 1738 2324 1813 sit,

675 1838 817 1924 qualiter
839 1840 889 1904 vir
915 1839 1330 1906 venerabilis‘Nimfridius
1359 1838 1447 1904 abba
1470 1839 1638 1904 seronitati
1668 1847 1801 1903 nostrae
1829 1839 2004 1924 suggessit,
2041 1859 2079 1904 eo
2104 1839 2193 1925 quod
2215 1840 2324 1926 ipse}

676 1965 840 2008 unacum
871 1944 1043 2010 monachis
1066 1948 1134 2011 suis
1165 1946 1251 2011 infra
1274 1965 1441 2009 aeremum
1463 1944 1496 2007 iu
1525 1944 1689 2008 territorio
1713 1942 1928 2008 Narbonense
1960 1964 2058 2028 super
2079 1942 2215 2009 fluvium
2238 1942 2322 2011 Oro·
2350 1963 2384 2010 10

675 2043 807 2110 bionem
830 2048 863 2110 iu
896 2046 969 2111 loco
997 2057 1209 2134 nuncupante
1232 2047 1399 2113 Novalitio
1434 2049 1669 2112 monasterium
1692 2048 1725 2112 in
1749 2046 1872 2112 honore
1906 2056 2042 2112 sanctae
2073 2047 2126 2112 dei
2149 2048 2324 2134 genetricis

676 2171 870 2236 semperque
892 2152 1029 2237 virginis
1045 2152 1170 2217 Mariae
1193 2173 1277 2217 novo
1303 2173 1401 2238 opere
1425 2152 1667 2216 construxisset
1688 2150 1801 2237 ibique
1825 2150 1942 2216 domus
1965 2150 2107 2216 eclesiae
2123 2161 2157 2217 et
2177 2151 2324 2238 reliquas

675 2252 899 2320 habitationes
922 2256 1132 2322 aedificasset
1155 2266 1188 2322 et
1210 2258 1323 2322 vineas
1347 2255 1534 2342 plantasset
1556 2265 1589 2319 et
1612 2276 1749 2341 campos
1772 2254 2058 2321 adlaborandum
2086 2255 2140 2321 vel
2164 2265 2261 2342 prata
2283 2255 2325 2322 de

677 2379 780 2424 causa
808 2369 924 2425 nostra
945 2360 1108 2426 fiscalium
1137 2371 1170 2425 et
1192 2359 1406 2425 absentorum
1434 2359 1603 2425 hominum
1627 2361 1822 2445 accepisset,
1859 2360 1948 2446 quod
1976 2381 2082 2446 usquc
2103 2382 2202 2444 nunc,
2238 2363 2325 2426 sicut

677 2461 812 2546 adserit,
837 2486 911 2530 cum
935 2466 1113 2551 aequitatis
1137 2466 1251 2531 ordine
1274 2465 1400 2552 absque
1423 2463 1522 2530 ullius
1545 2466 1779 2529 contrarietate
1803 2487 1838 2529 se
1856 2463 1978 2529 habere
2001 2474 2035 2529 et
2057 2464 2227 2550 possidere
2249 2486 2325 2550 pro·
2350 2480 2385 2530 15

677 2567 796 2631 fitetur.
841 2568 988 2655 Ideoque
1010 2572 1105 2655 petiit
1136 2569 1344 2635 caelsitudini
1372 2577 1515 2642 nostrae,
1551 2578 1587 2632 ut
1609 2590 1670 2632 nos
1693 2569 1722 2632 ei
1746 2577 1779 2632 et
1807 2567 1978 2633 monachis
2002 2569 2069 2633 suis
2099 2568 2325 2654 supradictum

677 2670 786 2737 locum
810 2694 884 2738 cum
908 2675 998 2738 omni
1027 2674 1215 2739 adiacentia
1237 2673 1281 2739 ad
1311 2695 1347 2737 sa
1369 2673 1577 2758 pertinentia,
1608 2670 1836 2757 undecumque
1867 2674 1938 2758 ipsc
1962 2681 1994 2736 ct
2023 2671 2175 2737 monachi
2200 2674 2250 2737 sui
2281 2672 2326 2738 ad

677 2795 835 2860 praesens
858 2777 944 2840 iuste
967 2785 1000 2841 et
1021 2776 1263 2842 rationabiliter
1285 2777 1394 2841 vestiti
1419 2797 1493 2840 esse
1515 2785 1707 2849 noscuntur,
1738 2776 1893 2862 deinceps
1917 2799 1959 2841 ex
1983 2783 2098 2840 nostra
2122 2774 2327 2860 indulgentia

677 2880 710 2942 in
734 2878 928 2944 aelimosina
950 2889 1063 2945 nostra
1086 2880 1202 2946 cedere
1225 2890 1259 2945 et
1282 2881 1475 2946 confirmare
1497 2879 1710 2964 deberemus3
1744 2881 1838 2945 cuius
1862 2881 2055 2966 petitionem
2083 2879 2246 2966 denegare
2268 2902 2327 2945 uo·

678 2981 808 3066 luimus,
844 2984 902 3049 scd
925 3005 984 3070 pro
1013 2984 1173 3050 mercedis
1195 2993 1331 3049 nostrae
1361 2993 1575 3069 augmentum
1597 2985 1646 3049 ita
1673 2985 1882 3050 concessisse
1911 2993 1944 3049 et
1966 2986 1999 3048 in
2028 2984 2180 3050 omnibus
2208 2986 2325 3050 confir·
2350 3003 2387 3051 20

679 3107 790 3152 masse
813 3089 1013 3172 cognoscite.
1048 3088 1292 3174 Praecipientes
1316 3109 1394 3173 ergo
1417 3087 1579 3168 iubemus,
1603 3100 1639 3153 ut
1661 3111 1768 3174 neque
1790 3110 1848 3153 vos
1872 3110 1978 3173 neque
2002 3089 2146 3153 iuniores
2171 3111 2229 3154 seu
2253 3111 2325 3154 suc·

678 3213 892 3277 cessoresque
915 3192 1016 3257 vestri
1045 3203 1227 3258 memorato
1250 3193 1322 3257 viro
1352 3189 1532 3257 venerabili
1556 3192 1731 3258 Nimiridio
1755 3192 1871 3258 abbati
1901 3201 1959 3258 aut
1983 3192 2233 3259 successoribus
2258 3195 2327 3258 suis

679 3295 720 3360 de
745 3295 936 3382 supradicto
960 3295 1044 3379 loco,
1075 3296 1162 3361 unde
1184 3296 1228 3362 ad
1251 3319 1410 3382 praesens
1434 3298 1506 3383 ipse
1536 3307 1568 3361 et
1590 3295 1743 3361 monachi
1767 3297 1818 3362 sui
1846 3319 1920 3361 cum
1944 3297 2122 3382 aequitatis
2152 3296 2264 3362 ordine
2287 3318 2328 3362 ac

679 3403 764 3467 iuste
780 3411 813 3467 et
827 3401 1069 3468 rationabiliter
1084 3403 1195 3467 vestiti
1212 3424 1284 3467 esse
1300 3411 1490 3485 noscuntur,
1515 3404 1708 3487 inquietare,
1734 3400 1932 3466 calomniam
1947 3423 2104 3486 generare
2120 3421 2181 3466 nec
2199 3400 2328 3488 aliquid

679 3506 801 3572 exinde
824 3515 942 3572 contra
963 3508 1122 3572 iustitiam
1145 3506 1337 3571 abstrahere
1360 3516 1419 3571 aut
1440 3507 1588 3571 minuare
1612 3528 1743 3592 quoque
1766 3514 1912 3592 tempore
1936 3506 2165 3591 praesumatis,
2190 3504 2248 3569 sed
2267 3528 2326 3591 per
2349 3523 2385 3570 25

678 3610 764 3675 hanc
778 3620 929 3676 nostram
945 3611 1177 3676 auctoritatem
1195 3620 1295 3696 atque
1311 3612 1597 3676 confirmationem
1613 3609 1757 3675 habeant
1780 3611 1814 3674 in
1830 3608 2024 3674 aelimosina
2039 3618 2155 3673 nostra
2174 3610 2328 3694 omnique

679 3715 713 3778 in
736 3723 883 3800 tempore
907 3735 1113 3797 concessum,
1136 3717 1184 3779 ita
1206 3724 1244 3779 ut
1266 3716 1312 3780 eis
1336 3715 1454 3780 melius
1478 3714 1620 3780 delectet
1643 3736 1702 3800 pro
1719 3713 1815 3779 nobis
1839 3721 1872 3778 et
1893 3712 1969 3778 filiis
1988 3735 2029 3777 ac
2051 3712 2182 3778 filiabus
2205 3714 2328 3778 nostris

681 3840 739 3882 seu
762 3827 883 3883 cuncta
905 3817 1032 3884 familia
1061 3818 1178 3884 domus
1201 3829 1334 3884 nostrae
1363 3829 1396 3884 et
1419 3819 1519 3903 [omni
1543 3819 1665 3906 populo
1690 3821 1797 3902 gentis
1821 3827 1953 3882 nostrae
1981 3815 2181 3901 adtentilusb
2204 3817 2327 3882 domini

680 3921 939 3986 misericordiam
955 3921 1118 4005 e[xorare.
1143 3923 1187 3986 Et
1202 3932 1239 3987 ut
1260 3922 1344 3987 haec
1359 3932 1494 3988 nostrae
1511 3919 1802 4006 confirmationis]⁰
1824 3923 2005 3987 auctoritas
2028 3921 2151 3987 firmior
2166 3921 2330 3987 habeatur

680 4034 714 4089 et
736 4023 923 4110 diutlurnis]
955 4026 1159 4112 temporibus
1182 4026 1300 4090 melius
1330 4037 1553 4109 conservetur,
1588 4049 1707 4091 manus
1737 4035 1872 4090 nostrae
1903 4025 2083 4110 signaculis
2113 4024 2228 4090 subter
2254 4047 2328 4090 eam
2352 4043 2386 4091 80

680 4126 839 4193 roborare
862 4129 1069 4195 decrevimus
1093 4129 1190 4195 etde
1213 4129 1311 4196 anulo
1334 4140 1449 4195 nostro
1473 4131 1617 4216 sigillare
1642 4131 1809 4195 iussimus.

783 4267 797 4351 ξ
820 4269 956 4353 Signum
982 4269 1072 4349 (ur.)
1096 4266 1207 4333 Caroli
1234 4267 1472 4354 [gloriosissimi
1495 4267 1628 4353 regiqd.

786 4409 843 4486 (0.)
858 4405 872 4485 ἐξ
887 4404 1099 4471 Amalbertus
1115 4406 1277 4491 ad[vicem
1293 4405 1558 4491 Ercanlbaldi⁰{
1583 4411 1648 4485 (ss.
1666 4411 1745 4470 NT.:
1770 4411 1961 4469 Acrulbertus
1976 4411 2107 4468 adoiccrn
2123 4409 2329 4486 fflcunbcidr').

682 4515 739 4587 (si.
763 4515 812 4589 n.)

785 4650 876 4714 Data
899 4651 933 4714 in
956 4673 1068 4715 mense
1091 4652 1180 4715 iunio
1211 4699 1412 4716 ..........
1428 4673 1436 4732 ;
1460 4649 1507 4732 [in
1531 4649 1594 4731 dei]
1621 4650 1752 4713 nomine
1775 4648 1938 4714 feliciter‘.
2355 4664 2388 4712 ss

1471 4926 1556 5000 190.

683 5092 777 5162 Korl
817 5093 881 5161 der
926 5090 1053 5160 Grossc
1093 5089 1250 5177 bestriic'pt
1291 5089 1369 5158 clem
1409 5086 1553 5157 Klostcr
1592 5085 1648 5156 St.
1692 5085 1831 5156 Derris
1876 5087 1931 5156 dic
1978 5084 2181 5174 Schonlcuup
2221 5084 2334 5153 scincr

682 5213 870 5285 Scbwcsier
902 5213 1016 5283 Gisia.

1902 5309 2024 5368 Aaclren
2048 5314 2110 5369 700
2134 5309 2215 5368 Just
2238 5312 2289 5367 13.

760 5486 819 5542 iss.
840 5488 866 5549 a)
883 5501 944 5538 oens
963 5483 1110 5537 Obstantes
1128 5497 1185 5535 rtur
1204 5482 1279 5535 mehr
1292 5482 1377 5535 Reate
1395 5480 1521 5535 sicbtbur
1592 5480 1619 5545 b)
1637 5479 1715 5532 Lech
1733 5479 1772 5531 im
1786 5477 2138 5547 Pcrponaeeai,1ioum·frtr
2156 5493 2178 5529 c.
2192 5478 2229 5529 25
2243 5474 2333 5527 Bucb-
2357 5477 2392 5552 4⁰.

838 5554 945 5621 stobea,
964 5556 1080 5622 arguunt
1098 5553 1171 5604 arach
1188 5555 1305 5618 0018ος
1332 5558 1359 5603 et
1377 5553 1580 5603 successoribus
1600 5552 1698 5600 nostris
1718 5548 1745 5601 B
1849 5549 1874 5613 c)
1893 5546 1970 5600 Lech
1988 5546 2026 5599 im
2045 5547 2222 5616 Pergameni,
2240 5544 2336 5598 Ruunt

839 5625 890 5690 scir
907 5639 929 5676 o.
949 5626 984 5676 30
1004 5621 1195 5688 Bucbstaben;
1214 5623 1364 5688 implorare.
1388 5623 1425 5671 Et
1442 5628 1473 5671 ut
1491 5621 1556 5672 haec
1577 5626 1685 5670 nostrae
1703 5620 1884 5669 concessionis
1909 5624 1937 5667 et
1954 5616 2165 5668 confirmationis
2185 5616 2334 5665 authoritas

839 5700 967 5762 perpetuo
985 5692 1086 5742 firmior
1112 5693 1242 5743 habeatur
1261 5698 1341 5757 atqua
1369 5691 1465 5741 melius
1484 5695 1658 5741 conservetur
1676 5687 1702 5739 B
1807 5687 1834 5748 d)
1861 5702 1918 5738 rtur
1944 5684 1989 5738 die
2010 5684 2162 5753 Obarlriuye
2186 5683 2234 5736 des
2253 5683 2263 5732 l
2282 5697 2335 5736 oon

838 5764 1027 5831 gloriosissimi
1044 5761 1115 5814 ποθὴ
1133 5760 1272 5828 slcbtbur;
1290 5761 1385 5810 Karoli
1402 5763 1495 5826 magni
1513 5760 1703 5827 gloriosissimi
1722 5759 1793 5823 regis
1812 5757 1977 5808 Francorum
1997 5762 2023 5806 et
2042 5755 2282 5821 Longobardorum
2301 5769 2333 5803 ac

840 5835 946 5901 patricii
964 5834 1146 5884 Romanorum
1164 5830 1192 5883 B
1270 5831 1296 5896 e)
1312 5831 1459 5880 Lutbertus
1477 5830 1622 5894 recognovi
1640 5833 1668 5878 st
1686 5827 1833 5892 subscripsi
1851 5825 1878 5878 B
1971 5823 2063 5889 odos
2082 5823 2136 5877 Per
2156 5825 2248 5876 ausast
2268 5835 2332 5874 aus·
2356 5821 2391 5871 45

837 5903 971 5972 periston,
990 5916 1049 5954 som
1061 5901 1234 5953 Ausstellort
1246 5899 1314 5952 oder
1327 5898 1426 5952 descen
1439 5899 1633 5964 Beacc‘cbnuup
1646 5895 1717 5948 rrocb
1730 5897 1749 5948 2
1764 5892 1944 5957 Oberscbdfte
1959 5893 2023 5961 (con
2036 5894 2102 5944 villa
2115 5839 2183 5946 oder
2195 5891 2334 5976 publicet)

838 5972 978 6038 aichtbar‚·
1009 5973 1093 6022 Facta
1109 5972 1173 6021 xlv
1191 5971 1322 6022 kalendas
1340 5971 1469 6019 februarii
1488 5984 1558 6018 anno
1576 5968 1623 6026 xl,
1651 5966 1799 6015 indictione
1817 5965 1839 6027 I,
1866 5970 1996 6029 regnante
2021 5963 2119 6014 Oarolo
2138 5963 2333 6029 gloriosissimo

839 6058 915 6109 rege;
936 6050 1025 6092 actum
1043 6040 1210 6107 compendio
1229 6042 1303 6106 regio
1322 6039 1437 6104 palati03
1456 6040 1485 6089 in
1504 6037 1547 6088 dei
1566 6038 1675 6086 nomine
1692 6035 1808 6085 feliciter
1825 6048 1905 6083 amen
1923 6031 1957 6084 B.
