5642 7159
1058 731 1178 789 KARb
1200 731 1288 790 butt
1310 730 1479 790 GROSSE
1503 725 1585 790 799..
2074 727 2139 793 255

596 919 760 980 Chartnlor
780 938 838 978 ons
853 919 920 978 dem
934 919 1024 979 Ende
1045 919 1096 977 des
1111 922 1163 979 12.
1180 918 1251 977 oder
1265 916 1391 992 Anfanp
1415 919 1465 978 des
1481 923 1532 978 13,
1550 919 1604 979 Jh.
1626 919 1694 978 IrL.
1712 923 1797 980 1156
1816 919 1840 993 f.
1857 923 1900 980 36
1923 922 1965 978 im
1979 921 2140 980 Notionul·

594 1025 696 1084 archiv
717 1042 758 1082 en
781 1025 870 1083 Poris
894 1022 957 1101 (B).

595 1163 723 1223 Donhlet
738 1163 819 1222 Hist.
836 1162 872 1220 de
885 1161 932 1221 St.
948 1162 1050 1236 Denys
1066 1165 1126 1222 721
1146 1161 1216 1240 (ons
1232 1162 1273 1239 B)
1291 1185 1332 1216 =
1346 1161 1523 1236 Moloroncq
1537 1162 1584 1220 Dc
1599 1163 1731 1222 Morinis
1744 1167 1776 1234 2,
1793 1166 1867 1235 159,
1892 1186 1931 1218 =
1955 1165 2093 1240 Boaqnet
2109 1167 2139 1232 5,

596 1270 656 1327 761
681 1270 772 1326 5178
795 1289 836 1321 .-.-.
859 1267 964 1339 Mipne
985 1266 1098 1325 Patrol.
1123 1271 1175 1339 97,
1199 1269 1262 1327 985
1285 1272 1320 1324 n⁰
1334 1269 1385 1326 58.
1409 1299 1451 1308 -
1475 1265 1668 1326 Miildhocher
1690 1268 1761 1340 Ilep.
1785 1269 1849 1328 350
1873 1265 1973 1347 (341).

595 1408 675 1466 Eine
696 1405 852 1479 Abschrift
874 1406 925 1466 des
948 1411 999 1467 17.
1024 1407 1078 1467 Jh.
1102 1407 1136 1464 in
1160 1405 1230 1466 Coti,
1254 1406 1410 1465 Dnchesne
1433 1409 1473 1464 66
1497 1405 1521 1476 f.
1545 1409 1607 1465 109
1637 1407 1670 1464 in
1698 1405 1753 1464 der
1773 1406 2079 1467 Notionolhihlioiheh
2099 1427 2141 1468 sn

596 1512 687 1570 Paris
714 1513 754 1570 ist
781 1530 843 1570 nur
870 1512 935 1570 dem
958 1511 1063 1570 Druck
1095 1528 1151 1569 oon
1177 1511 1306 1569 Donhlet
1335 1515 1530 1571 entnommen.
1564 1542 1607 1553 -
1644 1510 1813 1570 [lheihocise
1845 1511 1968 1585 Vortuqe
2001 1511 2048 1570 die
2078 1530 2142 1571 oens

594 1615 726 1687 pleiehen
751 1616 814 1689 Tuo
835 1617 900 1674 und
922 1613 1065 1687 ehenfuiis
1088 1631 1146 1673 ons
1168 1613 1289 1672 Aachen
1318 1613 1428 1672 dutirte
1455 1611 1597 1673 Urhunde
1622 1611 1733 1684 Gislos,
1768 1613 1916 1672 Mobillon
1938 1614 1985 1673 De
2011 1633 2045 1674 re
2066 1615 2141 1704 dipl.

597 1721 660 1779 503
675 1725 709 1777 n⁰
723 1721 766 1779 57
788 1742 830 1774 =
853 1719 992 1794 Bonqnet
1008 1722 1037 1792 5,
1055 1721 1117 1778 760
1132 1723 1167 1776 n⁰
1182 1723 1232 1788 77,
1260 1717 1374 1787 Tardis
1385 1717 1470 1776 Mon.
1488 1718 1555 1778 hist.
1574 1720 1615 1776 73
1630 1722 1664 1775 5ο
1678 1721 1719 1777 99
1744 1715 1897 1794 (Oripinal
1919 1721 1962 1777 im
1983 1720 2141 1779 Notional-

597 1824 699 1882 archiv
719 1841 761 1883 en
782 1821 896 1899 Paris),
921 1823 969 1882 die
991 1823 1068 1881 anch
1088 1839 1145 1881 oon
1167 1821 1225 1880 den
1247 1822 1378 1880 Prineen
1393 1821 1480 1891 Karl,
1505 1821 1620 1893 Pippin
1642 1821 1706 1879 nnd
1724 1821 1854 1895 Inodeoip
1876 1821 2069 1897 unterfertipt
2090 1825 2140 1883 ist.

597 1927 664 1987 Ans
687 1928 783 1987 dieser
805 1930 898 2001 erpiht
920 1928 983 1986 sich
1005 1929 1081 1987 anch
1104 1927 1153 1985 die
1173 1926 1422 1999 Richtiystellanp
1444 1925 1494 1984 des
1517 1943 1582 1984 oona
1605 1923 1743 1997 Uopisten
1762 1927 1926 1999 pepehenen
1941 1927 2142 1987 Ahtsnamens

597 2032 738 2092 Fulradus
754 2032 885 2109 (Fnlrod
902 2048 965 2090 soor
979 2032 1067 2090 sehon
1083 2034 1145 2091 784
1159 2028 1325 2106 pestorben)
1342 2032 1376 2088 in
1392 2029 1545 2090 Fardulfus
1567 2031 1623 2104 ool.
1640 2029 1736 2090 Sichel
1751 2031 1823 2103 Ray.
1840 2035 1906 2091 277
1927 2031 1962 2089 K
1974 2035 2053 2105 160,·
2076 2032 2144 2090 dos·

596 2137 672 2195 selhe
691 2136 835 2195 Versehen
857 2135 1027 2194 wiederholt
1042 2135 1105 2194 sich
1120 2136 1153 2193 in
1168 2135 1241 2193 noch
1264 2133 1523 2192 hereichnenderer
1544 2134 1639 2193 Weiss
1654 2136 1687 2191 in
1701 2139 1736 2192 n⁰
1749 2137 1823 2194 204.
1847 2135 1906 2193 Die
1921 2133 2042 2207 Areopa
2059 2134 2145 2208 frhhrt

596 2238 660 2312 anf
677 2241 769 2299 ethere
784 2240 905 2299 Meister
926 2241 1041 2299 onmes
1065 2240 1121 2318 (M.
1141 2239 1178 2300 G.
1194 2238 1265 2297 DD.
1282 2238 1403 2300 Meron.
1420 2242 1471 2310 52,
1492 2242 1532 2298 79
1555 2244 1589 2296 n⁰
1604 2241 1654 2308 58,
1679 2237 1733 2316 90)
1756 2238 1820 2297 nnd
1841 2239 1932 2310 findet
1953 2241 2030 2298 noch
2045 2240 2146 2299 diesen

596 2347 630 2403 in
656 2345 808 2404 hhnlieher
828 2346 971 2420 Fossanp
999 2346 1076 2403 anch
1097 2347 1132 2402 in
1159 2343 1290 2403 anderen
1321 2342 1488 2404 Urhnnden
1509 2342 1603 2401 Koria
1633 2341 1680 2420 (n0
1699 2345 1750 2414 57,
1774 2346 1825 2414 59,
1850 2341 1905 2420 75)
1933 2344 2145 2418 Verroendanp.

440 2549 472 2596 15
597 2531 743 2597 Karalus
765 2533 872 2616 gratia
895 2531 946 2596 dei
976 2555 1036 2597 rex
1059 2532 1263 2597 Francorum
1292 2540 1325 2596 et
1346 2530 1645 2615 Longobardorum
1668 2551 1708 2594 ac
1730 2532 1889 2616 patricius
1912 2532 2146 2599 Romanorum.

598 2634 634 2700 Si
650 2658 701 2717 ea,
725 2658 825 2723 quea
849 2635 944 2701 deum
962 2635 1152 2701 timentibus
1175 2635 1363 2701 hominibus
1378 2634 1638 2721 parentibusque
1661 2637 1782 2701 nostris
1805 2636 1849 2701 ad
1865 2635 1939 2702 loca
1957 2647 2146 2703 sanctorum

494 2739 730 2805 venerabilium
753 2740 873 2826 largita
894 2739 946 2805 vel
970 2740 1158 2806 condonata
1181 2761 1254 2805 esse
1276 2748 1466 2822 noscuntur,
1499 2739 1643 2804 oraculis
1667 2741 1788 2805 nostris
1812 2739 2054 2824 confirmamus,
2084 2741 2148 2806 hoc

493 2843 588 2909 nobis
612 2843 726 2930 procul
749 2843 849 2909 dubio
873 2845 916 2910 ad
932 2854 1102 2910 aeternam
1125 2843 1364 2910 beatitudinem
1388 2853 1422 2908 et
1437 2843 1598 2909 mercedis
1622 2854 1834 2930 augmentum
1852 2868 1911 2910 seu
1934 2846 2147 2911 stabilitatem

440 2984 445 2996 ·
493 2949 585 3031 regni
601 2949 704 3011 nostri
721 2949 884 3033 pertinere
900 2948 1104 3013 confidimus.
1134 2947 1281 3034 Ideoque
1295 2956 1411 3011 notum
1429 2947 1472 3011 sit
1496 2948 1641 3012 omnium
1657 2947 1803 3012 fidelium
1818 2958 2005 3014 nostrorum
2021 2949 2148 3035 magni·

439 3068 473 3116 15
496 3051 601 3116 tudini
618 3051 818 3137 presentium
835 3051 962 3116 scilicet
985 3060 1018 3116 et
1033 3052 1227 3134 futurorum,
1252 3049 1395 3136 qualiter
1413 3050 1551 3116 illustris
1568 3049 1630 3116 deo
1655 3061 1787 3116 sacrata
1804 3051 1909 3133 Gisla,
1934 3053 2148 3118 dilectissima

496 3177 587 3221 soror
602 3164 726 3232 nostra,
752 3155 922 3220 serenitati
938 3164 1049 3220 nostre
1065 3157 1240 3241 suggessit,
1265 3176 1303 3220 eo
1322 3155 1410 3241 quod
1434 3155 1506 3240 ipsa
1522 3155 1704 3241 inspirante
1727 3155 1839 3221 divina
1854 3158 2002 3242 potentia
2019 3156 2149 3243 aliquas

495 3282 548 3324 res
562 3260 775 3345 proprietatis
792 3282 850 3324 sue
865 3258 910 3323 ad
924 3261 1160 3324 monasterium
1177 3269 1366 3324 sanctorum
1383 3268 1565 3342 martyrum
1585 3259 1746 3345 Dyonisii,
1763 3260 1891 3325 Rustici
1908 3270 1941 3325 et
1958 3259 2149 3334 Eleutherii,
2192 3337 2193 3340 Ἴ

497 3362 553 3427 ubi
576 3363 639 3449 ipsi
669 3384 808 3449 corpore
832 3363 1044 3448 requiescunt
1066 3372 1099 3427 et
1121 3362 1177 3428 ubi
1201 3372 1313 3448 preest
1335 3361 1534 3427 venerabilis
1560 3361 1789 3446 <Fulradus>⁸
1811 3361 1909 3444 abba,
1937 3372 2005 3428 tam
2029 3384 2090 3448 pro
2114 3386 2149 3428 55

498 3489 597 3552 quam
621 3468 720 3531 etiam
735 3488 795 3552 pro
820 3466 926 3531 salute
941 3467 1125 3532 animarum
1148 3466 1304 3532 videlicet
1319 3463 1453 3531 domnil’
1476 3489 1515 3530 ac
1533 3467 1691 3551 genitoris
1707 3467 1810 3531 nostri
1828 3465 1958 3551 Pippini
1983 3466 2147 3552 quondam

442 3588 474 3634 55
498 3569 726 3655 gloriosissimi
748 3571 836 3655 regis
860 3579 893 3635 51
916 3570 1034 3636 domne
1056 3571 1262 3637 Bertradaue
1276 3572 1445 3656 genitricis
1468 3580 1579 3636 nostre
1596 3570 1787 3656 plenissima
1810 3569 2046 3635 deliberatione
2063 3569 2149 3635 dele·

497 3683 620 3758 555551.
655 3675 701 3738 Ε1
723 3673 810 3738 unde
833 3683 867 3738 et
888 3675 996 3760 ipsum
1019 3683 1251 3740 testamentum
1275 3675 1465 3741 donationis
1490 3696 1549 3739 sue
1572 3673 1668 3739 nobis
1693 3673 1840 3738 ostendit
1861 3674 1906 3738 ad
1928 3673 2150 3759 relegendum,

498 3777 555 3842 ubl
571 3778 811 3860 continebatur,
836 3778 978 3865 quallter
994 3778 1085 3844 (ledlt
1107 3778 1151 3843 ad
1174 3781 1281 3864 ipsum
1304 3779 1414 3844 locum
1438 3795 1529 3844 villam
1552 3811 1568 3842 a
1591 3799 1773 3858 nuncupatam
1790 3794 1913 3843 Pueiales
1936 3795 2013 3843 sitam
2037 3795 2150 3860 inpage

497 3891 693 3962 5555551555ο
722 3915 782 3948 curn
815 3915 831 3946 a
865 3899 985 3948 ecclesiis
1019 3882 1099 3948 inibi
1128 3900 1288 3948 constructis
1316 3900 1344 3948 in
1371 3899 1472 3948 honore
1499 3899 1585 3948 sancti
1613 3898 1723 3948 Vedastl
1753 3899 1795 3948 vel
1825 3882 1963 3948 allorum
1997 3903 2150 3948 sanctorum

497 3988 550 4053 vel
587 3988 740 4054 omnibus
773 4005 939 4070 appendiciis
973 4006 1029 4054 suis
1061 3988 1105 4053 ad
1141 4011 1176 4052 55
1209 3986 1450 4073 pertinentibus
1484 3987 1570 4051 infra
1603 4009 1723 4073 pagum
1760 3987 1881 4072 ipsum,
1922 4001 2152 4065 (sensimsensrm,

443 4107 477 4154 30
499 4107 717 4170 Postinevillare,
746 4109 940 4158 Beruiuocurte
969 4114 997 4158 51
1024 4110 1052 4157 ἰ5
1080 4109 1204 4157 Linarias
1231 4123 1279 4157 seu
1308 4113 1335 4157 et
1361 4108 1390 4156 in
1418 4106 1547 4157 Hodricio
1576 4123 1605 4170 a,
1641 4108 1669 4156 in
1705 4122 1773 4173 pago
1803 4123 1866 4156 vero
1895 4107 2088 4158 vermandensi
2123 4109 2151 4157 in

499 4212 702 4277 Magrastovilla
723 4206 757 4262 et
770 4213 799 4260 in
821 4227 890 4277 pago
906 4212 1079 4261 Ambianensi
1094 4212 1294 4262 Frisionecurte
1309 4228 1326 4260 5
1341 4218 1368 4262 51
1390 4214 1417 4261 in
1434 4193 1643 4278 Agnonsourted
1666 4219 1726 4260 nec
1747 4213 1858 4261 nonin
1878 4227 1948 4277 pago
1964 4211 2150 4262 cameracensi

500 4298 573 4364 loco
598 4301 653 4386 qui
669 4300 791 4365 dicitur
806 4317 906 4366 Waliu.
930 4299 995 4365 Sed
1012 4302 1224 4386 pro·iutegra
1239 4300 1394 4365 firmitate
1410 4300 1508 4386 petiit
1523 4321 1543 4364 a
1566 4298 1761 4365 celsitudine
1777 4309 1900 4378 nostra,
1924 4309 1971 4380 ut,
1996 4299 2154 4385 quicquid

501 4404 574 4487 ipsa
602 4425 678 4468 cum
705 4406 863 4489 equitatis
893 4403 1006 4468 ordine
1029 4407 1063 4469 in
1095 4403 1294 4490 supradictis
1322 4403 1406 4468 locis
1435 4402 1477 4469 ad
1505 4404 1668 4488 prefatum
1698 4404 1933 4468 monasterium
1963 4413 2153 4468 sanctorum

500 4517 683 4594 martyrum
707 4510 792 4573 iuste
815 4518 848 4573 et
869 4507 1110 4573 rationabiliter
1132 4507 1307 4590 delegavit,
1331 4529 1391 4594 pro
1415 4509 1582 4573 communi
1605 4507 1758 4573 mercede
1781 4516 1813 4572 51
1828 4528 1888 4592 pro
1912 4515 2025 4572 eterna
2047 4529 2153 4572 remu-

446 4627 480 4675 55
502 4613 674 4677 uenatione
689 4613 812 4677 nostris
829 4613 974 4678 oraculis
997 4612 1114 4678 cedere
1129 4622 1162 4677 51
1184 4612 1379 4677 confirmare
1398 4611 1604 4678 deberemus.
1635 4610 1737 4676 Cuius
1753 4612 1949 4697 peticionem
1966 4633 2026 4696 pro
2043 4610 2154 4676 divino

501 4716 621 4779 intuitu
644 4715 808 4802 denegare
830 4716 1009 4799 noluimus,
1034 4716 1147 4782 sedin
1171 4715 1351 4780 elemosina
1373 4724 1487 4780 nostra
1510 4716 1557 4780 ita
1578 4737 1639 4781 nos
1662 4717 1867 4781 concessisse
1890 4715 1978 4780 etin
2002 4714 2154 4780 omnibus

502 4820 715 4886 confirmasse
738 4822 938 4906 cognoscite.
964 4822 1186 4908 Precipientes
1210 4841 1287 4905 ergo
1310 4819 1473 4903 iubemus,
1496 4820 1585 4906 quod
1607 4818 1842 4906 perpetualiter
1865 4840 2056 4885 mansurum
2080 4840 2155 4883 esse

503 4922 666 5007 volumus,
698 4934 735 4989 ut
756 4926 906 5012 inspecto
930 4927 1002 5011 ipso
1025 4932 1224 4990 testamento
1249 4923 1436 4988 donationis
1461 4945 1528 5004 sue,
1560 4925 1646 4987 sicut
1669 4922 1749 4988 inibi
1773 4922 1969 5004 declaratur,
1999 4922 2155 5007 deinceps

503 5047 563 5112 per
590 5027 677 5093 hanc
704 5037 853 5094 nostram
881 5031 1112 5096 auctoritatem
1143 5036 1243 5114 atque
1276 5027 1560 5092 confirmationem
1596 5027 1842 5113 suprascriptus
1873 5027 1924 5091 vir
1957 5024 2156 5091 venerabilis

449 5146 482 5194 15
508 5130 735 5216 OEulradus>⁸
757 5131 845 5197 abba
868 5133 983 5218 suique
1007 5135 1039 5196 in
1063 5142 1259 5219 perpetuum
1282 5151 1505 5214 successores,
1534 5132 1590 5218 qui
1612 5132 1736 5197 fuerint
1757 5141 1903 5197 rectores
1925 5153 1984 5216 per
2006 5140 2156 5216 tempora

504 5235 607 5320 ipsius
632 5236 738 5300 sancti
762 5235 836 5316 loci,
868 5236 938 5301 iure
960 5236 1147 5301 firmissimo
1176 5245 1310 5302 teneant
1333 5245 1433 5322 atque
1461 5235 1663 5321 possideant,
1699 5238 1854 5321 quatinus
1879 5237 1911 5299 in
1939 5232 2157 5300 luminaribus

504 5339 609 5424 ipsius
632 5339 772 5405 ecclesie
800 5362 859 5404 seu
887 5339 1051 5425 stipendia
1082 5362 1251 5406 servorum
1275 5341 1329 5405 dei
1358 5342 1479 5420 omnia,
1517 5341 1603 5404 sicut
1630 5361 1731 5424 supra
1759 5339 1914 5421 diximus,
1948 5337 2158 5423 perhenniter

506 5442 681 5527 proficiant
703 5443 737 5507 in
760 5446 956 5528 augmentis.
987 5445 1030 5508 Et
1052 5454 1089 5510 ut
1110 5445 1171 5510 hec
1194 5445 1375 5510 auctoritas
1397 5444 1522 5507 firmior
1546 5442 1708 5507 habeatur
1731 5452 1763 5507 et
1786 5465 1845 5527 per
1866 5452 2017 5527 tempora
2040 5441 2158 5506 melius

505 5556 733 5629 conservetur,
756 5569 856 5612 manu
879 5550 1012 5634 propria
1037 5547 1151 5613 subter
1172 5547 1377 5612 firmavimus
1401 5554 1434 5610 et
1456 5545 1555 5610 anulo
1578 5554 1691 5610 nostro
1716 5548 1840 5632 signari
1863 5547 2029 5610 iussimus.

450 5700 484 5747 45
611 5683 747 5770 Signum
771 5690 838 5765 (Μ.)
860 5687 978 5751 Karoli
1000 5686 1229 5771 gloriosissimi
1252 5688 1349 5772 regis.

586 5889 644 5944 luo.
665 5892 692 5953 5)
709 5890 737 5943 Β
755 5890 816 5942 nnd
836 5890 882 5943 die
899 5907 956 5944 nur
975 5905 1029 5944 ans
1048 5889 1075 5942 B
1093 5891 1285 5945 stammenden
1304 5889 1419 5945 Drnclee
1507 5891 1534 5956 b)
1553 5892 1655 5942 domini
1675 5889 1702 5942 B
1781 5889 1805 5953 5)
1824 5887 1856 5941 in
1876 5887 1926 5940 der
1948 5885 2015 5940 liris.
2038 5885 2167 5939 Giselos:

664 5961 782 6082 ξηιὲἓέο
790 5963 1015 6082 ¹³serppppmipsppgto
1023 5961 1173 6079 ipldratinso
1241 5963 1268 6026 d)
1287 5963 1499 6027 Magnonecurte
1513 5959 1546 6023 B,
1565 5960 1597 6011 in
1618 5959 1667 6012 der
1689 5957 1899 6012 1555155155.-
1918 5960 1947 6008 iu
1962 5960 2164 6023 Agnonocurte,
