5642 7159
1052 719 1173 779 [aas
1196 719 1285 778 111111
1306 718 1476 778 (1110881
1499 713 1572 780 812.
2064 715 2125 778 421

590 911 687 968 nrucbt
709 908 758 968 die
779 909 922 968 Idcstitdt
951 909 1001 967 des
1021 907 1179 967 Falsclsers
1206 909 1271 967 aad
1293 907 1341 966 die
1363 909 1551 982 1101001009
1579 910 1656 968 auct
1679 909 1774 968 dieses
1797 908 1920 968 Ststcltes
1947 909 2022 966 00011
2045 911 2128 969 1165

590 1011 742 1070 darcbuas
764 1011 1012 1073 wahrsebeisrlielr.

590 1214 729 1282 Carolus
752 1217 982 1281 serenissimus
1005 1225 1166 1300 augustus
1190 1215 1307 1302 deique
1330 1218 1439 1302 gratia
1462 1239 1522 1282 rex
1544 1217 1749 1282 Francorum
1776 1225 1809 1281 et
1831 1213 2129 1300 Longobardorum

487 1319 640 1386 omnibus
662 1320 922 1406 archiepiscopis
945 1320 1109 1406 episcopis
1131 1319 1309 1385 abbatibus
1326 1319 1467 1386 ducibus
1490 1319 1664 1386 comitibus
1685 1320 1890 1407 caeterisque
1914 1317 2129 1384 obtimatibus

448 1444 464 1490 s
487 1427 557 1492 suis
581 1433 759 1510 perpetuae
782 1423 899 1489 salutis
922 1432 1144 1509 augmentum.
1249 1423 1332 1490 (lum
1354 1427 1481 1511 regiam
1506 1424 1742 1504 sublimitatem
1764 1424 1985 1510 peticionibus
2015 1425 2129 1510 aequis

486 1551 659 1596 assensum
682 1529 799 1594 deceat
819 1537 1001 1614 praestare,
1025 1549 1205 1612 congruum
1229 1552 1302 1594 esse
1323 1529 1455 1594 videtur
1477 1527 1723 1596 racionabiliter
1746 1528 1915 1616 postulata
1936 1529 2128 1610 concedere,
2175 1531 2176 1536 ’

486 1643 650 1721 quatenus
671 1655 730 1720 per
751 1633 974 1719 praesentium
998 1631 1159 1699 bonorum
1182 1631 1419 1716 exhibitionem
1442 1631 1582 1720 adipisci
1605 1654 1789 1699 mereamur
1818 1633 2010 1699 caelestium
2036 1655 2128 1719 prae·

485 1741 624 1804 mierum
652 1738 871 1823 largitionem.
918 1737 1125 1825 Quapropter
1151 1747 1332 1822 cognoscat
1364 1737 1557 1824 magnitudo
1593 1739 1661 1803 sive
1694 1737 1851 1803 nobilitas
1882 1743 2006 1820 vestra,
2041 1736 2130 1823 quod

486 1842 681 1909 accedentes
710 1842 754 1907 ad
783 1852 917 1908 nostrae
947 1840 1157 1907 sublimitatis
1185 1842 1406 1928 praesentiam
1431 1841 1604 1908 Wilelmus
1635 1842 1762 1907 scilicet
1783 1840 1991 1907 venerandus
2018 1860 2129 1906 comes

433 1967 464 2014 rc
487 1956 586 2033 atque
607 1945 786 2012 Rotbertus
815 1968 919 2032 aeque
948 1965 1060 2010 comes
1089 1955 1122 2011 et
1149 1944 1332 2012 marchisus
1362 1946 1503 2033 supplici
1531 1949 1696 2034 petierunt
1724 1947 1906 2030 devotione,
1940 1955 1978 2010 ut
2005 1945 2129 2010 sanctis

486 2050 688 2135 martyribus
711 2050 887 2134 Dionysio,
921 2050 1057 2115 Rustico
1081 2059 1114 2115 et
1136 2049 1326 2116 Eleutherio
1349 2060 1383 2116 et
1404 2051 1576 2116 monacbis
1605 2052 1638 2115 in
1662 2073 1774 2116 eorum
1803 2050 1960 2136 obsequio
1988 2049 2130 2114 militan-

487 2152 577 2220 tibus
597 2158 778 2220 restaurari
801 2152 990 2219 iuberemus
1012 2155 1103 2239 prius
1126 2154 1241 2220 habita
1264 2164 1297 2221 et
1318 2153 1374 2219 diu
1397 2155 1506 2240 quiete
1530 2176 1695 2242 possessa,
1718 2164 1836 2242 postea
1851 2176 1930 2220 vcro
1954 2176 2131 2240 anequam

487 2257 674 2323 hominibus
707 2258 830 2322 iniuste
860 2256 994 2323 sublata
1025 2267 1059 2323 et
1092 2260 1360 2326 confirmaremus
1389 2268 1525 2328 nostrae
1558 2261 1766 2325 auctoritatis
1794 2269 1982 2345 praecepto.
2027 2257 2132 2343 Igitur

487 2361 624 2428 consilio
641 2371 675 2426 et
689 2360 860 2426 voluntate
876 2360 935 2426 lilii
952 2363 1016 2427 mei
1033 2363 1195 2428 Ludovici
1212 2365 1262 2429 Pii
1278 2364 1394 2429 iamin
1410 2385 1520 2448 regem
1538 2363 1691 2429 destinati
1708 2366 1968 2450 optimatumque
1983 2382 2130 2427 meorum

434 2485 465 2531 rs
488 2466 622 2551 cupiens
639 2475 853 2551 augmentare
876 2476 909 2532 et
924 2467 1127 2554 amplificare
1150 2469 1378 2553 possessiones
1393 2465 1579 2533 beatissimi
1595 2469 1761 2552 Dionysii,
1785 2489 1911 2532 memor
1926 2468 2026 2533 etiam
2041 2466 2131 2531 illius

487 2571 690 2635 veracissimi
713 2569 806 2635 verbi
828 2571 1013 2658 Dagoberti
1037 2571 1305 2637 excellentissimi
1332 2573 1421 2656 regis
1445 2572 1596 2652 dicentis,
1632 2572 1717 2636 sicut
1739 2572 1773 2636 in
1801 2571 1906 2656 gestis
1928 2571 2132 2636 Francorum

488 2674 637 2756 habetur,
672 2697 707 2740 se
729 2684 858 2740 tantum
887 2675 929 2741 de
956 2675 1117 2742 reditibus
1140 2677 1207 2741 suis
1237 2676 1389 2741 daturum
1414 2685 1447 2741 et
1474 2696 1710 2741 concessurum
1740 2673 1879 2760 speciali
1908 2682 2047 2759 patrono
2071 2695 2130 2739 suo

487 2779 649 2863 Dionysio
673 2788 707 2843 et
728 2780 898 2845 monachis
921 2779 1042 2846 ibidem
1067 2779 1128 2846 deo
1153 2780 1382 2865 servientibus,
1417 2781 1515 2868 quod,
1539 2779 1690 2865 quamvis
1721 2800 1928 2844 successores
1952 2779 2002 2843 sui
2028 2776 2131 2842 multa

487 2882 662 2957 auferrent,
685 2882 839 2948 monachi
859 2893 971 2948 tamen
993 2906 1123 2970 semper
1146 2884 1192 2950 ibi
1215 2885 1405 2950 necessaria
1429 2883 1629 2949 sufficienter
1653 2881 1820 2948 haberent,
1863 2883 1947 2967 Ego,
1970 2903 2012 2946 ne
2036 2882 2131 2968 quasi

432 3005 465 3053 20
487 2986 583 3051 huius
598 2986 690 3052 verbi
707 2996 932 3073 transgressor
947 2987 1031 3053 iram
1054 2987 1105 3053 dei
1122 2989 1296 3070 incurram,
1319 2987 1422 3053 reddo
1446 2997 1478 3052 et
1493 2995 1643 3053 restauro
1667 2986 1838 3053 monachis
1855 2987 1960 3051 sancti
1977 2986 2131 3070 Dionysii

487 3114 536 3174 ea,
566 3114 651 3178 quae
673 3093 763 3178 prius
784 3091 972 3159 habuerunt
994 3102 1028 3158 et
1050 3095 1158 3178 quiete
1181 3091 1409 3179 possederunt,
1438 3090 1592 3157 videlicet
1615 3090 1778 3174 cellulam,
1808 3112 1892 3178 quae
1915 3092 2021 3155 estin
2044 3111 2130 3175 pago

487 3196 684 3278 Pietavensi,
718 3217 785 3261 non
812 3197 910 3282 longe
932 3218 953 3262 a
976 3197 1105 3262 Vienna
1134 3196 1268 3262 flumine
1290 3197 1375 3261 inter
1398 3196 1536 3262 duorum
1566 3197 1727 3262 montium
1752 3197 1816 3260 sita
1838 3204 1890 3261 est
1912 3193 2040 3276 vallem,
2077 3195 2131 3278 qui

486 3301 579 3366 locus
607 3310 706 3365 antea
740 3302 912 3368 dicebatur
941 3301 1128 3385 Plumbata,
1163 3310 1280 3388 postea
1306 3322 1384 3366 vero
1419 3310 1553 3388 propter
1583 3300 1705 3365 multos
1740 3300 1887 3364 infirmos
1918 3297 2071 3385 precibus
2100 3305 2132 3361 et

486 3407 613 3471 meritis
636 3407 742 3470 sancti
758 3406 912 3491 Dionysii
933 3415 1069 3472 sanatos
1092 3407 1163 3494 ipse
1185 3406 1279 3471 locus
1303 3408 1556 3492 cognominatus
1572 3415 1623 3470 est
1639 3405 1745 3470 sancti
1761 3404 1915 3488 Dionysii
1931 3403 1971 3468 de
1987 3401 2130 3468 Valleta.

432 3527 465 3575 25
488 3509 602 3574 Reddo
632 3525 711 3574 etiam
741 3518 773 3573 01
801 3519 950 3575 restauro
980 3527 1009 3574 in
1030 3526 1192 3577 Bituricensi
1213 3541 1283 3593 pago
1315 3509 1475 3576 000100100
1505 3519 1538 3575 et
1561 3523 1639 3574 villas
1670 3507 1797 3573 00111001
1820 3523 1853 3574 (10
1876 3523 2025 3574 Gasimansi
2046 3539 2070 3584 a,
2098 3522 2131 3574 de
2153 3525 2166 3573 1

487 3629 615 3691 Massico,
649 3613 690 3678 (10
712 3611 811 3696 111110,
846 3627 878 3679 ds
899 3629 1005 3679 Perelio
1028 3646 1052 3692 a,
1087 3628 1118 3680 de
1140 3630 1303 3694 Napsiniaco
1326 3646 1350 3693 a,
1384 3613 1425 3679 (10
1454 3612 1620 3697 1101110οο,
1656 3627 1688 3680 de
1716 3628 1869 3680 Guierlaico
1892 3644 1916 3690 ss,
1951 3627 1984 3678 de
2017 3627 2131 3678 Duabus

487 3732 563 3782 Oasis
584 3748 609 3794 a,
633 3731 665 3782 de
686 3731 803 3782 Vernido
826 3748 850 3795 a,
873 3732 906 3783 de
929 3732 1093 3783 stivaliculis
1115 3750 1139 3797 a,
1163 3734 1196 3784 de
1219 3733 1337 3784 Giuretis
1360 3750 1384 3796 a,
1407 3733 1441 3784 de
1462 3733 1622 3800 Argentaria
1643 3749 1667 3794 s,
1697 3731 1729 3782 de
1752 3730 1830 3781 Vallo
1853 3748 1877 3793 a,
1907 3731 1939 3781 ds
1962 3733 2092 3782 Lanatico
2115 3748 2131 3780 ss

488 3822 528 3887 (10
550 3836 706 3887 Umreaiaco
730 3853 754 3899 a,
778 3836 810 3887 ds
832 3837 899 3887 Vico
922 3838 1001 3902 pleno
1025 3855 1049 3901 s,
1072 3838 1106 3889 de
1127 3838 1197 3889 Noto
1221 3854 1245 3900 r,
1268 3837 1301 3887 de
1323 3837 1485 3888 Archiniaco
1508 3854 1524 3886 s
1547 3831 1579 3886 et
1609 3829 1714 3886 terras
1738 3829 1770 3885 et
1798 3819 1895 3884 villas
1919 3830 1951 3885 01
1974 3819 2131 3884 ecclesias

487 3925 676 3990 adiacentes
707 3955 766 3989 cum
800 3942 884 3991 servis
916 3946 943 3991 et
975 3941 1080 3992 ancillis
1114 3959 1130 3991 v
1166 3941 1249 4006 sylvis
1277 3942 1360 4005 pratis
1394 3941 1529 3990 farinariis
1564 3934 1662 4007 aquis⁸
1697 3955 1860 4006 aquarumve
1896 3920 2074 3990 decursibusb
2107 3956 2131 3989 a.

431 4046 639 4097 cerasiacum
667 4029 767 4093 etiam
801 4049 917 4094 castrum
945 4051 1066 4094 nostrum
1096 4038 1129 4093 et
1157 4044 1283 4094 eeclesias
1314 4027 1461 4094 eiusdem
1492 4031 1594 4094 castri
1623 4039 1656 4095 et
1683 4028 1824 4114 burgum
1854 4030 2050 4114 cognomine
2077 4026 2131 4091 Ad

487 4133 673 4198 Patriacum
698 4141 732 4196 et
754 4131 913 4197 ecclesias
937 4133 1083 4198 eiusdem
1107 4130 1204 4218 burgi
1227 4141 1260 4196 et
1281 4139 1462 4212 receserunt
1486 4133 1574 4220 quod
1597 4141 1648 4198 est
1670 4150 1749 4198 situm
1771 4164 1851 4213 super
1873 4149 1984 4199 dudum
2007 4129 2130 4214 vigrsed,

488 4247 521 4304 et
542 4253 611 4304 cella
632 4251 665 4302 de
688 4252 814 4303 Larundo
836 4239 869 4301 in
891 4258 978 4323 pago
1001 4237 1182 4302 Lemozino
1214 4258 1391 4322 eorumque
1415 4238 1612 4323 appendicia
1640 4247 1739 4324 atque
1764 4237 2010 4324 subsequentia,
2047 4258 2131 4322 quae

488 4342 704 4432 quorumdam
733 4343 895 4427 pravitate
917 4340 1087 4407 hominum
1115 4364 1136 4405 a
1159 4340 1316 4406 coenobio
1349 4340 1520 4407 beatorum
1550 4350 1731 4428 martyrum
1753 4341 1918 4426 Dionysii,
1950 4341 2075 4407 Rustici
2099 4349 2132 4405 et

488 4446 669 4514 Eleutherii
692 4449 813 4513 iniuste
835 4456 1078 4533 cognoscuntur
1100 4466 1174 4512 esse
1191 4443 1334 4528 sublata,
1358 4445 1463 4511 eidem
1480 4444 1639 4510 coenobio
1663 4446 1903 4531 imperpetuum
1917 4445 2130 4510 reddidimus.

433 4571 466 4619 ³5
490 4551 596 4618 villas
623 4573 702 4617 vero
732 4567 911 4630 Sadragssilli,
945 4567 1021 4617 ducis
1053 4567 1247 4632 Aquitanorum
1276 4579 1293 4614 a
1322 4563 1481 4629 quibusdam
1515 4570 1656 4635 nequam
1684 4564 1836 4614 bominibus
1863 4565 2004 4626 interlecti,
2038 4548 2131 4612 cuius
2154 4563 2181 4612 lI

488 4677 599 4722 mortem
622 4656 694 4721 eius
716 4670 763 4720 lilii
787 4673 814 4720 in
836 4671 936 4735 palatio
953 4671 1059 4720 edueati
1080 4670 1225 4721 noluerunt
1239 4671 1383 4735 vindicare,
1406 4687 1466 4722 cum
1481 4670 1607 4720 facillime
1629 4675 1739 4736 possent
1760 4654 1940 4720 vindictam
1964 4655 2130 4741 perlicere,

489 4768 690 4847 quapropter
706 4758 917 4844 Dagobertus
934 4760 1171 4825 invictissimus
1185 4782 1246 4824 rex
1262 4769 1397 4846 propter
1411 4761 1579 4844 ignaviam
1596 4780 1709 4824 eorum
1725 4773 1871 4824 secundum
1886 4774 1971 4840 legem
1986 4775 2132 4824 Romanam

488 4865 563 4929 filiis
586 4885 711 4945 paternas
728 4878 910 4943 possessiones
933 4860 1071 4927 abstulit
1094 4871 1126 4927 01
1149 4865 1273 4928 sanctis
1295 4862 1499 4949 martyribus
1524 4863 1642 4928 devote
1665 4862 1841 4946 distribuit,
1865 4876 1892 4927 id
1915 4883 1954 4928 est
1971 4878 2133 4930 Novientum

433 5038 436 5047 .
488 4985 516 5033 in
544 4997 613 5049 pago
641 4967 910 5048 Lemovieense⁰,
944 4980 1099 5030 Parsiacum
1127 4998 1143 5028 a
1170 4989 1229 5030 seu
1257 4963 1475 5051 Nullyacum‘
1506 4975 1539 5033 et
1568 4982 1806 5033 Pendentiniacum
1830 4988 1870 5031 00
1897 4981 2073 5033 Pascellarias
2101 4977 2134 5032 et

434 5091 468 5137 40
489 5088 630 5154 Anglarias
653 5087 681 5134 in
709 5101 779 5151 pago
800 5085 954 5134 Pietavensi
977 5084 1096 5161 aliasque
1123 5099 1202 5149 quam
1225 5085 1315 5149 plures
1343 5101 1403 5134 cum
1426 5085 1519 5136 salinis
1548 5101 1629 5152 supra
1651 5101 1730 5149 mare,
1758 5101 1870 5152 quarum
1892 5087 2002 5137 nomina
2029 5087 2073 5136 hie
2094 5103 2133 5137 re-

488 5206 596 5242 censere
618 5190 728 5256 longum
756 5189 888 5251 duximus,
917 5171 1134 5237 libentissime
1161 5187 1272 5237 tradidit
1292 5204 1323 5252 a;
1361 5188 1467 5239 easdem
1490 5193 1579 5239 autem
1606 5190 1685 5240 villas
1706 5189 1777 5240 inira
1804 5190 1885 5240 unius
1913 5191 2049 5255 praecepti
2072 5206 2133 5240 cou-

489 5294 635 5344 clusionem
651 5293 808 5344 nominatim
831 5291 951 5341 inserens
973 5293 1073 5356 proprii
1088 5292 1203 5341 nominis
1216 5293 1415 5358 subscriptione
1438 5286 1471 5342 et
1495 5277 1595 5362 sigilli
1614 5278 1664 5342 sui
1687 5295 1859 5358 impressione
1874 5291 1997 5354 firmavit,
2021 5307 2133 5358 quarum

488 5399 603 5460 nomina,
627 5399 650 5447 si
672 5397 769 5462 aliquis
785 5396 941 5461 diligentius
964 5397 1116 5460 perquirere
1131 5394 1255 5458 voluerit,
1278 5397 1362 5460 ipsam
1380 5397 1576 5461 praeceptionis
1598 5401 1698 5446 cartam
1714 5399 1742 5446 in
1766 5397 1880 5447 archivis
1896 5398 1980 5461 ipsius
2004 5396 2132 5446 ccclesiae

487 5503 605 5567 requirat
620 5507 654 5563 01,
678 5506 708 5550 ut
723 5516 791 5562 reor,
814 5484 1034 5570 quadraginta
1057 5505 1083 5549 et
1106 5492 1188 5548 8011Ι
1211 5499 1335 5549 villarum
1357 5502 1466 5550 nomina
1488 5501 1526 5550 ibi
1550 5485 1674 5570 scripta
1696 5501 1822 5550 inveniet.
1846 5483 1993 5564 Quorum
2018 5505 2133 5569 supra·

432 5609 465 5657 45
490 5592 651 5657 dictorum
679 5590 836 5654 comitum
858 5589 1012 5675 peticioni
1041 5587 1259 5652 libentissime
1283 5587 1424 5673 prebens
1454 5609 1627 5653 assensum
1658 5587 1778 5652 domno
1801 5588 1913 5652 Leone
1943 5608 2031 5672 papa
2054 5587 2132 5651 resi·

563 5814 623 5872 282,
643 5817 670 5876 a)
686 5817 764 5883 aquis
776 5815 912 5867 ianuariis
924 5812 1010 5864 furuis
1020 5811 1056 5878 F,
1074 5811 1210 5869 0010011101
1227 5811 1301 5866 acels
1316 5811 1366 5865 der
1381 5812 1499 5884 Vorlayt
1568 5814 1596 5879 b)
1613 5813 1777 5866 discursibus
1790 5811 1820 5866 F
1886 5813 1911 5878 c)
1929 5813 2085 5863 Pareiacum
2098 5809 2133 5874 F,

645 5885 728 5940 Varla
747 5900 762 5938 e
779 5885 923 5950 Patriagru
1026 5882 1055 5950 d)
1076 5881 1195 5950 Vortupc
1212 5883 1289 5949 iugis
1393 5884 1419 5949 e)
1437 5897 1468 5936 eo
1492 5882 1565 5937 auct
1589 5882 1635 5936 die
1662 5882 1729 5940 Urit.
1749 5881 1905 5949 Gblcdws'ys
1924 5881 1967 5948 11,
1993 5881 2025 5933 iss
2045 5879 2133 5934 Gesta

643 5901 800 6035 Dapoierts'
810 5952 1000 6020 Andegavinss
1068 5951 1090 6018 t]
1108 5950 1159 6004 der
1170 5951 1273 6020 91010110
1285 5952 1376 6006 Nurac
1386 5953 1419 6005 s'n
1432 5952 1482 6006 der
1498 5953 1563 6007 Urlr.
1575 5951 1740 6021 Olslodws'ps,
1759 5952 1791 6005 irs
1805 5951 1837 6006 G.
1852 5950 1960 6020 Dayob.
1974 5953 2133 6002 Noviomum

641 6025 669 6091 g)
686 6040 718 6076 sss
739 6022 771 6076 0.
790 6021 900 6091 110000.
918 6023 1018 6088 viginti
1035 6027 1063 6073 et
1080 6026 1183 6087 septem
