5642 7159
1115 731 1234 792 Karai.
1260 731 1348 790 BER
1370 729 1538 792 GROSSE
1562 725 1635 791 782.
2132 725 2192 790 199

549 920 707 1007 cipiantes
730 919 816 985 enim
838 919 999 1003 iubemus,
1023 929 1060 984 ut
1073 918 1185 985 nullus
1208 917 1366 1005 quislibet
1388 917 1429 983 de
1446 916 1585 983 ducibus
1607 916 1661 982 vel
1677 916 1794 1002 ceteris
1816 915 1971 982 fidelibus
1990 915 2110 981 nostris
2125 915 2192 981 ullo

547 1044 703 1110 umquam
726 1032 873 1109 tempore
887 1022 1036 1109 partibus
1060 1022 1180 1109 prefati
1198 1023 1388 1088 monasterii
1412 1030 1525 1108 sancte
1541 1021 1645 1106 Maria
1669 1020 1710 1087 dc
1733 1019 1905 1086 iamdicta
1928 1019 2070 1104 ecclesia
2087 1021 2194 1085 sancti

546 1126 736 1212 archangeli
764 1126 816 1193 dei
840 1124 1037 1192 Micbahelis
1064 1125 1117 1191 vel
1146 1125 1246 1192 rebus
1272 1126 1316 1192 ad
1344 1126 1484 1192 eandem
1512 1124 1751 1211 pertinentibus
1778 1125 1962 1210 inquietare
1990 1133 2050 1189 aut
2077 1132 2193 1189 contra

547 1232 684 1298 rationis
708 1231 855 1297 ordinem
879 1230 1078 1296 calumniam
1101 1252 1258 1316 generare
1282 1240 1461 1317 presumat,
1484 1231 1544 1297 sed
1567 1233 1816 1316 omnitempore
1840 1231 1883 1295 sit
1904 1231 1989 1294 inter
2009 1229 2100 1315 ipsos
2116 1251 2192 1294 cau·

509 1354 525 1400 s
549 1346 676 1402 satores
692 1334 886 1402 Sinualdum
909 1335 1099 1422 episcopum
1121 1333 1175 1400 vel
1200 1355 1407 1400 successores
1432 1355 1510 1400 suos
1534 1335 1587 1400 vel
1603 1335 1795 1401 Pandonem
1817 1343 1851 1400 st
1872 1332 2012 1418 heredes
2035 1335 2105 1398 eius
2123 1335 2192 1399 sive

546 1446 783 1506 memoratum⁶
804 1438 961 1505 abbatem
984 1448 1017 1504 et
1045 1459 1253 1504 successores
1276 1440 1347 1505 eius
1375 1462 1419 1504 ex
1441 1439 1503 1504 hac
1525 1462 1561 1504 re
1590 1442 1678 1504 omni
1702 1448 1848 1524 tempore
1873 1433 2003 1503 subita‘¹
2025 1438 2077 1502 vel
2100 1438 2194 1503 finita

547 1545 698 1610 causatio
722 1553 755 1609 et
783 1544 1008 1630 suprascripta
1030 1542 1170 1628 ecclesia
1198 1544 1370 1608 memorati
1399 1541 1589 1629 archangeli
1617 1542 1669 1609 dei
1692 1541 1906 1624 Michahelis,
1936 1543 2021 1606 sicut
2048 1539 2091 1605 ab
2120 1542 2193 1626 ipso
2244 1605 2247 1612 ,

547 1648 632 1715 duce
654 1646 883 1733 Hildcprando
913 1648 956 1712 ad
979 1647 1067 1712 idem
1089 1649 1327 1714 monasterium
1357 1669 1554 1713 concessum
1578 1671 1650 1713 esse
1679 1647 1875 1730 dinoscitur,
1905 1647 1953 1711 ita
1975 1646 2110 1711 inantea
2132 1667 2193 1731 pro

547 1751 707 1818 mercedis
735 1760 848 1835 nostre
871 1759 1049 1837 augmento
1078 1751 1121 1815 ad
1144 1753 1217 1816 iam
1247 1751 1372 1817 dictum
1404 1761 1556 1818 sanctum
1585 1752 1694 1817 locum
1726 1750 1959 1837 perpetualiter
1989 1748 2139 1834 proficiat
2160 1750 2193 1814 in

493 1874 526 1923 10
549 1857 743 1942 augmentis.
768 1856 811 1921 Et
825 1865 863 1921 ut
884 1856 945 1941 hec
960 1856 1140 1921 auctoritas
1164 1856 1289 1922 firmior
1305 1859 1346 1922 sit
1363 1864 1395 1922 et
1417 1856 1585 1922 meliorem
1604 1856 1751 1942 optineat
1767 1857 1921 1938 vigorem,
1945 1875 2044 1918 manu
2060 1853 2193 1939 propria

548 1972 663 2048 supter
686 1983 760 2027 eam
781 1959 988 2026 decrevimus
1011 1958 1179 2025 roborare.

649 2100 786 2184 Signum
810 2099 876 2179 (ii.)
899 2098 1016 2163 Karoli
1039 2096 1288 2183 gloriosissimi⁰
1310 2099 1407 2183 regis.

650 2236 841 2323 Guigboald
863 2237 1012 2303 advicem
1035 2237 1184 2302 Radonis
1205 2238 1393 2323 recognovi.

611 2442 613 2445 .
651 2376 741 2440 Data
768 2394 816 2440 xv
848 2375 915 2441 kal.
941 2384 1024 2461 sept.
1048 2396 1135 2439 anno
1165 2393 1244 2439 xnn
1273 2386 1306 2441 et
1337 2394 1414 2440 v1111
1441 2377 1534 2462 regni
1559 2377 1680 2459 nostri3
1718 2383 1829 2441 actum
1858 2372 2039 2439 Haristalio
2068 2372 2192 2458 palatio

493 2491 677 2562 innostro,
711 2475 875 2545 feliciter‘.

1333 2770 1418 2845 14⁷.

546 2931 642 3003 Karl
668 2933 733 3004 dar
764 2930 893 3003 Grosse
918 2930 1063 3003 verleibt
1089 2931 1153 3001 cler
1177 2930 1310 3003 Kircbe
1335 2954 1401 3003 voa
1428 2930 1479 3000 M
1481 2932 1532 3002 od
1539 2952 1617 3002 eno
1643 2931 1866 3002 Immaaitdt.

1579 3062 1792 3150 [Goadreor'lie]
1822 3071 1886 3129 782
1908 3067 2077 3142 September
2097 3069 2150 3128 26.

653 3258 792 3335 Oripiaoi
815 3257 870 3339 (A)
894 3260 958 3319 aad
979 3259 1304 3319 Notariatstroassamt
1327 3276 1383 3319 oca
1404 3263 1489 3320 1201
1515 3258 1569 3339 (Β)
1593 3262 1636 3318 im
1660 3257 1875 3333 Oapitelarcbio
1896 3276 1937 3317 aa
1959 3257 2099 3317 Modera.

649 3399 855 3473 Silliapardas
881 3399 980 3462 Caici.
1004 3418 1049 3474 ep.
1072 3399 1186 3459 Mratia.
1210 3403 1252 3459 19
1275 3415 1312 3458 ea·
1333 3401 1415 3473 prio.
1440 3396 1494 3479 (A)
1520 3421 1558 3450 =
1588 3399 1702 3472 beelli
1724 3398 1816 3457 Italia
1837 3415 1925 3457 sacra
1946 3401 1976 3468 2,
2009 3399 2073 3456 112
2093 3402 2127 3454 rt⁰
2144 3399 2193 3467 10,

648 3507 680 3564 2.
704 3504 748 3563 ed.
773 3508 802 3576 2,
833 3509 872 3565 91
896 3511 931 3563 κθ
949 3510 988 3564 11
1021 3527 1063 3559 =
1092 3503 1138 3563 Le
1161 3503 1263 3564 Ooiate
1285 3504 1367 3563 Aura.
1393 3506 1422 3573 6,
1451 3505 1517 3563 226
1538 3520 1580 3562 aa
1602 3505 1667 3563 782
1686 3509 1721 3559 a⁰
1734 3506 1787 3572 19,
1817 3523 1858 3556 =
1880 3500 1983 3574 Miyae
2004 3500 2117 3560 Potrol.
2142 3503 2193 3570 97,

649 3609 734 3668 1015
756 3613 792 3666 a⁰
811 3613 840 3669 9.
868 3642 904 3653 —
932 3609 1104 3669 Tiraboscbi
1126 3609 1218 3669 Mem.
1241 3612 1312 3667 sior.
1336 3608 1492 3668 Modeaesi
1514 3602 1562 3678 1⁶,
1587 3612 1606 3668 9
1629 3613 1663 3665 πθ
1683 3611 1703 3666 7
1725 3623 1782 3666 ores
1804 3605 1843 3679 A,
1870 3607 1907 3666 B.
1938 3637 1980 3650 —
2002 3604 2196 3665 Mbblbacber

649 3712 722 3785 Rea.
745 3714 810 3773 260
833 3711 931 3790 (251).

654 3848 742 3909 Gaas
762 3866 819 3908 voa
848 3851 984 3924 Wiybald
1004 3852 1199 3924 pactarum,
1230 3852 1286 3910 das
1308 3853 1517 3926 Moaopramm
1538 3855 1615 3927 reipt
1641 3853 1821 3911 scbwbraere
1845 3851 1941 3910 Tinte.
1965 3881 2007 3894 -
2030 3846 2196 3908 Formalar

491 3966 525 4016 ab
652 3976 693 4009 =
715 3959 750 4013 a⁰
764 3958 815 4025 99,
840 3959 913 4026 133,
939 3958 1001 4016 135
1025 3956 1081 4030 apl.
1106 3956 1203 4017 Sieleel
1225 3956 1320 4016 Beitr.
1344 3975 1371 4015 a.
1396 3956 1481 4030 Dipl.
1503 3955 1562 4016 ΙΙΙ
1590 3958 1710 4018 Wiener
1733 3955 1794 4016 SB.
1818 3958 1869 4026 47,
1892 3958 1966 4016 201.

650 4144 707 4222 (0.)
729 4137 743 4223 ξ
765 4139 906 4207 Carolus
929 4143 1038 4227 gratia
1060 4142 1113 4209 dei
1136 4166 1196 4209 rex
1219 4144 1423 4210 Francorum
1447 4152 1480 4209 at
1501 4143 1799 4231 Langobardorum
1829 4143 2053 4230 ac'”patricius
2076 4145 2193 4211 Roma·

545 4267 661 4312 norum
685 4246 836 4311 omnibus
852 4247 1018 4334 episcopis
1041 4247 1220 4314 abbatibus
1237 4247 1377 4314 ducibus
1400 4248 1577 4315 comitibus
1594 4249 1767 4335 gastaldiis
1783 4258 1883 4336 atque
1904 4248 2068 4334 [omnibus
2084 4250 2193 4315 missis

545 4348 699 4434 nostris⁸l
715 4350 974 4418 discurrentibus
990 4351 1219 4439 praesentibus
1236 4360 1268 4418 et
1283 4353 1414 4419 futuris.
1520 4353 1704 4419 Maximum
1718 4355 1812 4439 regni
1828 4353 1931 4418 nostri
1945 4354 1979 4418 in
1994 4351 2057 4418 hoo
2072 4375 2195 4439 augere

547 4454 711 4521 credimus
734 4457 982 4530 monimentum,
1005 4455 1019 4540 ξ
1053 4460 1082 4522 si
1104 4456 1318 4548 petitionibus
1341 4458 1553 4524 sacerdotum
1576 4480 1616 4523 ac
1640 4479 1809 4524 servorum
1833 4458 1895 4540 dei,
1926 4460 1959 4523 in
1983 4479 2047 4544 quo
2070 4457 2194 4523 nostris

490 4576 524 4624 ao
547 4557 683 4624 auribus
705 4559 827 4625 fuerint
848 4560 991 4647 prolate,
1027 4561 1141 4627 libenti
1164 4562 1274 4627 animo
1298 4561 1564 4649 obtemperamus
1588 4559 1707 4648 atqueb
1735 4562 1778 4628 ad
1801 4563 1951 4628 effectum
1974 4563 2193 4647 perducimus.

547 4661 756 4749 Quapropter
778 4664 906 4728 noverit
929 4662 1066 4730 solertia
1087 4674 1214 4749 vestra,
1250 4666 1391 4752 qualiter
1413 4688 1476 4731 nos
1499 4666 1543 4731 ad
1565 4669 1755 4754 petitionem
1777 4665 1975 4732 venerabilis
1998 4667 2060 4730 viri
2084 4664 2193 4731 Gemi·

543 4767 634 4831 niani
658 4776 794 4832 sanctae
809 4766 1023 4833 Modonensis
1047 4769 1209 4835 ecclesiae
1232 4771 1388 4857 episcopi,
1413 4779 1566 4857 quaeest
1590 4780 1782 4836 constructa
1796 4771 1830 4835 in
1853 4769 1978 4836 honore
2000 4769 2194 4857 praeciosis-

546 4871 620 4934 simi
636 4870 839 4936 coniessoris
855 4869 979 4936 Christi
996 4870 1186 4938 Geminiani
1203 4876 1367 4940 antestitis
1382 4875 1488 4961 ipsius
1505 4875 1676 4955 ecclesiae,
1697 4875 1797 4940 talem
1813 4875 1902 4939 circa
1916 4876 2026 4960 ipsum
2044 4883 2194 4940 sanctum

544 4975 653 5042 locum
675 4975 870 5042 beneficium
885 4978 1097 5059 concessisse,
1121 4980 1205 5043 utin
1221 4979 1446 5046 monastheria
1461 4988 1495 5046 et
1516 4979 1712 5045 sinodochia
1727 5002 1784 5044 seu
1808 4977 1965 5044 ecclesias
1980 4977 2193 5063 baptismales

489 5095 522 5145 35
545 5081 597 5146 vel
618 5080 764 5168 reliquas
787 5083 1028 5168 possessiones,
1052 5104 1137 5169 quae
1153 5082 1196 5148 ad
1219 5085 1324 5171 ipsum
1342 5086 1571 5170 episcopatum
1594 5084 1760 5171 aspiciunt
1775 5093 1843 5148 tam
1867 5082 1907 5148 de
1923 5082 2057 5148 datione
2080 5103 2194 5167 regum

545 5206 709 5271 quamque
730 5186 917 5270 reginarum
941 5209 999 5253 seu
1021 5187 1223 5274 reliquorum
1246 5187 1308 5253 deo
1331 5190 1515 5254 timentium
1538 5188 1722 5271 bominum,
1757 5186 1844 5253 unde
1866 5186 2024 5252 moderno
2048 5196 2194 5272 tempore

543 5290 617 5374 ipsa
640 5311 720 5354 casa
743 5289 795 5356 dei
818 5291 925 5355 iustae
947 5292 1070 5356 vestita
1085 5302 1145 5375 est,
1168 5302 1227 5357 aut
1243 5293 1331 5379 quod
1354 5293 1467 5359 divina
1491 5295 1596 5380 pietas
1613 5293 1658 5358 ibi
1683 5291 1887 5378 amplificare
1910 5289 2061 5374 voluerit,
2084 5290 2194 5355 nullus

543 5391 645 5457 iudex
667 5391 821 5478 publicus
845 5393 889 5459 ad
911 5414 1033 5459 causas
1055 5394 1256 5461 audiendum
1280 5396 1332 5461 vel
1357 5396 1451 5462 freda
1467 5397 1612 5483 undiquc
1634 5396 1833 5482 exigendum
1852 5418 1910 5461 seu
1933 5396 2120 5461 mansiones
2138 5404 2196 5459 aut

543 5503 680 5582 paratas
703 5496 891 5562 faciendum
922 5519 983 5562 nec
1005 5498 1217 5565 fideiussores
1247 5500 1428 5567 tollendum
1451 5521 1557 5585 usque
1587 5498 1774 5565 hominibus
1803 5500 1908 5585 ipsius
1937 5499 2122 5586 episcopati
2146 5498 2195 5564 di-

488 5616 522 5665 so
546 5599 772 5686 stringendum
795 5622 856 5665 nec
879 5601 987 5667 nullas
1010 5602 1237 5668 redibutiones
1264 5604 1415 5690 publicas
1445 5604 1677 5690 requirendum
1701 5601 1874 5668 iudiciaria
1902 5613 2050 5690 potestas
2073 5601 2195 5668 ibidem

620 5788 679 5844 lio.
699 5791 725 5854 c)
743 5788 871 5844 darriacb
890 5790 975 5844 leerer
993 5791 1088 5845 Raram
1107 5809 1160 5846 oon
1178 5798 1193 5846 1
1201 5796 1280 5846 bem
1367 5794 1394 5859 d)
1413 5794 1520 5844 subdita
1537 5793 1564 5846 Β
1662 5795 1687 5860 e)
1705 5795 1869 5861 gloriossimi
1888 5793 1914 5846 B
2000 5794 2084 5860 tiam
2107 5791 2195 5846 Rcad

698 5857 846 5928 Siepelbr'ld
863 5860 896 5912 ia
914 5859 1157 5927 Medailloasorm.

622 5961 682 6017 147.
699 5963 727 6084 y
745 5961 792 6016 die
810 5962 919 6044 debrist
936 5980 1009 6033 parra
1027 5939 1191 6044 abpariebcrr
1202 5966 1239 6029 A,
1258 5969 1391 6034 episcopis
1410 5969 1581 6019 monasteriis
1600 5968 1643 6018 dei
1661 5968 1820 6019 rimantibus
1833 5965 1860 6020 B
1936 5967 1963 6033 b)
1980 5984 1998 6034 q
2015 5965 2073 6029 aas
2088 5963 2194 6017 Rasar.

720 6047 788 6085 aoor
806 6047 853 6085 erra
871 6031 972 6098 Sebaft
988 6035 1085 6088 ruderi
