5642 7159
657 769 699 832 48
1270 771 1701 832 11111111111111111111111111.

660 977 725 1039 quia
747 976 774 1023 in
801 975 952 1039 asperrimis
975 989 991 1021 a
1019 973 1109 1023 arduis
1132 989 1236 1024 necnon
1265 975 1461 1039 angustissimis
1484 958 1607 1044 degunt
1634 974 1709 1036 loeis,
1742 955 1888 1024 habeant
1914 968 2015 1044 eaput
2040 961 2073 1024 ln
2101 961 2253 1046 epaeloeo
2276 971 2309 1024 et

659 1048 817 1128 delectabile
839 1061 922 1144 loco,
946 1061 1002 1127 ubi
1026 1083 1136 1127 eorum
1160 1084 1301 1148 corpora
1324 1073 1356 1127 et
1378 1086 1398 1126 a
1422 1063 1535 1128 labore
1557 1061 1742 1128 releventur
1764 1071 1798 1126 et
1819 1072 2008 1129 recreentur
2030 1094 2047 1129 n
2069 1080 2190 1144 perona.
2223 1062 2308 1127 Cum

658 1188 736 1232 Vere
760 1183 844 1232 abbas
866 1168 1003 1231 istorum
1028 1165 1154 1250 Oblerlt,
1177 1183 1325 1247 quamdin*
1347 1184 1415 1234 inter
1438 1199 1466 1233 se
1483 1200 1499 1230 a
1520 1184 1640 1233 invenire
1662 1184 1806 1247 potuerint,
1829 1190 1870 1232 ex
1894 1169 1963 1232 sule
1980 1191 2108 1254 semper
2130 1184 2237 1248 eligant,
2260 1183 2307 1248 qui

658 1301 704 1336 eos
723 1285 867 1337 secundom
891 1285 1009 1351 regulam
1033 1287 1117 1336 sancti
1141 1286 1278 1337 Benedicti
1301 1302 1392 1353 regere
1415 1272 1529 1356 possit.
1554 1270 1653 1351 Quod
1676 1274 1703 1336 sl
1726 1275 1811 1337 inter
1833 1272 2008 1338 heremitas
2025 1272 2235 1339 conchenses
2258 1273 2306 1336 ele

659 1375 773 1440 melior
794 1375 887 1439 visus
910 1375 1017 1455 fuerit,
1052 1396 1116 1439 non
1141 1374 1358 1459 dedignentur
1380 1375 1455 1440 inde
1478 1376 1541 1441 sibi
1573 1399 1702 1441 sumere
1724 1386 1862 1460 patrem,
1887 1379 2027 1443 scientes
2050 1378 2128 1463 quia
2158 1399 2233 1451 ,non
2257 1384 2347 1440 estu

659 1480 840 1566 discipulus
857 1502 955 1566 super
970 1481 1175 1564 magistrum‘
1187 1477 1209 1556 ¹)
1225 1502 1286 1545 nec
1302 1480 1483 1566 ,apostolus
1499 1481 1604 1546 maior
1619 1504 1668 1563 eo,
1686 1481 1740 1565 qui
1753 1482 1844 1545 misit
1858 1480 1961 1546 illum‘
1972 1478 2007 1563 ²),
2023 1497 2062 1546 ita
2077 1501 2165 1547 amen
2181 1502 2211 1547 ur
2225 1497 2307 1561 priori

657 1601 817 1650 monasterio
841 1583 967 1648 eelllcel
989 1583 1126 1668 Figlaeo
1151 1581 1284 1668 abbatle
1308 1594 1476 1651 reverentia⁰
1499 1607 1650 1652 reservetur
1680 1594 1713 1649 et
1735 1600 1851 1666 dignitas
1878 1601 2011 1664 prioratus
2035 1585 2189 1649 delneebs
2219 1582 2308 1670 apud

658 1686 812 1754 (leuchae
834 1696 1012 1752 remaneat.
1056 1703 1093 1752 Et
1114 1709 1145 1753 ut
1166 1703 1216 1769 bec
1245 1706 1390 1754 aucteritas
1412 1706 1511 1755 nostris
1538 1706 1688 1770 futurisque
1711 1705 1875 1769 temporibus
1904 1704 2011 1754 domino
2039 1708 2195 1769 protegente
2217 1703 2308 1754 valeat

658 1799 838 1857 inconvulsa?
860 1823 966 1858 munere
988 1812 1015 1858 et
1037 1821 1054 1857 a
1075 1806 1199 1858 fidelibus
1222 1813 1313 1874 sanotq
1336 1809 1378 1858 dei
1401 1809 1530 1875 aecclesie
1546 1827 1562 1858 a
1585 1812 1674 1860 verius
1696 1811 1851 1874 carolusque
1874 1807 1997 1858 credatur
2019 1813 2046 1857 et
2067 1806 2223 1872 diligentins
2245 1822 2307 1856 eon·

658 1917 786 1974 servetur,
810 1927 889 1962 niano
911 1914 1020 1977 propria
1042 1912 1134 1962 subter
1157 1911 1319 1963 firmavimus
1343 1919 1369 1962 et
1384 1913 1459 1962 anuli
1481 1915 1564 1963 nostri
1587 1914 1751 1978 inpressione
1774 1913 1886 1979 sigillari
1909 1914 2044 1962 iussimus.
2333 1911 2365 1961 10

760 2016 774 2104 ξ
808 2017 896 2083 Data
924 2019 958 2083 in
987 2017 1103 2082 eodem
1131 2018 1204 2083 loco
1229 2034 1265 2084 vr
1293 2019 1367 2084 idos
1396 2019 1549 2083 novemb.
1580 2039 1665 2083 anno
1695 2017 1737 2083 ab
1771 2019 1996 2083 incarnatione
2031 2017 2153 2083 domini
2182 2033 2307 2101 110001,

658 2123 835 2187 indictione
860 2120 1003 2205 10011

760 2241 782 2327 ξ·
798 2242 1004 2309 Childericus
1027 2245 1101 2308 vice
1125 2245 1272 2309 scrinarii
1298 2244 1440 2331 scripsit.
1463 2246 1478 2327 1

1453 2433 1515 2505 st.
2380 2521 2384 2526 ,

1388 2571 1570 2652 (Uneelit.)
1603 2660 1606 2666 ὁ
2331 2588 2363 2637 15

658 2699 792 2792 Ptppin
818 2697 972 2789 tiberpilt
1000 2698 1077 2768 dein
1104 2695 1248 2768 Kloster
1273 2695 1433 2787 Fipeoc
1459 2697 1523 2768 olus
1549 2695 1694 2767 Kloster
1720 2697 1779 2768 oles
1805 2697 1838 2768 1.
1865 2697 2055 2786 Quintinae
2081 2698 2135 2769 ols
2162 2697 2309 2769 Priorot

658 2823 733 2893 aad
759 2821 897 2893 sclenltt
922 2823 975 2890 22
1000 2819 1167 2890 Kircirea.

761 3064 950 3138 Angeblteiws
970 3062 1105 3136 Oricinal
1121 3060 1161 3141 (1)
1179 3063 1228 3121 cies
1245 3065 1295 3123 12.
1313 3062 1365 3123 Ji.
1382 3062 1416 3118 in
1432 3058 1492 3120 CL.
1510 3063 1594 3121 5219
1610 3066 1644 3118 n⁰
1659 3064 1679 3121 2
1694 3061 1749 3120 der
1763 3062 2065 3121 Notionolbibliotlek
2079 3080 2120 3120 ea
2134 3064 2225 3120 Paris
2241 3059 2306 3140 (A).

767 3202 963 3276 Unpedrwekt.
988 3234 1027 3246 -
1051 3201 1247 3260 Maislbceiwe
1268 3201 1339 3278 Req.
1364 3203 1403 3260 81
1429 3200 1508 3279 (79).
2331 3215 2365 3264 1ο

762 3327 800 3385 ln
823 3327 876 3384 der
898 3331 1040 3385 trasseren
1062 3323 1264 3396 Awsstottnnp
1292 3323 1410 3382 rtlrnlielr
1432 3330 1467 3381 n⁰
1489 3327 1531 3384 33
1558 3324 1617 3401 (ilie
1639 3329 1715 3385 erste
1744 3326 1825 3385 Zeile
1852 3328 1885 3384 in
1911 3322 2193 3403 Majnsltelscbrist),
2226 3325 2308 3382 nicta

762 3431 905 3503 besieqelt.
929 3429 992 3488 Dos
1015 3428 1221 3487 Hereorlwben
1244 3428 1297 3485 der
1312 3425 1632 3500 Anfonpsbwetrstcben
1654 3429 1706 3486 der
1721 3428 1851 3488 Arsam
1875 3429 1968 3487 darete
1989 3430 2130 3487 nersterte
2145 3427 2306 3502 Mojaskel,

759 3535 847 3592 seroie
874 3531 921 3590 ilie
952 3531 1134 3605 Gliederanq
1164 3531 1566 3608 dchosswny(1mprimis,
1591 3533 1713 3608 Deinde)
1743 3533 1808 3592 aad
1830 3533 1878 3592 die
1900 3532 2074 3604 Pinsormel
2101 3534 2245 3591 erinnem
2266 3548 2309 3589 on

762 3637 810 3695 die
831 3637 1086 3710 Papstwrkwneten
1109 3636 1159 3695 des
1181 3638 1232 3695 12.
1257 3635 1310 3694 Ji.
1335 3635 1425 3694 Dora
1448 3639 1543 3694 treten
1565 3636 1721 3710 Anklttnye
1743 3654 1785 3695 an
1806 3638 1994 3710 Reimprosa.
2018 3635 2077 3694 Die
2105 3634 2247 3696 Urkande
2269 3635 2310 3693 ist

761 3742 844 3801 sterit
867 3742 1042 3815 besclddipt,
1080 3741 1179 3801 Ttreile
1201 3740 1251 3799 des
1285 3740 1385 3798 lintion
1407 3741 1530 3801 Rondes
1554 3740 1661 3814 sellan,
1696 3760 1736 3800 on
1759 3743 1891 3800 anderen
1915 3741 2024 3802 Stellen
2056 3744 2095 3800 ist
2123 3741 2171 3799 dic
2193 3737 2307 3811 Sebrift
2329 3751 2365 3801 11

761 3845 910 3904 oerblasst.
927 3845 985 3904 Die
995 3846 1218 3918 Einbeeielrnnp
1232 3861 1287 3903 oon
1300 3844 1433 3920 Conqaes
1445 3847 1522 3919 eeipt
1537 3847 1688 3905 desselben
1703 3847 1807 3905 Zweek
1819 3847 1872 3905 der
1883 3846 2054 3920 Fetsetrnnp
2066 3847 2193 3919 wiejene
2206 3851 2241 3902 n⁰
2255 3848 2308 3915 33,

761 3970 818 4012 aas
848 3952 900 4010 der
922 3950 999 4009 00011
1026 3950 1173 4008 wortliche
1195 3950 1424 4024 Entleirnwnoen
1446 3954 1656 4011 abernommen
1678 3951 1757 4013 sind.
1786 3952 1906 4011 Ebesso
1928 3950 2004 4010 wird
2026 3952 2089 4009 liter
2111 3949 2166 4008 dos
2189 3948 2311 4008 Kioster

763 4057 813 4114 des
828 4057 855 4113 h.
877 4055 1041 4131 Quintinae
1054 4058 1193 4127 penannt.
1223 4054 1317 4113 Betde
1332 4056 1540 4130 Fdlselrwnpen
1562 4060 1708 4114 staminea
1723 4074 1780 4116 aas
1803 4056 1952 4115 derseiben
1970 4057 2045 4126 Zeit,
2070 4054 2311 4113 wahrselreinlicls

762 4177 827 4218 oona
853 4160 950 4218 selben
972 4158 1122 4222 Frilscher.
2131 4139 2149 4166 ”

762 4297 775 4381 ξ
801 4296 971 4380 [Pippinus
987 4296 1191 4361 Francorum
1207 4297 1393 4384 princleps⁸
1415 4315 1502 4379 grstia
1524 4306 1633 4362 autem
1657 4313 1700 4363 dei
1721 4314 1774 4361 iam
1797 4329 1843 4363 rex
1863 4311 1986 4362 omnibus
2009 4293 2129 4359 Christi
2154 4293 2307 4358 fidelibus
2329 4311 2365 4360 30

660 4419 793 4464 aeternam
816 4415 937 4465 salntem.
960 4395 1096 4478 {[Notum
1120 4431 1176 4467 esse
1192 4398 1345 4476 volumuslb
1368 4419 1471 4467 cunctis
1486 4400 1650 4483 fidellbue,
1674 4402 1830 4488 precipue
1853 4410 1964 4465 tamen
1978 4398 2216 4464 Rutenenelum
2240 4406 2308 4491 111111

814 4557 942 4606 terminos
962 4557 1100 4622 parrochie
1118 4558 1232 4608 ecclesie
1250 4557 1282 4608 do
1297 4557 1423 4624 Cagerco,
1442 4573 1494 4624 qne
1507 4564 1547 4608 est
1566 4556 1987 4624 000011810011001(1001101010,
2005 4561 2033 4607 et
2049 4571 2135 4621 usque
2147 4556 2180 4606 ad
2198 4570 2309 4621 roppem

814 4626 847 4676 de
865 4627 949 4676 Basse
974 4631 1002 4676 et
1019 4641 1035 4676 a
1054 4626 1179 4676 Petrucia
1206 4641 1291 4691 usque
1310 4627 1343 4676 ad
1370 4627 1512 4678 ecclesiam
1538 4629 1624 4678 sancti
1643 4627 1802 4678 christofori
1828 4628 1861 4677 de
1878 4627 2013 4688 Teminas,
2041 4630 2138 4676 cuncta
2159 4640 2211 4689 que
2238 4624 2310 4674 inira

813 4698 879 4745 istos
898 4697 1025 4745 terminos
1045 4695 1224 4760 includuntur,
1253 4697 1315 4746 huic
1338 4703 1430 4746 sancte
1456 4697 1681 4747 excellentissime
1698 4697 1812 4747 ecclesie
1829 4695 1929 4763 regalis
1951 4696 2119 4746 auctoritatis
2146 4690 2240 4759 [victor
2257 4692 2310 4744 nsit

814 4763 1059 4832 Kairennpsstrs'cle
1071 4762 1107 4831 Β)
1126 4765 1269 4831 privilegio
1282 4771 1410 4832 perpetuo
1424 4766 1584 4832 possidenda
1596 4767 1766 4817 concedimus
1780 4766 1932 4816 inhibentes
1945 4766 2055 4829 insuper
2067 4765 2171 4814 conctis
2189 4769 2217 4813 et
2228 4765 2309 4813 inter·
2332 4757 2367 4808 35

815 4836 956 4896 minantes,
975 4849 1009 4884 ne
1021 4834 1120 4899 aliquis
1138 4850 1256 4900 unquam
1275 4835 1346 4885 inira
1364 4834 1476 4900 prefixae
1495 4851 1511 4885 a
1529 4837 1607 4885 nobis
1630 4836 1724 4886 horum
1741 4837 1915 4886 terminorum
1940 4841 2025 4883 metas
2049 4837 2186 4898 presumat
2209 4830 2310 4900 [presu-

814 4909 888 4953 mant
899 4901 937 4970 B]
958 4902 1081 4953 edificare
1099 4904 1212 4954 castella
1224 4904 1267 4955 101
1287 4907 1450 4954 10001110οο0
1463 4904 1598 4970 quaslibet
1615 4921 1662 4955 seu
1681 4905 1773 4955 domos
1791 4904 1931 4970 religiosas
1949 4902 1993 4953 101
2005 4902 2185 4952 habitationes
2205 4901 2309 4966 aliquas

813 4978 906 5022 contra
918 4972 1084 5022 voluntatem
1097 4972 1187 5023 dilecti
1202 4975 1285 5024 nostri
1305 4973 1417 5039 predicti
1429 4974 1567 5025 Anastasii
1581 4974 1694 5037 abbatis,
1712 4990 1791 5040 quem
1802 4973 1865 5024 bnie
1877 4971 2030 5023 venerando
2043 4971 2102 5020 loco
2116 4973 2309 5037 proposuimus,

814 5041 858 5091 vel
871 5056 1054 5092 successorum
1067 5043 1151 5106 ipsius
1164 5043 1290 5093 abbatum
1303 5043 1360 5094 sive
1379 5043 1569 5094 monachorum
1582 5058 1631 5093 uec
1643 5044 1676 5093 de
1694 5043 1779 5093 feodis
1791 5042 1835 5092 vel
1848 5041 2013 5107 quibuslibet
2024 5040 2105 5090 buius
2123 5039 2236 5090 ecclesie
2249 5054 2310 5104 pos·

814 5111 978 5160 sessionibus
992 5111 1090 5161 audeat
1103 5113 1216 5177 quisque
1230 5112 1338 5177 litigare
1350 5128 1440 5162 eorem
1458 5113 1549 5178 aliquo
1564 5114 1617 5163 nisi
1629 5118 1733 5162 tantum
1746 5127 1835 5162 coram
1848 5112 1953 5174 abbate,
1972 5125 2051 5176 quem
2064 5124 2169 5175 semper
2186 5109 2310 5159 volomus
2332 5104 2367 5153 40

814 5185 840 5229 et
858 5179 1028 5230 concedimus
1047 5179 1146 5230 habere
1164 5197 1180 5230 a
1198 5181 1276 5231 uobis
1294 5182 1442 5246 plenariam
1461 5187 1619 5248 potestatem
1641 5188 1669 5232 et
1686 5183 1898 5232 iurisdictionem
1917 5195 1997 5245 super
2015 5194 2108 5228 omnes
2122 5179 2245 5228 hemines
2258 5177 2311 5227 sibi

814 5249 933 5298 subditos
953 5250 981 5298 in
1000 5249 1156 5299 dirimendis
1174 5257 1201 5300 et
1220 5249 1383 5301 diffiniendis
1402 5252 1534 5313 omnibus,
1557 5266 1724 5317 quecumque
1742 5251 1918 5301 discernenda
1938 5249 2039 5299 fuerint
2064 5248 2109 5298 vel
2129 5247 2310 5298 discucienda

813 5318 920 5368 Placuit
938 5319 1020 5368 etiam
1040 5319 1117 5368 nobis
1136 5325 1163 5369 et
1181 5319 1288 5370 domino
1309 5320 1531 5371 reverendissimo
1551 5320 1699 5386 apostolico
1717 5320 1786 5371 banc
1805 5320 1983 5370 immunitatis
2002 5319 2207 5384 prerogativam,
2230 5332 2310 5382 quam

812 5387 876 5436 huic
894 5393 986 5438 sancte
1013 5387 1127 5438 ecclesie
1145 5388 1314 5452 indulsimus,
1342 5390 1459 5454 perduc
1482 5390 1600 5439 miliaria
1618 5391 1689 5440 circa
1711 5391 1797 5454 ipsam
1820 5389 1971 5450 extendero,
1998 5394 2029 5438 01
2046 5393 2144 5437 cuncta
2170 5385 2241 5436 infra
2258 5385 2310 5435 hoc

814 5458 933 5521 spacium
961 5459 1036 5506 iuxta
1063 5457 1137 5506 illeur
1163 5461 1250 5523 posita
1276 5458 1310 5508 ob
1334 5461 1511 5508 reverentiam
1538 5459 1613 5509 111100
1640 5464 1667 5509 01
1689 5460 1816 5510 honorem
1843 5459 1923 5510 huius
1950 5459 2035 5507 nostri
2062 5455 2185 5507 beneficii
2209 5453 2310 5522 [nostre
2332 5448 2367 5498 45

814 5525 943 5575 beneficio
957 5523 993 5591 Β]
1011 5525 1162 5590 largitionis
1175 5542 1279 5593 semper
1297 5527 1432 5593 gaudeant
1449 5530 1498 5590 uti,
1516 5533 1554 5591 ut,
1573 5528 1793 5592 quemodmodnm
1811 5529 1872 5592 ipsa
1889 5544 1936 5593 pro
1950 5525 2155 5593 incomparabili
2173 5524 2225 5575 sibi
2243 5525 2310 5573 divi-

813 5597 886 5644 nitus
905 5610 1031 5645 concessa
1043 5595 1174 5660 dignitate
1192 5599 1266 5646 omui
1283 5595 1399 5647 humane
1412 5600 1509 5647 meruit
1527 5598 1608 5647 adimi
1621 5598 1755 5664 potestati,
1774 5599 1813 5647 ita
1831 5611 1937 5662 quoqne
1955 5595 2073 5646 membra
2091 5595 2143 5645 sibi
2161 5593 2311 5646 lateraliter

813 5664 972 5714 coherencia
990 5665 1108 5714 eiusdem
1136 5665 1257 5716 beneficii
1276 5681 1379 5730 semper
1398 5666 1431 5716 ob
1450 5669 1564 5732 gratiam
1582 5667 1657 5717 illius
1678 5667 1791 5717 floreant
1809 5666 1992 5730 perfruitione.
2011 5665 2048 5714 Et
2066 5670 2096 5714 01
2114 5666 2233 5714 omnium
2249 5678 2310 5784 ppe-

813 5733 943 5783 dictorum
963 5735 1137 5784 auctoritas..
1254 5734 1281 5796 0)
1299 5738 1465 5785 reverentiae
1484 5734 1510 5786 A
1626 5736 1654 5802 p)
1671 5737 1832 5787 inconcussa
1850 5733 1877 5786 B
1981 5732 2162 5801 q)ews‘sclsea
2180 5731 2231 5784 der
2281 5746 2310 5782 a·

813 5800 999 5871 tirnnpseeila
1028 5801 1126 5854 welche
1143 5802 1203 5856 siclt
1222 5820 1260 5856 ars
1285 5801 1338 5856 ders
1359 5803 1822 5864 10010111111111010100111001,
1850 5802 1911 5856 0101
1929 5801 1979 5855 der
2005 5807 2091 5855 etwas
2110 5801 2204 5854 writer
2222 5805 2310 5854 antea
2333 5795 2368 5846 50

812 5870 963 5924 stebenden
981 5869 1166 5940 Ilecoqnitioa
1185 5873 1215 5924 io
1235 5874 1262 5925 A
1279 5873 1339 5925 etsie
1356 5889 1444 5941 portes
1462 5873 1537 5925 Zeila
1554 5873 1661 5927 radiet.

753 5955 794 6010 11.
813 5957 839 6021 a)
852 5957 905 6010 dos
919 5957 1083 6026 Perqoment
1101 5963 1228 6024 serstdrt,
1248 5958 1343 6014 Ranae
1361 5976 1382 6013 0.
1402 5964 1517 6028 15011,
1537 5960 1575 6013 da
1593 5960 1639 6013 die
1659 5960 1767 6025 8011111
1786 5960 1836 6014 der
1854 5965 1948 6014 ersten
1961 5960 2035 6014 Zeile
2054 5958 2117 6013 weit
2139 5973 2312 6027 oaspwoqen

812 6026 860 6094 ist,
878 6026 929 6093 seir
946 6027 1091 6081 eichstete
1110 6030 1127 6080 3
1151 6027 1244 6082 Worte
1348 6029 1376 6098 b)
1394 6029 1490 6084 Roans
1507 6029 1559 6096 fier
1577 6046 1599 6084 e.
1618 6032 1653 6084 15
1671 6030 1860 6084 Baebetobea.

694 6113 715 6182 ¹)
733 6113 784 6168 Eo.
804 6113 910 6168 Mettis.
929 6117 972 6182 10,
990 6116 1027 6168 11
1132 6112 1154 6182 ²)
1172 6114 1224 6169 Eo.
1243 6113 1306 6170 Jot.
1329 6118 1372 6184 13,
1391 6119 1434 6170 16.
