5642 7159
679 777 700 838 4
1289 776 1719 837 KAISEBURKUNDEN.

680 988 746 1030 una
774 987 847 1030 cum
879 964 973 1029 terris
1003 962 1153 1028 domibus
1184 961 1400 1048 superpositis
1431 961 1610 1029 accolabus
1634 965 1808 1048 mancipiis
1831 963 1936 1027 616616
1961 963 2052 1027 611616
2076 964 2201 1049 campis
2224 961 2326 1049 pratis

680 1069 812 1154 pascuis
844 1070 938 1155 aquis
966 1089 1169 1154 aquarumve
1199 1066 1393 1131 decursibus
1423 1069 1543 1132 iunctis
1571 1067 1623 1131 vel
1654 1064 2048 1132 666166611611661666116
2072 1066 2227 1152 gregibus
2251 1089 2325 1132 oum

679 1171 870 1256 pastoribus
900 1173 1070 1255 utriusque
1093 1171 1221 1254 generis
1246 1180 1278 1235 et
1301 1193 1401 1234 sexus
1425 1180 1458 1234 et
1480 1192 1685 1256 quecumque
1708 1169 1804 1234 Loba
1828 1192 2002 1255 persuum
2026 1181 2259 1235 testamentum
2283 1170 2326 1234 ad

678 1296 789 1338 casam
807 1275 912 1338 sancti
929 1274 1081 1358 Dyonisii
1099 1273 1299 1339 condonavit
1315 1273 1366 1337 vel
1382 1274 1447 1337 iam
1466 1284 1543 1338 ante
1556 1274 1775 1358 Chilpericum
1791 1296 1902 1358 regem
1918 1283 2162 1338 antecessorem
2177 1284 2325 1338 nostrum

679 1388 711 1442 et
734 1377 909 1462 Hugonem
937 1388 1179 1442 antecessorem
1209 1379 1311 1462 ipsius
1335 1376 1471 1442 Fulradi
1495 1376 1628 1442 abbatis
1652 1379 1780 1441 auctrix
1810 1379 1912 1450 affuit,
1941 1377 2098 1462 inspectis
2123 1377 2203 1460 ipsis
2225 1385 2359 1440 testa-e

678 1483 797 1547 mentis
827 1490 941 1545 contra
972 1482 1078 1566 ipsum
1104 1479 1321 1546 Gislemarum
1345 1479 1468 1545 habeat
1489 1480 1697 1546 evindicatas
1721 1491 1820 1566 atque
1843 1480 2018 1566 elidigatas
2042 1490 2074 1545 et
2097 1481 2140 1545 sit
2162 1481 2245 1544 inter
2268 1501 2325 1544 eos

678 1587 711 1650 in
735 1585 945 1672 postmodum
969 1607 1011 1650 ex
1035 1584 1096 1650 hac
1120 1608 1156 1650 re
1180 1587 1266 1649 omni
1290 1595 1437 1671 tempore
1461 1587 1569 1670 sopita
1592 1586 1750 1650 causatio.

780 1757 870 1822 Data
891 1755 959 1821 kal.
984 1779 1083 1822 marc.
1109 1779 1194 1822 anuo
1219 1759 1323 1842 primo
1349 1759 1441 1842 regni
1464 1760 1579 1838 nostri,
1602 1740 1786 1839 vermeria,
1810 1757 1957 1822 feliciter.

1481 2141 1517 2215 2.

676 2295 809 2390 Pippio
828 2297 954 2368 nimmt
971 2299 1035 2369 dos
1049 2297 1193 2369 Kloster
1206 2296 1262 2370 St.
1282 2274 1619 2370 Calciamentis
1640 2298 1766 2370 Setae
1784 2300 1858 2370 666
1875 2298 2018 2370 66616616
2035 2295 2320 2386 sreicAbtssrabl.
2343 2317 2375 2364 ro

1884 2436 2005 2496 Herstot
2027 2439 2091 2496 762
2113 2435 2204 2509 Apso
2224 2439 2276 2495 26.

778 2639 930 2712 6666166611
945 2640 994 2700 666
1013 2643 1060 2700 17.
1075 2641 1127 2702 Jlr.
1142 2642 1210 2720 (666
1221 2643 1398 2723 1166166666),
1416 2645 1518 2704 Foads
1531 2645 1651 2704 Boudot
1665 2648 1684 2704 6
1698 2643 1721 2716 f.
1734 2647 1786 2715 38,
1801 2645 1835 2702 itt
1850 2644 1903 2702 der
1918 2643 2085 2703 Bibliotbels
2098 2661 2139 2700 66
2150 2641 2243 2714 Dt'jon
2256 2638 2320 2718 (Β).

776 2777 819 2788 -
835 2743 987 2815 ,16666611
1006 2762 1061 2803 oon
1079 2748 1161 2805 1709
1177 2749 1257 2806 eines
1274 2747 1452 2807 Obartulurs
1475 2765 1530 2806 oon
1553 2752 1616 2809 863
1635 2767 1667 2822 6.
1685 2753 1726 2808 10
1741 2751 1784 2806 im
1798 2749 1994 2808 Priootbese'ta
2014 2765 2056 2804 66
2078 2745 2121 2806 st.
2142 2743 2242 2804 061616
2258 2742 2318 2822 (67.

776 2917 912 2975 Mortem
936 2915 1006 2976 Gott.
1033 2920 1060 2986 1,
1091 2920 1132 2978 26
1160 2935 1197 2976 66
1225 2920 1549 2980 666166661666616661
1572 2920 1627 2998 (1))
1662 2944 1702 2976 =
1736 2922 1873 2995 1166666
1897 2924 1926 2990 5,
1956 2921 2019 2979 698
2040 2925 2074 2975 61
2097 2920 2126 2988 2,
2151 2939 2193 2970 =
2216 2917 2319 2990 1116666

775 3019 888 3078 Potrol.
913 3022 963 3090 96,
988 3022 1069 3079 1521
1094 3025 1201 3080 6111.
1226 3055 1267 3066 -
1292 3023 1386 3082 Havet
1411 3025 1565 3100 Quaestione
1589 3024 1767 3084 11666611
1785 3027 1817 3083 in
1837 3024 1916 3083 11616.
1941 3023 1977 3080 66
1999 3009 2106 3080 1116616
2128 3021 2179 3080 666
2206 3021 2317 3079 claues
2337 3035 2368 3082 15

774 3124 825 3192 18,
850 3125 913 3182 221
935 3129 969 3180 6ο
992 3125 1021 3192 8,
1049 3121 1176 3184 0666666
1200 3132 1228 3196 1,
1253 3130 1316 3188 166
1338 3133 1372 3186 61
1395 3131 1417 3187 8
1439 3126 1581 3189 66601).
1605 3162 1644 3170 -
1670 3127 1879 3202 6666660661.
1903 3127 1939 3185 66
1961 3124 2125 3187 81661616
2148 3125 2190 3183 13
2211 3122 2316 3210 6666.

671 3280 673 3284 .
779 3257 820 3269 -
845 3225 1041 3283 1161666666
1062 3227 1135 3299 Ray.
1161 3231 1201 3288 66
1225 3228 1301 3306 (61).

774 3395 833 3454 Die
855 3395 1136 3472 6666166661616666
1158 3402 1233 3458 auctr
1256 3371 1356 3461 Form.
1372 3402 1515 3476 Morudfi
1535 3403 1603 3462 666.
1622 3407 1650 3475 2,
1669 3405 1713 3463 Μ.
1735 3404 1771 3462 G.
1789 3404 1890 3462 Form.
1915 3407 1975 3462 111
1986 3423 1996 3474 ;
2019 3402 2092 3460 ttber
2108 3401 2162 3459 666
2178 3400 2317 3472 1666666

774 3499 869 3560 sicet
884 3500 979 3559 Bcitr.
995 3519 1021 3561 6.
1038 3500 1121 3576 Dipl.
1139 3504 1197 3563 III
1215 3505 1331 3564 Wiener
1346 3505 1406 3566 SB.
1425 3509 1476 3578 17,
1495 3511 1556 3568 196
1572 3506 1781 3567 6661166611.
1798 3525 1821 3568 o.
1838 3509 1879 3568 45
1895 3507 1958 3565 666
1975 3510 2047 3566 112.

774 3720 936 3785 Domnis⁸
960 3726 1082 3788 sanctis
1106 3733 1138 3788 et
1161 3726 1354 3810 apostolicis
1370 3749 1410 3792 ac
1426 3728 1670 3794 venerabilibus
1686 3731 1719 3794 in
1735 3729 1864 3794 Christo
1880 3728 2040 3816 patribus,
2064 3727 2216 3792 omnibus
2232 3727 2315 3812 epis·
2334 3745 2368 3792 ao

670 3824 762 3910 copis
792 3821 847 3888 etb
876 3825 1064 3908 abbatibus,
1093 3829 1269 3893 comitibus
1297 3832 1487 3896 domesticis
1515 3833 1645 3898 vicariis
1674 3835 1885 3899 cintenariis⁰
1915 3827 2316 3916 661666616666666116(ι

669 3928 791 3992 nostris
826 3937 893 3992 tarn
929 3933 1135 4014 6666666116ο
1169 3956 1266 4018 quam
1301 3936 1419 4000 futuris
1453 3936 1590 4002 inluster
1623 3935 1881 4024 616Ρ1661666Υ
1912 3962 1971 4002 rex
2000 3937 2203 4002 Francorum
2232 3936 2316 4000 bene

669 4031 804 4115 cupiens
833 4040 951 4096 vester.
1059 4035 1247 4122 Comperiat
1275 4041 1397 4105 caritas
1428 4065 1485 4106 666
1515 4040 1675 4107 industria
1702 4053 1822 4125 vestra,
1855 4045 1953 4128 quia⁸
1982 4041 2181 4128 Sigobaldus
2210 4039 2315 4104 abbas

669 4134 709 4198 de
736 4136 936 4200 monasterio
963 4138 1109 4220 Animis,
1140 4142 1194 4225 qui
1226 4152 1276 4206 est
1305 4143 1485 4210 inhonore
1515 4149 1619 4210 sancti
1642 4145 1801 4212 Karilelih
1828 4149 2027 4212 confessoris
2051 4154 2258 4211 constructus
2281 4145 2314 4208 in

668 4259 755 4323 pago
779 4237 1031 4305 Cinomannico¹
1053 4245 1087 4306 in
1111 4244 1244 4309 condita
1269 4245 1506 4330 Labroeimek,
1531 4250 1573 4313 66
1596 4274 1656 4314 666
1679 4255 1768 4315 66611
1791 4262 1823 4317 61
1846 4252 1887 4316 66
1911 4274 1970 4314 666
1994 4253 2126 4336 propria
2148 4258 2361 4335 potestatem

667 4342 875 4426 semetipsum
906 4353 938 4406 61
967 4342 1055 4408 illam
1087 4350 1375 4434 congregationem
1406 4364 1556 4418 sanctam
1586 4378 1683 4440 quam
1715 4357 1747 4419 in
1776 4357 1920 4440 regimen
1944 4355 2044 4420 habet
2067 4366 2100 4419 et
2124 4347 2235 4418 omnes
2259 4377 2312 4417 res

666 4465 776 4508 eorum
806 4447 837 4508 in
867 4468 966 4510 mauu
995 4459 1108 4512 nostra
1138 4450 1269 4535 plenius
1298 4457 1557 4538 commendavit,
1592 4469 1625 4522 et
1653 4481 1712 4524 nos
1741 4461 1883 4542 gratanti
1913 4442 2157 4544 animo'ipsum
2181 4467 2214 4521 et
2235 4479 2312 4522 con-

666 4549 890 4632 gregationem
920 4552 990 4615 eius
1018 4553 1050 4617 in
1080 4565 1192 4620 nostro
1223 4558 1448 4624 mundeburdo
1480 4565 1683 4648 suscepimus
1714 4563 1780 4628 vel¹
1811 4565 1998 4629 retinemus.
2045 4563 2088 4627 Et
2117 4563 2179 4626 hoc
2208 4563 2309 4647 petiit,

667 4652 756 4736 quod
784 4652 961 4719 humanum
986 4665 1044 4737 est,
1075 4668 1119 4738 61,
1150 4660 1281 4745 666666
1312 4663 1382 4746 ipse
1411 4664 1516 4729 abbas
1540 4665 1581 4730 de
1604 4667 1666 4731 hac
1690 4667 1791 4732 lucem
1814 4668 2002 4732 discesserit
2025 4665 2076 4731 vel
2102 4688 2309 4732 successores

666 4757 745 4840 eius,
769 4758 824 4842 qui
843 4767 917 4842 post
933 4780 1005 4823 eum
1030 4759 1135 4825 honus
1152 4763 1307 4828 abbatiae
1323 4769 1491 4852 rccipiunt,
1515 4780 1573 4834 ut¹¹
1589 4771 1674 4835 alius
1690 4773 1777 4837 abba
1794 4774 1825 4836 in
1841 4775 1913 4857 ipsa
1930 4794 2009 4837 6666
2026 4773 2131 4835 666611
2148 4769 2307 4834 Karilclih
2326 4795 2358 4838 so

666 4881 731 4924 non
765 4861 986 4946 ingrediatur,
1021 4866 1083 4928 nisi
1113 4877 1228 4951 quem⁰
1254 4871 1327 4954 ipsa
1357 4882 1472 4937 sancta
1501 4876 1712 4959 congregatio
1743 4876 1783 4940 de
1813 4877 1997 4960 semetipsis
2028 4875 2166 4958 eligunt,
2201 4875 2308 4958 ipsum

664 4962 809 5028 habeant
839 4964 1003 5031 abbatem.
1050 4969 1228 5055 Propterea
1258 4972 1384 5039 litteras
1414 4986 1545 5042 nostras
1574 5001 1672 5042 manu
1701 4989 1813 5045 nostra
1843 4981 1990 5044 firmatas
2018 4978 2122 5044 eidem
2147 4979 2306 5060 dedimus,

665 5088 721 5150 por
745 5088 840 5152 quern
864 5071 996 5135 omnino
1020 5071 1114 5137 vobis
1137 5098 1292 5158 rogamus
1316 5089 1414 5165 61666
1439 5083 1691 5167 praecipimusP,
1715 5093 1751 5148 61
1772 5105 1878 5169 66666
1895 5107 1955 5149 666
1970 5106 2076 5170 66666
2092 5085 2234 5148 iuniores
2251 5095 2308 5148 aut
2416 5103 2423 5116 ·

664 5190 871 5236 successores
899 5175 998 5238 vestri
1030 5176 1207 5243 abbatibus
1236 5182 1338 5266 ipsius
1367 5183 1431 5249 loci
1456 5207 1516 5249 nec
1541 5187 1656 5250 mitioq
1678 5189 1851 5271 potestatis
1874 5187 2003 5253 illorum
2027 5211 2087 5254 nec
2111 5188 2306 5267 bominibus,

664 5273 718 5358 qui
746 5295 805 5358 per
831 5277 923 5359 ipsos
953 5277 1080 5360 legibus
1105 5304 1235 5366 sperare
1260 5285 1418 5367 videntur,
1449 5290 2216 5374 1666161666661666661666666666666666
2240 5295 2306 5356 6616
2326 5313 2358 5360 :sn

663 5375 855 5442 abstrahere
886 5401 946 5444 nec
975 5383 1119 5448 minuere
1149 5393 1377 5472 praesumatis,
1408 5394 1481 5474 nisi,
1511 5402 1546 5455 ut
1575 5392 1728 5475 diximus,
1759 5395 1927 5460 116661616
1952 5394 2013 5460 sub
2037 5407 2150 5461 nostro
2174 5396 2306 5461 munde-

663 5479 765 5544 burde
793 5481 845 5545 vel
875 5480 1064 5550 defensione
1096 5489 1222 5572 plenius
1252 5494 1361 5578 quieto
1392 5495 1505 5561 ordine
1535 5498 1645 5560 vivere
1674 5499 1726 5561 vel
1755 5499 1897 5563 residere
1927 5510 1959 5563 et
1981 5522 2041 5585 pro
2066 5500 2161 5566 nobis
2185 5501 2305 5566 dourini

663 5585 920 5650 misericordiam
944 5593 1102 5654 attentius
1126 5595 1246 5675 iugiter
1269 5594 1457 5682 deprecare.
1490 5600 1533 5664 Et
1556 5603 1582 5663 61
1607 5600 1690 5665 16166
1714 5625 1836 5666 666666
1860 5603 2020 5667 adversus
2042 5605 2180 5669 abbates
2205 5608 2305 5690 ipsius

766 5771 788 5826 1.
815 5774 842 5840 6)
861 5776 959 5825 6166116
979 5777 1021 5827 661
1040 5780 1189 5832 subvinetis
1208 5781 1242 5834 Β.
1276 5836 1279 5842 ,

763 5875 786 5928 2.
816 5878 842 5960 6)
859 5879 975 5930 dominis
994 5880 1051 5934 BG
1153 5886 1181 5950 b)
1198 5886 1268 5950 fehlt
1287 5889 1317 5940 in
1336 5889 1363 5942 Β
1467 5892 1716 5957 comenensis
1811 5895 1838 5960 6)
1855 5897 1998 5961 agentibus
2017 5897 2044 5950 Β
2140 5901 2164 5962 6)
2183 5916 2303 5966 praesen·
2323 5909 2356 5956 to

814 5948 886 5998 tibus
898 5947 932 6030 ΙΒ
1053 5952 1204 6019 OPipinus
1224 5954 1280 6008 BC
1398 5961 1427 6026 g)
1444 5963 1491 6026 qui
1511 5960 1534 6012 C
1653 5965 1681 6030 h)
1699 5963 1825 6015 Chariten
1843 5963 1879 6030 B,
1906 5966 2014 6016 Cerilefi
2034 5965 2063 6018 I)
2179 5971 2199 6034 i)
2216 5969 2303 6034 Cyno-

814 6033 938 6068 mannrco
958 6018 984 6070 Β
1063 6021 1091 6086 6)
1109 6023 1307 6076 Labrocinense
1327 6025 1353 6078 B
1431 6029 1452 6094 1)
1469 6037 1497 6081 61
1514 6029 1577 6083 BD
1656 6034 1693 6098 m)
1711 6033 1827 6085 leuceC
1903 6037 1933 6099 6)
1949 6037 1993 6086 661
2013 6035 2039 6088 Β
2117 6041 2143 6102 ο)
2162 6042 2231 6105 6666
2251 6041 2302 6094 01)

813 6087 841 6152 p)
858 6091 1024 6154 precepimus
1044 6089 1066 6138 (1
1168 6094 1195 6159 6)
1214 6095 1291 6144 mitro
1309 6093 1344 6148 B.
