5642 7159
763 728 826 793 100
1375 727 1806 789 Kslssauaxusnss.

760 920 923 983 cernimus
948 913 1205 993 ordinandarum,
1240 914 1329 1002 quod
1351 916 1385 980 in
1407 924 1601 1000 perpetuum
1625 912 1775 979 volumus
1806 935 1879 979 esse
1902 936 2102 997 mansurum,
2136 926 2173 980 ut
2199 938 2306 1001 neque
2329 926 2411 981 νοιιι

761 1044 866 1106 neque
888 1020 1031 1085 iuniores
1054 1040 1329 1104 successoresque
1353 1020 1473 1083 vestri⁰
1495 1039 1556 1083 nec
1572 1016 1728 1102 quislibet
1744 1041 1786 1082 ex
1809 1018 1982 1083 iudiciaria
1997 1028 2161 1104 potestate
2183 1041 2243 1085 neo
2260 1022 2300 1085 de
2316 1032 2412 1107 parte

761 1125 955 1210 pontificum
977 1144 1037 1188 nec
1062 1122 1105 1187 ad
1121 1120 1301 1209 quemlibet
1323 1121 1493 1186 hominum
1517 1122 1548 1184 in
1566 1142 1619 1185 ree
1643 1119 1694 1185 vel
1711 1121 1888 1186 facultates
1911 1124 2017 1208 ipsius
2033 1123 2154 1209 abbate
2179 1126 2247 1189 sive
2264 1127 2411 1211 episcopi

761 1228 812 1294 vel
835 1229 1032 1313 monasterie
1057 1249 1124 1310 sue,
1160 1226 1315 1312 quiequid
1337 1228 1481 1311 presenti
1517 1234 1753 1311 temporetam
1783 1249 1824 1290 ex
1848 1224 1943 1291 alode
1967 1248 2065 1311 quam
2094 1227 2190 1292 etde
2218 1240 2412 1314 comparato

761 1332 815 1397 vel
838 1332 878 1397 de
907 1332 1054 1418 qualibet
1088 1331 1238 1396 adtracto
1262 1352 1319 1395 seu
1341 1353 1384 1394 ex
1419 1352 1553 1394 munere
1575 1350 1690 1413 regum
1723 1329 1844 1394 babere
1872 1329 2003 1395 videtur
2036 1340 2094 1395 aut
2122 1332 2277 1417 quicquid
2299 1332 2450 1400 adhuce

762 1438 895 1501 inantea
917 1436 1083 1500 attrahere
1107 1434 1158 1499 vel
1175 1434 1368 1499 emeliorare
1392 1437 1535 1518 potuerit
1551 1447 1584 1498 et
1607 1433 1732 1519 quoda
1755 1433 1853 1498 deum
1869 1434 2083 1499 timentibus?
2106 1435 2203 1500 bonis
2220 1437 2411 1503 hominibus

761 1539 910 1605 additum
931 1539 985 1604 vel
1008 1538 1197 1604 conlatum‘¹
1220 1538 1326 1611 fuerit,
1360 1537 1440 1603 inibi
1463 1537 1633 1603 iudiciaria
1656 1547 1806 1622 potestas
1842 1539 2012 1623 ingredere
2036 1540 2165 1625 penitus
2187 1563 2254 1606 non
2278 1545 2411 1627 permit·

760 1653 857 1716 tatur,
889 1644 963 1726 nisi,
998 1652 1034 1707 ut
1055 1642 1210 1726 diximus,
1246 1665 1287 1706 ex
1311 1651 1425 1707 nostra
1448 1641 1652 1727 indulgentis
1684 1644 1751 1707 iam
1780 1641 1887 1707 dictus
1912 1644 2190 1729 Hermangaudus
2224 1646 2312 1712 abba
2340 1648 2411 1712 sive

762 1750 937 1833 episcopus
961 1755 1020 1812 aut
1042 1769 1120 1832 pars
1144 1747 1340 1829 monasterie
1377 1769 1434 1831 sue
1457 1743 1527 1811 vel¹
1550 1746 1655 1810 omnis
1679 1750 1891 1832 congregatio
1926 1748 2047 1814 ibidem
2077 1752 2329 1817 consistentium
2353 1763 2413 1816 aut

763 1873 975 1916 successores
999 1852 1049 1916 sui
1074 1850 1135 1916 sub
1158 1852 1286 1935 integra
1303 1852 1481 1915 emunitate
1504 1870 1580 1913 oum
1597 1872 1709 1913 omnes
1732 1850 1835 1915 fretus
1852 1861 2051 1916 concessusr
2073 1853 2215 1919 debeant
2239 1854 2410 1940 possidere
2435 1874 2463 1923 lo

762 1966 795 2021 et
811 1956 990 2035 dominare,
1016 1965 1051 2018 ut
1067 1954 1188 2019 ibidem
1206 1955 1250 2019 ad
1272 1956 1344 2040 ipso
1363 1964 1477 2019 saneto
1502 1953 1576 2018 loco
1592 1953 1714 2018 nostris
1737 1962 1770 2018 et
1785 1954 1904 2020 futuris
1926 1957 2128 2043 temporibus
2145 1958 2206 2023 deo
2230 1959 2411 2025 adiuvante

761 2063 794 2126 in
817 2060 1032 2125 luminaribus
1056 2060 1207 2144 proficiat
1229 2062 1261 2123 in
1286 2067 1506 2143 augmentum.
1530 2058 1627 2125 Unde
1650 2068 1683 2123 et
1706 2061 1780 2144 ipsa
1795 2061 2007 2145 congregatio
2030 2084 2088 2145 pro
2113 2060 2295 2127 stabilitate
2317 2066 2410 2147 regni

763 2166 865 2230 nostri
889 2164 942 2229 vel
970 2185 1029 2250 pro
1055 2163 1171 2228 salutis
1206 2165 1311 2249 patrie
1335 2162 1457 2227 domini
1480 2162 1739 2228 misericordiam
1773 2163 1933 2227 attentius
1956 2164 2077 2247 iugiter
2105 2164 2247 2229 debeant
2269 2186 2412 2230 exorare

764 2278 797 2334 et
819 2266 926 2332 nullas
949 2268 1179 2354 requisitiones
1202 2288 1263 2331 nec
1286 2266 1554 2353 impedimentum
1578 2287 1598 2329 a
1621 2264 1784 2331 iudicibus
1814 2265 1956 2350 publicis
1980 2266 2110 2353 aliquo·
2137 2277 2283 2354 tempore
2306 2292 2368 2334 nec
2391 2293 2412 2335 a

761 2372 856 2437 nobis
879 2394 941 2437 neo
964 2372 1006 2437 ad
1033 2371 1276 2437 succedentium
1311 2394 1424 2458 regum
1447 2392 1509 2435 nec
1538 2370 1578 2435 de
1602 2380 1695 2457 parte
1724 2370 1794 2434 fisci
1818 2372 1923 2434 nostri
1958 2393 2018 2435 nec
2042 2371 2083 2435 de
2114 2371 2260 2458 qualibet
2290 2372 2463 2444 exindere

762 2476 882 2541 babere
898 2500 961 2541 non
980 2476 1200 2561 pertimescat.
1226 2476 1269 2539 Et
1285 2485 1321 2539 ut
1335 2474 1416 2541 hec'
1432 2478 1599 2562 preceptio
1622 2476 1765 2541 firmior‘
1786 2474 1949 2540 habeatur
1971 2476 2022 2541 vel
2045 2499 2105 2561 per
2127 2486 2277 2563 tempora
2293 2477 2411 2543 melius

763 2589 984 2663 conservetur,
1008 2602 1125 2645 manus
1142 2589 1253 2663 nostre
1276 2581 1408 2666 proprie
1426 2579 1681 2665 subscripsimus
1705 2590 1738 2645 et
1753 2579 1874 2645 annulo
1898 2588 2009 2644 nostro
2028 2579 2172 2665 sigillare
2195 2581 2411 2648 decrevimus.

866 2716 1004 2804 Signum
1028 2718 1139 2785 Caroli
1162 2718 1391 2803 gloriosissimi
1416 2720 1511 2803 regis.

869 2838 956 2904 Data
977 2840 1011 2903 in
1035 2861 1146 2903 mense
1161 2840 1249 2903 maio
1273 2860 1359 2904 anno
1385 2848 1524 2925 quarto¹¹
1545 2840 1637 2924 regni
1660 2840 1782 2921 nostri;
1806 2848 1916 2903 actum
1932 2840 2092 2927 Dripione
2115 2842 2240 2927 palatio
2264 2843 2411 2930 publico.

1556 3133 1616 3204 ou.

761 3287 857 3359 Karl
883 3288 947 3359 der
978 3285 1106 3359 Grosse
1133 3288 1258 3359 aimmt
1284 3289 1351 3361 dere
1378 3286 1536 3359 Prtester
1562 3288 1740 3361 Araold
1766 3291 1805 3361 ia
1831 3292 1949 3362 seleon
1975 3290 2111 3364 Sobata.

1956 3425 2130 3512 [Brumctlr]
2157 3437 2222 3493 772
2243 3433 2314 3493 Juti
2337 3436 2367 3495 5.

868 3615 1004 3690 Οήρὶιιαῑ
1026 3619 1069 3675 im
1092 3614 1285 3689 Stillsurolu'v
1306 3635 1347 3676 eu
1370 3617 1413 3678 St.
1442 3617 1549 3677 dullen
1572 3619 1635 3696 (Α).

868 3736 936 3797 Ood.
960 3738 1038 3798 trad.
1063 3755 1086 3797 s.
1115 3737 1199 3797 (lolli
1221 3740 1263 3797 36
1285 3745 1320 3796 πθ
1343 3741 1383 3799 65
1408 3739 1477 3819 (aas
1501 3741 1551 3813 A).
1575 3775 1618 3785 —
1644 3743 1821 3802 Wartmanrs
1849 3744 1914 3807 ΠΒ.
1930 3762 1986 3804 corr
2009 3744 2053 3807 st.
2073 3746 2181 3805 Galles
2202 3751 2232 3817 1,
2258 3750 2298 3807 64
2321 3755 2357 3805 n⁰
2372 3752 2412 3811 65

866 3841 920 3915 apl.
944 3842 975 3911 2,
1005 3843 1065 3901 401
1092 3859 1148 3901 aas
1171 3841 1210 3904 A.
1233 3874 1275 3885 —
1299 3842 1385 3901 Fors.
1410 3846 1465 3902 mit
1491 3846 1563 3903 Text
1585 3846 1650 3903 aad
1677 3847 1892 3921 Uetersetrrmp
1921 3849 2014 3908 Dalm
2045 3851 2178 3924 o'rqerch.
2203 3850 2258 3909 der
2276 3869 2412 3926 pensan.
2436 3866 2462 3915 ar

866 3944 930 4003 aad
951 3962 1066 4005 roman.
1096 3944 1201 4003 Vtiliter
1222 3946 1252 4013 3,
1278 3948 1351 4007 966.
1375 3978 1416 3990 -
1440 3948 1634 4007 Mrtbtbacher
1655 3950 1729 4023 Req.
1753 3953 1815 4011 149
1839 3951 1937 4029 (146).

865 4086 924 4144 Die
946 4085 1138 4159 Reooyaition
1161 4102 1217 4143 ror
1240 4086 1405 4156 Hithrrtcs,
1442 4086 1495 4145 dus
1517 4088 1622 4161 stripe
1650 4106 1705 4147 ron
1727 4090 1869 4149 arderem
1898 4091 2051 4152 Sebreiber
2073 4093 2171 4171 (HA).
2216 4095 2275 4153 Die
2298 4096 2415 4172 schrift

866 4207 916 4248 am
939 4192 1064 4247 creterra
1085 4190 1201 4247 rechten
1224 4190 1314 4248 Rcad
1337 4192 1376 4249 ist
1397 4191 1483 4249 storlr
1505 4192 1665 4261 rerwisclrt,
1689 4210 1755 4251 rom
1772 4194 1890 4253 Nomen
1914 4195 1964 4254 des
1979 4195 2190 4256 Acestellortes
2213 4201 2253 4257 ist
2274 4217 2336 4258 aar
2359 4203 2416 4261 mit

866 4294 1032 4352 riemtr'rher
1048 4294 1209 4355 Sioterheit
1232 4295 1305 4354 noch
1324 4298 1400 4355 bro
1423 4294 1488 4353 aad
1508 4295 1556 4354 die
1582 4295 1743 4369 oretanae
1766 4297 1816 4357 des
1838 4298 1944 4358 tetrtea
1959 4300 2172 4373 Buchstubrne
2196 4303 2241 4362 bei
2256 4305 2415 4364 besoaders

864 4401 965 4471 putem
988 4398 1076 4455 Isirht
1099 4398 1175 4455 curli
1199 4401 1247 4456 ein
1270 4399 1343 4457 Rrst
1366 4400 1448 4457 einer
1470 4398 1600 4471 Schleifr
1621 4418 1676 4458 voa
1700 4420 1719 4476 g
1739 4419 1781 4460 aa
1802 4404 1906 4475 selam
1934 4405 1982 4464 die
2003 4406 2188 4480 Ενρᾱιιιιιιιρ
2219 4408 2414 4471 Wartmurms
2438 4424 2462 4473 at

867 4504 900 4559 in
922 4502 1112 4576 Brocmagad,
1137 4518 1179 4559 wo
1201 4502 1335 4561 2Jaare
1358 4501 1466 4574 srr'tber
1487 4505 1564 4561 surb
1578 4504 1750 4563 Karlmcrm
1772 4507 1922 4567 urkundet
1946 4506 1992 4585 (n⁰
2007 4507 2072 4586 51),
2096 4512 2135 4569 ist
2151 4510 2302 4570 durateus
2317 4515 2415 4571 wulrr-

865 4606 1022 4665 srher'rsltclr
1045 4606 1099 4677 opt.
1115 4603 1310 4663 Mttblbarlrer
1325 4606 1343 4665 t.
1362 4624 1385 4667 c.
1410 4640 1450 4649 -
1479 4608 1613 4678 Verfcsst
1635 4610 1711 4667 noct
1728 4610 1828 4669 Form.
1845 4611 1987 4684 Marcelli
2002 4614 2029 4684 I,
2047 4617 2101 4685 24,
2122 4616 2166 4676 Μ.
2186 4615 2222 4676 G.
2240 4615 2344 4678 Form.
2362 4620 2414 4679 58.

868 4795 926 4869 (Ο.)
960 4790 1136 4877 {Carolus
1160 4793 1269 4877 gratia
1291 4793 1344 4858 dei
1366 4816 1426 4858 rex
1449 4795 1653 4862 Francorum
1688 4798 1737 4862 vir
1759 4797 1898 4863 inluster
1928 4800 2080 4866 omnibus
2115 4800 2268 4867 fidelibus
2291 4807 2416 4870 nostris

765 4907 833 4961 tam
851 4896 1079 4982 praesentibus
1096 4918 1194 4981 quam
1218 4908 1250 4963 et
1266 4898 1393 4964 futuris.
1417 4896 1432 4984 ξ
1516 4898 1654 4964 Rectum
1671 4910 1732 4984 est,
1757 4900 1840 4986 [ut]⁸
1854 4903 1976 4988 regalis
1993 4914 2140 4990 potestas
2155 4906 2220 4970 illis
2235 4909 2415 4974 tuicionem

763 5000 933 5087 inperciat,
968 5020 1106 5085 quorum
1130 5002 1312 5065 necessitas
1341 5001 1574 5087 conprobatur.
1621 5005 1726 5088 Igitur
1748 5008 1917 5091 conperiat
1945 4993 2137 5093 magnitudo
2162 5032 2220 5075 eeu
2247 5012 2461 5079 industrias!

764 5114 884 5186 vestra,
921 5104 1008 5189 quod
1031 5126 1091 5168 nos
1115 5103 1299 5169 Arnaldum
1322 5105 1540 5190 presbiterum
1563 5118 1696 5193 propter
1726 5109 1886 5174 malorum
1909 5110 2077 5177 bominum
2106 5113 2255 5179 inlioetas
2277 5115 2414 5181 infesta·

764 5210 876 5273 ciones
901 5207 960 5273 sub
985 5218 1097 5273 nostro
1121 5208 1349 5274 mundeburde
1381 5210 1433 5275 vel
1458 5210 1647 5277 defensione
1672 5214 1733 5277 visi
1762 5214 1882 5279 fuimus
1905 5216 2073 5301 recipisse,
2109 5228 2271 5303 quatenus
2296 5218 2415 5285 diebos

763 5314 830 5377 vite
855 5334 913 5377 sue
937 5335 1011 5377 cum
1035 5311 1185 5377 omnibus
1220 5312 1317 5378 rebus
1341 5314 1393 5379 vel
1428 5314 1615 5380 hominibus
1639 5317 1717 5401 suis,
1753 5319 1807 5403 qui
1835 5340 1893 5403 per
1916 5341 1989 5383 eum
2024 5320 2153 5406 legibus
2182 5344 2316 5408 sperare
2340 5347 2414 5389 nos·

764 5426 890 5497 cuntur,
917 5416 977 5481 sub
995 5427 1141 5481 nostram
1159 5420 1334 5483 tuicionem
1352 5418 1472 5483 debeat
1487 5421 1617 5505 quietus
1633 5422 1742 5486 vivere
1758 5422 1810 5486 vel
1828 5422 1990 5488 resedere.
2014 5425 2193 5511 Propterea
2208 5425 2268 5491 has
2286 5427 2414 5495 litteras

763 5531 893 5586 nostras
917 5522 947 5584 ei
970 5520 1131 5605 dedimus,
1157 5545 1216 5607 per
1239 5544 1322 5608 quas
1345 5524 1476 5589 omnino
1500 5523 1660 5607 iubemus,
1685 5536 1720 5591 ut
1742 5550 1848 5613 neque
1871 5550 1931 5593 vos
1954 5552 2082 5615 nequae
2098 5532 2235 5597 iunioris
2259 5543 2318 5597 aut
2341 5556 2414 5600 sue·
2436 5550 2461 5600 a

858 5706 900 5763 68.
919 5708 956 5771 ιιι)
974 5708 1136 5761 ordinandos
1154 5709 1181 5763 Β
1285 5711 1314 5777 ιι)
1331 5726 1403 5764 sorr.
1422 5712 1454 5764 r'n
1472 5729 1522 5764 nos
1540 5711 1567 5764 B
1680 5714 1706 5781 ο)
1724 5730 1795 5767 corr.
1814 5715 1846 5767 irs
1865 5721 1949 5767 nostri
1967 5716 1995 5769 B
2107 5719 2135 5785 p)
2153 5738 2169 5771 a
2186 5736 2236 5774 cor
2253 5724 2414 5775 timentibus

918 5776 985 5830 r'tber
1004 5776 1054 5831 cler
1073 5778 1154 5839 Zeile,
1173 5782 1251 5831 deum
1271 5796 1316 5833 am
1330 5780 1434 5835 Raade
1450 5782 1524 5834 acels
1541 5783 1698 5834 timentibus
1717 5799 1771 5836 verr
1789 5783 1930 5838 derrelbea
1950 5786 2041 5839 Hand
2057 5787 2264 5860 rsordpetruqea
2282 5790 2309 5843 Β

917 5848 945 5912 q)
963 5848 1046 5898 latum
1065 5863 1111 5901 am
1130 5849 1317 5903 Zeiteararrdr
1334 5865 1387 5903 voa
1406 5850 1548 5904 dersrlbers
1567 5852 1657 5904 Harrd
1675 5854 1809 5921 nuclspetr
1847 5870 1882 5907 err
1900 5854 1928 5908 Β
2043 5856 2066 5923 ι)
2084 5872 2155 5910 corr.
2173 5860 2205 5911 r'rr
2224 5876 2367 5911 concessas
2385 5859 2414 5913 B

918 5918 941 5981 s)
959 5916 996 5967 ali
1015 5916 1082 5969 rtber
1101 5918 1150 5970 der
1169 5919 1243 5972 Zeile
1262 5935 1314 5972 voa
1334 5919 1476 5973 derselben
1487 5919 1579 5973 Harrd
1596 5922 1803 5992 rsachpetrapea
1911 5926 1934 5990 t)
1945 5924 2045 5977 firmior
2057 5925 2084 5979 Β
2155 5929 2183 5995 ιι)
2198 5929 2255 5980 1111
2267 5936 2362 5997 quarto
2376 5930 2411 5984 Β.

858 6020 900 6075 dt.
919 6022 945 6089 ι)
963 6026 1077 6091 erpdurt
1096 6040 1150 6078 aas
1169 6022 1263 6079 For-m.
1282 6024 1420 6093 Marrulfi
1437 6024 1462 6091 I,
1479 6027 1518 6079 24
2433 6032 2461 6083 lt
