5642 7159
711 627 776 693 476
1310 608 1750 694 usrs'nuuenouuur.

712 819 847 904 cognito
869 816 1022 904 preclaro
1052 817 1147 882 vultu
1170 817 1285 883 similis
1308 817 1368 884 hee
1399 818 1501 884 verba
1524 819 1642 886 edidit:
1680 818 1723 904 ,0
1747 818 1868 885 Carule
1895 817 1976 884 mibi
1998 819 2031 884 in
2059 817 2219 884 facienda
2241 817 2378 884 iustitia

714 943 781 987 non
802 920 933 987 modice
954 943 1053 987 carus
1076 942 1219 1006 surgere,
1254 921 1394 1007 festiua;
1432 924 1477 989 ad
1504 923 1614 988 locum
1638 924 1802 1010 quendam
1832 923 1886 988 hio
1916 943 2020 1008 prope
2042 922 2215 1007 Peregrini
2245 943 2377 1008 corpus

714 1027 852 1110 invenis,
886 1027 981 1091 cuius
1004 1027 1149 1091 animam
1172 1028 1258 1093 inter
1279 1027 1420 1113 celestes
1443 1025 1564 1094 choros
1587 1049 1646 1114 pro
1676 1029 1792 1093 merito
1816 1047 2003 1111 cognoscas
2032 1025 2130 1091 valde
2153 1024 2374 1110 gaudentem,

715 1138 917 1217 quapropter
938 1128 1099 1197 beneficia
1114 1153 1154 1196 ac
1178 1131 1339 1198 miracula
1354 1139 1563 1218 prestantur⁰
1585 1133 1717 1218 corpori
1731 1131 1830 1214 illius,
1854 1131 1922 1215 qui,
1945 1129 2023 1196 dum
2039 1130 2133 1213 vixit,
2157 1131 2243 1196 satis
2260 1130 2377 1194 extitit

716 1234 778 1299 deo
805 1233 935 1299 fidelis‘.
980 1234 1062 1301 Ilico
1086 1236 1263 1322 episcopos
1290 1257 1331 1300 ac
1352 1236 1526 1320 religiosos
1549 1236 1690 1302 clericos
1713 1235 1826 1300 vocari
1849 1236 1982 1321 precepi
2011 1235 2124 1320 eisque
2146 1235 2271 1318 omnia,
2308 1250 2413 1321 ques

716 1338 795 1403 mihi
817 1346 918 1404 noctu
942 1349 1077 1405 ostensa
1101 1349 1188 1414 suut,
1211 1363 1253 1406 ex
1278 1340 1392 1406 ordine
1416 1340 1648 1407 demonstrans
1672 1339 1806 1406 taudem
1828 1339 1873 1405 ad
1894 1339 2004 1406 locum
2026 1339 2176 1423 corporis
2198 1339 2375 1424 Peregrini

716 1442 920 1526 devenimus,
955 1445 1068 1509 statim
1090 1444 1263 1528 indigenas
1293 1466 1333 1510 ao
1356 1445 1484 1510 incolas
1507 1445 1596 1510 illius
1624 1446 1768 1531 regionis
1790 1444 1977 1531 percontari
2006 1445 2154 1530 cepimus
2179 1442 2220 1509 de
2245 1445 2317 1508 vita
2341 1450 2376 1507 et

715 1554 811 1631 gesta
826 1545 914 1611 illius
929 1547 1099 1634 Peregrini
1115 1548 1186 1614 eius
1204 1550 1380 1614 sanctitate
1395 1570 1436 1613 ac
1452 1548 1620 1615 miraculis
1636 1549 1787 1633 cognitis.
1812 1547 1960 1614 Consilio
1978 1549 2123 1613 omnium
2138 1546 2373 1632 indigenarum

716 1671 759 1717 ac
781 1648 984 1717 advenarum
1006 1650 1053 1718 ibi
1076 1654 1258 1721 astantium
1280 1653 1423 1738 ecclesia
1446 1655 1578 1739 corpori
1599 1655 1757 1741 pauperis
1772 1652 1816 1719 ad
1838 1673 1978 1739 presens
1992 1651 2183 1734 fabricatur,
2207 1652 2263 1716 cui
2280 1652 2374 1737 quin·

717 1762 835 1838 gentos
865 1756 964 1821 etiem
987 1757 1115 1823 modios
1144 1766 1230 1824 terre
1253 1756 1391 1824 cubitali
1419 1781 1573 1824 mensura
1596 1758 1741 1845 undique
1769 1758 1804 1822 in
1826 1757 1967 1823 circuitu
1989 1777 2152 1823 consensu
2181 1755 2305 1822 ducum
2329 1777 2372 1821 ec
2396 1773 2426 1818 ro

718 1859 903 1945 principum
933 1863 1143 1949 omniumque
1171 1863 1319 1948 equitum
1347 1884 1409 1928 nec
1431 1884 1497 1928 non
1525 1861 1695 1928 hominum
1724 1863 1820 1930 iuxta
1841 1860 2063 1928 habitantium
2091 1861 2204 1927 dotem
2232 1861 2376 1926 firmiter

718 1963 802 2028 iussi
824 1964 972 2030 concedi.
996 1966 1059 2032 His
1082 1967 1128 2032 ita
1151 1968 1236 2032 iuste
1260 1977 1294 2032 et
1316 1969 1370 2053 pie
1394 1967 1538 2054 peractis
1561 1966 1605 2032 od
1619 1967 1857 2033 monasterium
1879 1965 1968 2031 beati
1985 1959 2148 2032 Vincentii
2172 1987 2277 2052 prope
2293 1962 2374 2030 Vul-

719 2074 852 2133 turnum
879 2070 1023 2155 positum
1051 2092 1127 2136 cum
1155 2070 1235 2136 mihi
1261 2072 1399 2157 privatis
1432 2072 1648 2158 perreximus,
1682 2069 1751 2136 illic
1781 2069 1890 2136 triduo
1918 2067 1984 2134 ad‘¹
2017 2070 2201 2135 orationem
2230 2069 2374 2134 fratrum

718 2170 1044 2255 religiosissimorum
1059 2175 1127 2240 fere
1143 2176 1397 2262 quingentorum
1409 2183 1443 2240 et
1458 2174 1642 2261 proficuum
1654 2173 1793 2260 ecclesie
1808 2196 1921 2241 eorum
1934 2175 2188 2260 permansimus.
2206 2171 2375 2259 equibus

719 2266 824 2360 probe
851 2285 885 2341 et
911 2275 1049 2343 honeste
1077 2287 1288 2364 percontatus
1320 2278 1361 2344 de
1389 2279 1479 2344 fama
1502 2287 1536 2344 et
1563 2279 1640 2344 dote
1666 2278 1756 2345 beati
1785 2278 1954 2365 Peregrini
1982 2299 2127 2364 congruo
2157 2299 2198 2342 ac
2226 2277 2428 2364 pacificare

722 2401 873 2446 sermone
894 2382 1059 2467 respondi.
1082 2382 1252 2470 Perspicui
1275 2405 1316 2448 ac
1338 2382 1484 2468 religiosi
1507 2382 1660 2449 monachi
1684 2383 1883 2449 unanimiter
1906 2392 2029 2449 terram
2053 2381 2165 2448 datam
2189 2382 2375 2466 Peregrina

723 2482 879 2549 dixerunt
902 2485 1034 2551 omnino
1050 2507 1122 2551 esse
1144 2485 1234 2552 beati
1249 2486 1429 2553 Vincentii.
1452 2487 1546 2553 Tunc
1562 2487 1689 2553 monitu
1706 2487 1852 2554 omnium
1873 2485 2112 2553 monachorum
2127 2508 2167 2551 ec
2191 2485 2375 2573 proborum

722 2587 891 2654 homiuum
913 2589 1074 2655 cartulam
1096 2589 1138 2656 de
1161 2590 1311 2676 predicta
1334 2590 1411 2656 dote
1434 2593 1601 2656 nominate
1623 2590 1762 2676 ecclesie
1784 2591 1969 2678 pretitulari
1993 2589 2124 2677 precepi
2152 2589 2377 2677 omnibusque

722 2691 911 2759 videntibus
935 2715 1034 2780 super
1057 2693 1163 2761 altare
1185 2695 1385 2761 venerabilis
1409 2696 1576 2762 Vincentii
1603 2717 1704 2762 mann
1725 2717 1800 2762 mea
1822 2696 1957 2782 propria
1984 2697 2081 2783 posui
2103 2717 2295 2783 penemque
2319 2695 2376 2761 du-

724 2806 894 2863 centarum
922 2799 993 2863 auri
1021 2798 1180 2865 librarum
1209 2800 1372 2866 auferenti
1400 2822 1483 2866 voce
1507 2801 1651 2866 omnium
1680 2801 1915 2866 affirmantium
1945 2821 2017 2864 cam
2047 2798 2165 2865 indixi.
2211 2799 2378 2886 Precepta
2399 2815 2431 2864 so

724 2922 855 2988 quoque
884 2903 996 2968 omnia
1023 2903 1145 2989 legalia
1173 2903 1287 2969 habita
1316 2904 1368 2969 vel
1397 2903 1551 2970 habenda
1581 2907 1615 2970 in
1644 2903 1762 2970 eadem
1789 2902 1930 2991 ecclesia
1952 2913 1985 2970 et
2012 2903 2145 2989 regibus
2168 2912 2202 2968 et
2232 2901 2378 2969 ducibus

724 3004 863 3093 aliisque
886 3004 1083 3073 sublimibus
1107 3008 1325 3094 potestatibus
1348 3017 1416 3074 tam
1441 3008 1585 3074 clericali
1603 3031 1702 3094 quam
1725 3008 1848 3098 laycali
1873 3008 1988 3075 ordine
2007 3008 2159 3073 volumus
2182 3007 2379 3073 confirmari

723 3131 764 3174 ac
792 3109 953 3196 roborari,
987 3113 1108 3198 quippe
1135 3121 1319 3178 conventus
1349 3122 1517 3179 tantorum
1547 3121 1737 3180 sanctorum
1766 3115 1911 3179 virorum
1939 3124 1976 3179 ut
2004 3111 2143 3197 ecclesie
2172 3113 2379 3179 sanctissimi

724 3212 891 3282 Vincentii
914 3237 935 3280 a
956 3219 1086 3283 nemine
1109 3216 1278 3303 laycorum
1306 3217 1470 3283 iudicetur
1492 3216 1684 3284 conturbari
1708 3218 1759 3284 vel
1783 3240 1895 3284 eorum
1917 3216 2007 3283 bona
2030 3217 2140 3283 minui.
2185 3216 2233 3281 Et
2254 3219 2291 3281 in
2315 3217 2379 3283 hoc

726 3320 752 3383 si
776 3319 849 3405 quis
873 3318 960 3384 lesor
981 3320 1135 3386 inventus
1152 3321 1258 3404 fuerit,
1283 3323 1466 3408 primosus
1489 3329 1607 3408 sponte
1623 3322 1791 3406 emendet;
1822 3322 1849 3386 si
1864 3319 2057 3406 tardaverit,
2081 3319 2251 3406 dupplicet
2265 3342 2378 3385 emen·
2406 3336 2437 3384 25

726 3423 910 3507 dationem;
949 3425 976 3491 si
1004 3447 1048 3490 ex
1081 3435 1150 3492 toto
1176 3428 1349 3511 renuerit0,
1384 3436 1497 3494 nostro
1525 3426 1649 3492 iudicio
1677 3426 1885 3512 aliorumque
1912 3448 2027 3512 regum
2050 3424 2173 3492 Christi
2196 3425 2380 3510 ecclesiam

727 3527 971 3594 defendentium
994 3529 1170 3616 capitalem
1195 3530 1258 3596 eibi
1281 3540 1391 3597 sumat
1414 3532 1621 3598 sententiam.
1652 3531 1695 3595 Et
1710 3529 1770 3616 hec
1793 3531 1902 3596 omnio
1926 3530 2079 3615 primitus
2101 3527 2146 3595 ad
2168 3526 2332 3595 honorem
2348 3539 2382 3594 et

726 3631 868 3718 gloriam
884 3635 1119 3722 omnipotentis
1142 3635 1195 3701 dei
1211 3638 1346 3722 eiusque
1370 3639 1515 3702 omnium
1532 3633 1686 3719 fidelium,
1710 3635 1803 3699 cuius
1818 3636 1888 3700 iure
1911 3647 1943 3698 et
1958 3633 2042 3699 velle
2065 3633 2175 3698 omnia
2189 3633 2382 3698 consistunt

727 3747 827 3824 atque
842 3748 1010 3823 reguntur,
1034 3761 1147 3805 amore
1165 3762 1296 3829 quoque
1319 3748 1352 3804 et
1374 3739 1688 3805 commemoratione
1710 3739 1817 3805 nostri
1833 3737 1982 3823 magistri
2004 3759 2045 3802 ac
2067 3735 2209 3802 rethoris
2232 3757 2297 3800 uec
2314 3757 2382 3801 non

729 3844 871 3908 oratoris
894 3843 1005 3909 domni
1026 3843 1210 3931 Authperti,
1234 3845 1413 3910 venerandi
1436 3842 1567 3909 abbatie
1589 3840 1679 3909 besti
1696 3843 1871 3918 Vincentii,
1894 3843 1999 3907 nostri
2024 3841 2147 3927 posteri
2169 3850 2383 3924 cognoscant
2405 3857 2437 3905 eo

729 3969 801 4012 esse
817 3956 963 4032 peracta,
987 3949 1126 4035 quisque
1141 3948 1245 4014 lector
1266 3949 1363 4016 huius
1379 3947 1570 4015 membrane
1594 3968 1725 4032 semper
1739 3947 1772 4011 in
1788 3968 1828 4012 ea
1851 3954 2001 4012 nostrum
2017 3952 2200 4031 cognoscat
2221 3943 2383 4032 sigillum.

1514 4241 1601 4318 316.

1461 4381 1642 4464 (Uneclst.)

729 4523 824 4594 Korl
851 4524 916 4595 der
946 4521 1075 4595 Grosee
1098 4522 1172 4614 pilot
1197 4523 1449 4609 Friedrich,
1483 4521 1716 4614 Pfolsprofea
1741 4522 1781 4594 irs
1808 4521 1872 4593 der
1898 4519 2121 4606 Lombardoi,
2155 4521 2233 4592 ond
2259 4523 2385 4594 dassen

729 4644 900 4717 Bradera
934 4646 990 4716 clio
1015 4644 1118 4716 Soada
1145 4645 1322 4730 Bardirso,
1364 4645 1421 4716 die
1446 4644 1545 4716 Iesel
1571 4644 1751 4735 Falpers'o,
1793 4643 1861 4714 dea
1894 4644 2025 4714 vieriae
2054 4641 2154 4713 lircil
2187 4643 2253 4713 der
2278 4641 2385 4716 stadt
2406 4665 2441 4715 ss

736 4768 884 4852 Verona,
912 4768 969 4839 die
989 4767 1115 4839 Blaeso
1134 4765 1187 4838 Po
1215 4768 1290 4838 aad
1315 4765 1412 4858 Ople'o
1440 4765 1491 4838 bis
1517 4788 1598 4836 sum
1619 4764 1742 4852 Hasce
1766 4763 1897 4837 Ocreae
1923 4788 1968 4836 aa
1988 4761 2107 4835 Lebeo
2135 4765 2211 4835 aed
2236 4763 2387 4837 vorleilst

730 4889 835 4959 ileon
861 4889 926 4960 das
952 4887 1074 4974 Recto,
1110 4886 1311 4959 Urs-elselielse
1338 4911 1383 4959 zo
1410 4887 1628 4980 legitimirera,
1656 4887 1732 4960 uod
1757 4887 1886 4959 cedere
1912 4883 2132 4978 Besaprsisse.

833 5202 1161 5262 Notariotstraassamt
1183 5219 1239 5261 oon
1261 5205 1347 5263 1274
1371 5201 1454 5261 June
1475 5205 1518 5263 29
1541 5204 1585 5261 im
1606 5200 1816 5260 Staatsarchio
1837 5217 1877 5258 aa
1899 5197 2031 5258 storeas
2051 5193 2116 5276 (B).

841 5323 1040 5398 Unqeclraclrt.
1066 5356 1105 5367 -
1128 5323 1324 5384 Molibaclrer
1345 5325 1418 5398 Rep.
1442 5327 1505 5384 500
1530 5322 1631 5402 (485).
2409 5334 2442 5382 so

836 5447 865 5506 B
887 5448 927 5506 ist
949 5445 1044 5505 durch
1066 5445 1182 5506 Locher
1208 5446 1293 5506 storlc
1315 5445 1493 5520 beschddiqt,
1530 5446 1578 5504 die
1601 5443 1717 5517 Schrift
1740 5443 1868 5515 oielsaolr
1891 5444 2074 5518 olyeriabcra,
2103 5442 2175 5502 os'sle
2196 5443 2264 5502 and
2285 5444 2388 5503 etorke

836 5553 1040 5625 Korsanpem
1063 5551 1110 5610 olis
1125 5552 1350 5625 Erqdaamea
1371 5567 1429 5610 oue
1446 5550 1504 5609 olen
1523 5549 1586 5611 ΥΠ.
1615 5550 1679 5608 Der
1692 5547 1955 5610 transsamireade
1967 5548 2066 5608 Notor
2081 5547 2222 5607 Alcetas
2237 5547 2388 5606 hamelet:

840 5659 873 5716 ut
898 5654 998 5716 inveni
1028 5654 1059 5714 in
1092 5654 1244 5732 privilegio
1273 5654 1419 5714 autentico
1449 5655 1557 5715 bullato
1586 5672 1673 5714 aurea
1702 5654 1781 5714 bulla
1809 5651 1878 5712 dicti
1910 5651 2019 5712 domini
2049 5651 2126 5726 regis
2154 5653 2298 5728 pendente
2322 5669 2388 5712 cum

839 5758 963 5819 cordulis
989 5759 1113 5834 argenti,
1149 5758 1179 5818 in
1203 5775 1258 5834 quo
1281 5762 1344 5818 erat
1366 5759 1507 5818 insertum
1537 5758 1696 5833 magiestas
1719 5749 1812 5833 [regis
1836 5750 1977 5835 sedlentis
2004 5755 2037 5815 in
2059 5757 2143 5816 trono
2169 5757 2201 5815 et
2223 5755 2255 5814 in
2277 5755 2388 5816 circulo

812 5943 870 5998 ³15.
889 5945 915 6011 c)
932 5950 1074 6011 prerautur
1092 5941 1120 5995 B
1189 5944 1216 6008 d)
1233 5949 1261 5994 et
1279 5943 1306 5994 B
1375 5945 1400 6008 e)
1419 5946 1557 5995 rennuerit
1577 5943 1611 5998 B.
2412 5941 2444 5988 45
