5642 7159
1130 685 1393 750 KARLMANN
1419 685 1492 748 759.
2092 685 2133 748 67

589 880 652 938 und
686 879 838 937 orodemer
868 878 1066 949 Abscbristcn.
1099 911 1138 921 -
1168 877 1255 937 Face.
1279 877 1415 950 Depioma'
1447 878 1520 949 irrep.
1545 897 1559 935 c
1586 878 1663 935 reate·
1684 881 1704 935 t.
1729 882 1747 936 1
1783 880 1838 935 mit
1868 878 2073 936 Tectobdruck
2101 879 2134 935 in

587 985 707 1044 Notieie
729 1000 744 1041 c
766 986 871 1042 trusor.
894 986 925 1042 2.
949 1015 991 1026 -
1014 982 1208 1042 Mttblbacber
1229 983 1303 1055 Ray.
1328 985 1391 1041 120
1415 981 1515 1059 (117).

592 1113 679 1172 Gerae
700 1130 755 1170 eron
772 1113 966 1186 Muqinurius
978 1113 1173 1184 resecr-seben,
1197 1129 1262 1170 com
1279 1109 1374 1184 Sieyei
1395 1128 1458 1168 nur
1479 1113 1527 1169 ein
1539 1111 1726 1170 Brucbetetcb
1748 1111 1889 1172 erboItcn.
1906 1143 1948 1154 -
1972 1112 2047 1171 Wcil
2060 1112 2134 1170 nocb

588 1233 663 1275 anno
685 1215 786 1293 primo,
810 1233 862 1274 cor
883 1215 950 1273 dem
973 1221 1002 1275 9.
1029 1216 1150 1275 October
1171 1215 1349 1289 auspostcltt.
1401 1213 1494 1273 Uober
1516 1215 1573 1273 den
1602 1214 1811 1274 unbekonoten
1834 1215 2010 1274 Ausstcltort
2032 1215 2133 1273 tietbi-

588 1321 693 1379 bocboc·
715 1320 780 1378 unct
804 1318 919 1392 inollo
941 1319 959 1378 l.
985 1338 1008 1378 e.
1033 1323 1072 1380 41
1097 1319 1136 1379 N.
1160 1323 1191 1380 2.

586 1493 643 1566 (Ο.)
676 1488 952 1574 ξΟιιιῙοιιιιιιιιιιι
987 1490 1094 1574 gratia
1129 1487 1180 1553 dei
1214 1511 1275 1554 rex
1302 1489 1506 1554 Francorum
1540 1490 1590 1552 vir
1618 1487 1754 1554 inluster
1784 1489 1935 1554 omnibus
1965 1491 2131 1574 episcopis

482 1593 660 1658 abbatibus
686 1593 862 1658 comitibus
877 1593 1017 1657 vecariis
1033 1592 1229 1657 centenariis
1246 1591 1296 1658 vel
1313 1614 1427 1657 omncs
1443 1594 1561 1656 missos
1577 1602 1707 1658 nostros
1723 1592 1845 1679 ubique
1861 1592 2129 1659 discurrentibus.

584 1697 671 1762 Illud
694 1699 780 1763 enim
803 1697 845 1761 ad
869 1696 1083 1762 stabilitatem
1107 1698 1200 1781 regni
1217 1698 1320 1761 nostri
1345 1697 1504 1781 proficere
1524 1695 1697 1770 credimus,
1722 1698 1749 1761 si
1768 1697 1812 1780 id,
1838 1696 1928 1782 quod
1943 1697 2130 1763 sacerdotes

483 1823 541 1886 pro
601 1803 854 1887 oportunitatem
878 1809 977 1886 atque
1002 1802 1170 1866 serenitati
1193 1810 1327 1865 nostrae
1344 1801 1569 1884 sugiesserint,
1594 1798 1709 1865 libenti
1733 1801 1845 1865 auimo
1870 1801 2133 1886 obtemperamus

432 1925 460 1970 rc
483 1916 515 1970 ct
538 1906 582 1970 ad
604 1906 756 1970 effectum
779 1905 999 1991 perducimus.
1044 1905 1150 1990 Igitur
1173 1906 1317 1970 omnium
1342 1904 1486 1969 fidelium
1510 1913 1699 1968 nostrorum
1727 1904 1920 1990 magnitudo
1943 1914 2132 1991 conpereat,

481 2010 622 2096 qualiter
644 2033 705 2075 nos
722 2032 781 2096 pro
806 2008 948 2074 mercedi
965 2019 1076 2075 nostre
1099 2019 1311 2095 augmentum
1328 2008 1439 2074 taliter
1462 2008 1504 2073 ad
1522 2008 1712 2093 petitionem
1728 2007 1909 2073 venerabili
1925 2011 1994 2073 viro
2012 2009 2131 2074 domno

482 2115 635 2179 Asinaria
660 2112 781 2178 abbate
805 2112 849 2178 ad
871 2135 950 2178 casa
974 2115 1079 2178 sancti
1096 2114 1182 2178 Petri
1200 2111 1371 2178 Noualicio
1396 2114 1591 2199 monastyrii
1609 2112 1842 2194 concessimus,
1865 2121 1902 2176 ut
1924 2114 2009 2178 infra
2031 2136 2133 2199 regna

482 2217 542 2283 deo
572 2219 720 2303 propicio
750 2227 874 2298 nostra,
911 2216 1108 2302 ubicumque
1136 2218 1199 2303 ipsi
1234 2216 1382 2281 homines
1405 2218 1600 2303 monastyrii
1633 2236 1693 2302 pro
1723 2217 1792 2280 eius
1826 2215 1999 2281 utilitatem
2033 2239 2130 2302 nego-

481 2320 635 2386 ciandum
659 2323 865 2408 perrexerint
886 2331 944 2386 aut
967 2320 1009 2386 de
1032 2342 1238 2406 quocumque
1261 2320 1333 2385 loco
1351 2319 1477 2406 aliquid
1502 2343 1561 2406 pro
1578 2320 1807 2385 necessitatem
1832 2321 1913 2405 ipsis
1929 2322 2133 2406 monachys⁸

431 2426 628 2490 reconferre
652 2425 791 2510 adipso
815 2423 1042 2510 monastyriob
1066 2436 1123 2490 aut
1145 2424 1309 2491 adducere
1332 2424 1495 2498 videntur,
1520 2423 1609 2488 nullo
1634 2423 1774 2489 telloneo
1797 2446 1859 2488 nec
1881 2425 2050 2511 pontatico
2075 2435 2132 2490 aut

482 2528 550 2594 ulla
571 2528 809 2594 reddebutione
837 2528 878 2594 de
901 2529 975 2611 hoc,
1011 2528 1099 2614 quod
1127 2529 1226 2594 fiscus
1248 2538 1361 2594 noster
1388 2530 1536 2615 recipere
1559 2529 1611 2594 vel
1641 2551 1775 2613 sperare
1803 2539 1964 2614 potuerat,
1999 2539 2067 2594 tam
2090 2529 2131 2595 de

481 2654 576 2699 carra
599 2655 763 2719 quamque
786 2632 827 2698 de
851 2655 984 2698 saumas
1009 2635 1077 2698 eive
1101 2632 1141 2699 de
1163 2633 1273 2699 navali
1297 2634 1431 2718 remigio
1466 2644 1499 2698 et
1521 2631 1611 2719 quod
1633 2631 1696 2696 ad⁰
1719 2632 1817 2698 dorsa
1846 2655 1958 2698 eorum
1981 2633 2131 2699 homiues

481 2746 678 2822 conportare
701 2735 935 2801 videaturaut
958 2736 998 2801 de
1015 2759 1126 2802 eorum
1151 2757 1271 2823 pecora
1294 2736 1346 2801 vel
1363 2737 1403 2802 de
1427 2733 1631 2822 quibuslibet
1646 2733 1777 2801 causisd
1798 2736 1899 2818 nulla,
1922 2746 1959 2800 ut
1974 2736 2130 2819 diximus,

482 2839 601 2905 exinde
626 2839 751 2905 solvere
774 2861 834 2905 nec
850 2839 988 2905 reddere
1010 2861 1076 2904 non
1095 2839 1247 2905 debeant.
1272 2840 1452 2926 Propterea
1467 2862 1526 2925 per
1537 2849 1722 2926 presentem
1739 2842 1968 2907 auctoritatem
1984 2852 2130 2907 nostram

435 2961 463 3010 to
481 2943 631 3010 iubemus
653 2953 753 3030 atque
788 2945 918 3009 omnino
942 2944 1175 3030 praecipimus,
1210 2953 1246 3007 ut
1268 2943 1377 3008 nullus
1414 2943 1570 3029 quislibet
1598 2943 1638 3009 de
1673 2942 1768 3009 vobis
1799 2955 1857 3010 aut
1882 2945 1924 3010 de
1957 2946 2131 3012 iudiciaria

479 3056 642 3135 potestate
666 3050 736 3113 sive
760 3048 801 3115 de
824 3049 935 3113 missis
958 3049 1092 3129 nostris,
1116 3056 1153 3110 ut
1176 3045 1332 3128 diximus,
1357 3050 1449 3133 ipses
1472 3047 1622 3114 homines
1644 3058 1826 3113 memorato
1850 3048 1971 3115 abbate
1994 3053 2130 3137 eiusque

481 3150 742 3234 successoribus,
767 3152 822 3236 qui
847 3151 985 3235 adipso
1010 3152 1212 3234 monastyrio
1237 3152 1414 3236 aspiciunt,
1438 3151 1539 3235 nullo,
1563 3162 1600 3216 ut
1623 3151 1777 3236 diximus,
1802 3152 1944 3218 telloneo
1967 3176 2028 3219 nec
2051 3176 2128 3239 pon-

480 3258 580 3321 tatico
604 3256 675 3319 sive
697 3255 840 3319 rotatico
870 3264 929 3320 aut
951 3254 1041 3340 quod
1063 3256 1096 3320 in
1122 3275 1253 3318 saumas
1284 3253 1335 3320 vel
1358 3256 1392 3320 in
1419 3255 1519 3320 dorsa
1552 3264 1746 3342 conportare
1769 3255 1931 3338 videntur,
1965 3261 2130 3342 requirere

481 3381 537 3424 nec
561 3347 718 3424 exactare
734 3366 820 3422 ιιοιιο
841 3359 971 3423 faciatis
987 3379 1047 3423 nec
1071 3357 1111 3423 de
1134 3379 1247 3422 eorum
1263 3357 1380 3423 ovibus
1395 3382 1455 3445 pro
1480 3361 1614 3445 pascuis
1630 3357 1936 3444 discurre[ntibus]¹
1957 3363 2124 3445 pontatico

440 3477 466 3524 ac
484 3485 540 3527 nec
564 3463 696 3548 agrario
719 3483 785 3527 non
808 3464 981 3545 exactetis,
1006 3461 1064 3526 sed
1086 3483 1147 3526 nec
1171 3461 1215 3527 ad
1238 3460 1474 3528 ambulandum
1498 3473 1556 3528 aut
1578 3463 1807 3529 revertendum
1825 3486 1882 3548 pro
1905 3467 1981 3549 ipsa
2004 3488 2130 3552 pascua

483 3569 525 3630 eis
548 3567 816 3630 contrarietatem
839 3587 903 3629 non
926 3565 1068 3639 faciatis,
1104 3566 1176 3648 uisi,
1210 3566 1296 3630 sicut
1319 3566 1352 3630 in
1374 3578 1489 3633 nostra
1510 3567 1716 3652 aelymosina
1738 3570 1845 3654 ipsum
1866 3568 2060 3635 beneficium
2085 3571 2128 3636 ad

483 3670 647 3755 praedicta
671 3669 812 3735 ecclesia
836 3671 1072 3751 concessimus,
1107 3671 1155 3734 ita
1177 3668 1303 3755 absque
1339 3669 1438 3735 ullius
1467 3673 1661 3757 repetitione
1695 3675 1816 3738 nostris
1845 3683 1878 3738 et
1906 3675 2025 3739 futuris
2048 3685 2126 3740 tem-

483 3773 613 3859 poribus
637 3773 681 3838 ad
703 3775 812 3859 ipsum
835 3774 1073 3858 monastyrium
1097 3772 1300 3858 perduratur.
1325 3773 1370 3838 Et
1386 3782 1422 3838 ut
1443 3774 1525 3840 haec
1548 3778 1729 3841 auctoritas
1750 3777 1876 3842 firmior
1896 3776 2060 3845 habeatur
2073 3779 2127 3845 vel

483 3877 611 3943 inantea
633 3876 749 3942 melius
773 3885 995 3958 conservetur,
1020 3876 1061 3940 de
1083 3874 1182 3940 anulo
1206 3886 1319 3942 nostro
1344 3877 1457 3942 subter
1479 3877 1624 3962 sigillare
1647 3878 1840 3945 studuimus.

435 4027 464 4076 30
580 4014 594 4098 ξ
617 4015 756 4100 Signum
779 4018 870 4094 (MP.)
893 4013 1114 4080 Carlomauno
1138 4015 1373 4099 gloriosissimo
1397 4039 1485 4102 rege.
1508 4013 1522 4094 ξὲ

576 4141 635 4214 (G.)
658 4131 672 4214 Ξ
693 4135 898 4220 Magiuarius
921 4139 1096 4221 recognovi
1121 4147 1153 4201 at
1174 4137 1188 4220 ξ
1212 4141 1277 4215 (SR.
1301 4143 1382 4205 ΝΤ.ι
1406 4142 1602 4216 Mopinorias
1624 4147 1798 4220 recoooooi).
1823 4145 1892 4220 (St.)

580 4276 671 4340 Data
693 4278 727 4341 in
749 4298 862 4342 mense
885 4277 1033 4342 octobrio
1056 4277 1088 4341 in
1113 4297 1200 4340 anno
1229 4279 1333 4362 primo
1358 4275 1580 4343 Carlomanno
1611 4277 1852 4363 gloriosissimo
1876 4302 1970 4365 rege;
2015 4293 2125 4347 actum

485 4375 759 4463 Calmu[n]ciaco⁸
781 4380 910 4466 palacio
934 4379 1082 4466 publico,
1107 4383 1140 4444 in
1165 4379 1217 4444 dei
1240 4383 1370 4447 nomine
1394 4381 1542 4446 feliciter.

1280 4621 1340 4695 ta.

433 4785 461 4831 ³5
487 4776 681 4851 Korlmcuc
707 4779 865 4872 recreem
892 4783 970 4852 dem
996 4782 1140 4854 Kloeter
1165 4782 1205 4852 E
1211 4782 1358 4853 citeru
1367 4781 1444 4852 reeb
1470 4781 1723 4870 [serii-beschub
1749 4785 1824 4852 cred
1848 4783 2072 4856 Immeuitdt.

1568 4915 1643 5000 [ree
1669 4919 1729 4981 oe.
1754 4926 1773 4980 9
1797 4955 1840 4964 -
1863 4926 1925 4982 ree
1951 4922 2012 4984 oe.
2037 4921 2079 5005 a]

577 5077 671 5134 Liber
692 5093 803 5134 (turcus
827 5076 985 5149 mimae.
1010 5076 1034 5148 f.
1053 5082 1095 5136 72
1117 5093 1173 5136 aue
1197 5077 1249 5135 der
1272 5081 1367 5136 cretea
1383 5075 1490 5149 Hotfte
1511 5076 1562 5136 des
1585 5080 1635 5136 13.
1653 5075 1706 5135 Jb.
1731 5079 1764 5134 ia
1787 5077 1839 5134 der
1860 5079 1938 5138 bere.
1958 5079 2126 5139 Bibliotbelr

577 5197 618 5238 ru
644 5179 741 5240 Gotbu
764 5179 826 5257 (B).

579 5300 674 5359 Sicbet
696 5299 791 5360 Beitr.
807 5319 834 5359 a.
851 5301 936 5373 Dipl.
966 5301 993 5359 V
1014 5303 1131 5361 Wiener
1154 5301 1213 5362 SR.
1232 5303 1282 5371 49,
1306 5301 1370 5362 392
1392 5305 1461 5360 u⁰3
1485 5301 1697 5378 (Sonderobdr.
1715 5303 1769 5377 84)
1793 5320 1850 5361 oue
1870 5303 1908 5363 B.
1935 5335 1973 5346 -
2008 5304 2126 5364 Warth-

577 5401 693 5476 Paquet
712 5403 800 5463 Toble
821 5403 902 5464 acal.
920 5405 970 5463 des
993 5407 1105 5464 chortes
1127 5423 1204 5465 conc.
1219 5407 1250 5464 tc
1272 5406 1338 5464 oilie
1352 5403 1565 5465 d’Ecbteroocb
1580 5410 1611 5476 2,
1636 5411 1657 5465 7
1678 5423 1735 5464 aas
1750 5405 1905 5479 Absebrist
1929 5409 1979 5467 des
2003 5414 2053 5469 17.
2071 5409 2124 5470 Jb.

577 5523 632 5563 oca
654 5505 692 5566 B.
715 5538 759 5550 ·-
780 5507 975 5566 Metbibocber
997 5509 1069 5582 Req.
1093 5512 1153 5570 121
1181 5509 1280 5588 (118).

582 5643 703 5716 Vorloqc
726 5644 774 5702 dic
802 5645 944 5705 Uriouade
967 5647 1095 5720 Pippios
1117 5653 1152 5705 ιιο
1165 5651 1216 5708 30.
1241 5647 1300 5705 Die
1322 5648 1476 5720 Dotirunp
1499 5666 1563 5705 corn
1587 5647 1729 5720 Cepisten
1748 5651 1882 5722 peteret.

569 5793 896 5862 essecestriam
915 5797 1005 5850 Hand
1024 5814 1078 5850 cus
1097 5816 1114 5850 a
1132 5815 1203 5851 corr.
1318 5797 1746 5864 impedesecorum:
1859 5804 1884 5868 c)
1901 5804 1974 5856 arceb
1993 5806 2027 5855 ad
2045 5804 2124 5857 cirre

629 5812 925 5935 (Ansaaqsduebstobc
943 5882 996 5920 corr
1015 5871 1116 5934 eorum)
1135 5867 1225 5920 durcb
1243 5867 1342 5921 Rosur
1378 5867 1458 5936 etitqt
1573 5871 1601 5936 d)
1618 5872 1628 5920 i
1647 5885 1702 5923 rcus
1720 5871 1904 5940 beqcaaeuem
1922 5890 1935 5923 ι
1954 5873 2005 5924 mit
2028 5873 2126 5927 Ueter-

442 5925 467 5972 ll
631 5933 714 6003 leiuye
731 5951 802 5990 corr.
908 5937 934 6006 a)
953 5952 1001 5990 cor
1021 5954 1038 5988 u
1057 5937 1102 5990 ein
1121 5939 1290 6006 beqormeaea
1308 5937 1321 5987 f
1336 5939 1345 6001 (
1363 5952 1396 5987 er
1409 5936 1694 6005 Arrfoaqsbuebstobe
1713 5939 1761 5992 dea
1779 5942 1915 5994 abebatea
1932 5940 2053 6006 Wortes)
2066 5959 2126 5995 eer-

629 6003 727 6056 wiscbt
831 6006 990 6069 odiamus
1009 6007 1035 6058 A
1140 6007 1167 6073 g)
1185 6005 1288 6060 kleines
1309 6005 1384 6058 Locb
1402 6006 1440 6057 im
1459 6005 1632 6075 Perqomeot
1651 6027 1668 6060 u
1687 6010 1757 6062 uocb
1776 6010 1865 6062 sicber·
1883 6027 1919 6063 ea
1942 6012 2124 6065 coarctatam.

1916 6115 1949 6161 9*
