5642 7159
1101 738 1221 798 ΚΑΒ]
1245 739 1332 798 uuit
1355 736 1524 798 GROSSE
1548 731 1620 798 786.
2118 731 2182 796 209

636 927 714 985 aucis
736 926 789 985 ἄεν
809 926 969 997 Wortluat,
1001 929 1055 986 wie
1076 930 1206 1003 potestas
1229 928 1297 987 almi
1320 927 1464 1001 Germani,
1493 929 1593 986 εεννᾶ]
1614 929 1732 999 spuere
1754 926 1829 998 Zeti,
1853 927 1908 986 scie
1930 924 1979 984 die
2006 924 2182 999 Verieiirunp

638 1049 679 1090 ua
701 1031 763 1092 sict
779 1032 1097 1104 neocaesariensem
1113 1037 1194 1090 νεᾶνε
1210 1030 1296 1110 (aber
1310 1034 1410 1108 portus
1435 1031 1532 1092 Waite
1551 1029 1615 1090 Vc.
1633 1033 1662 1101 8,
1686 1033 1752 1091 298
1773 1030 1813 1090 N.
1830 1028 1872 1106 4).
1906 1029 1946 1088 la
1968 1029 2025 1088 deu
2046 1033 2182 1103 spuere·

642 1134 806 1195 Urkaadeu
831 1135 977 1207 εεεᾶιὶἄᾶ
1005 1135 1156 1195 ἄενεεῑὸενι
1189 1135 1266 1194 auct
1290 1135 1432 1194 ἄνείνεενᾶεἱ
1461 1133 1664 1208 meinana.
1711 1132 1886 1208 Auflosaap
1921 1134 1974 1193 ἄεν
2001 1135 2182 1193 tiroae‘scbeu

638 1239 747 1309 Notea,
782 1239 830 1297 die
851 1237 940 1297 ultera
962 1238 1111 1299 Anseteia
1138 1240 1214 1298 nocie
1236 1256 1293 1299 oue
1315 1239 1368 1298 ἄεν
1396 1240 1495 1298 scirtari
1522 1239 1664 1299 Urituade
1692 1240 1903 1298 ἄᾶεννιεννινιιενι
1924 1237 1989 1298 aad
2010 1254 2066 1297 oon
2088 1238 2182 1296 εἰνιενιν

638 1343 691 1401 ἄεν
711 1341 918 1412 Notensebrist
939 1343 1013 1402 noch
1034 1343 1198 1416 Kandipcu
1218 1343 1457 1417 nocbpaeicbnei
1479 1342 1558 1414 sind,
1583 1345 1630 1401 bei
1652 1343 1740 1415 Kopp
1762 1342 1918 1416 Paiaeopr.
1934 1347 1965 1413 1,
1988 1345 2062 1413 389,
2087 1341 2182 1402 Siekei

637 1447 710 1519 Res.
733 1449 800 1507 262
821 1446 856 1504 Κ
874 1449 938 1507 108
961 1447 1015 1520 opi.
1039 1446 1136 1506 Beitr.
1159 1465 1187 1506 ν.
1211 1446 1295 1519 Dipt
1324 1446 1391 1505 VII
1414 1448 1533 1507 Wiener
1556 1446 1617 1506 813.
1634 1450 1685 1517 93,
1711 1449 1773 1507 686
1795 1446 1835 1506 N.
1852 1452 1890 1519 1,·
1912 1445 2008 1506 Sicket
2029 1449 2179 1517 εεννιιεᾶἄ,

637 1549 706 1608 dass
731 1550 782 1608 ἄεν
796 1548 893 1609 Numa
915 1567 965 1609 om
987 1550 1116 1623 Sallues,
1147 1568 1203 1610 eoa
1225 1551 1291 1609 ἄενιι
1312 1569 1374 1610 aar
1396 1552 1444 1610 die
1468 1551 1633 1611 Errdsiiben
1655 1551 1760 1610 virtum
1782 1569 1824 1610 aa
1846 1550 2001 1623 entsiffem
2023 1550 2101 1622 sind,
2125 1549 2182 1608 ἄενν

592 1703 596 1710 .
637 1655 672 1711 ia
693 1653 746 1750 ἄεν
772 1653 915 1713 Urkaade
933 1658 1104 1728 pereuntes
1129 1653 1249 1725 (iresca
1273 1655 1401 1715 Autbert
1423 1655 1563 1715 bedeuten
1585 1657 1701 1718 ἄϋνινιᾶε.

637 1862 731 1946 ((1))
756 1857 910 1945 [Carolus
933 1863 1043 1946 gratia
1066 1860 1118 1925 dei
1146 1861 1242 1946 rex]⁸
1263 1862 1468 1927 Francorum
1497 1871 1530 1927 et
1552 1860 1851 1946 Langobardorum
1874 1881 1913 1924 ae
1937 1859 2095 1944 patricius
2118 1858 2180 1923 Ro·

480 1982 512 2031 10
535 1986 707 2030 manorum
732 1964 884 2030 omnibus
907 1964 1061 2031 fidelibus
1084 1968 1205 2032 nostris
1235 1966 1465 2052 praesentibus
1493 1975 1526 2031 et
1554 1965 1683 2029 futuris.
1789 1962 1955 2050 Quicquid
1984 1963 2070 2028 enim
2098 1961 2180 2027 locis

533 2068 777 2134 venerabilibus
801 2068 842 2133 ob
867 2089 1012 2135 amorem
1038 2068 1160 2135 domini
1188 2081 1221 2135 et
1245 2072 1469 2157 oportunitate
1491 2091 1660 2136 servorum
1689 2067 1741 2133 dei
1764 2066 1917 2133 benivola
1945 2065 2181 2132 deliberatione

533 2173 757 2255 concedimus,
788 2173 851 2240 boc
871 2173 971 2239 nobis
995 2173 1039 2239 ad
1062 2183 1230 2240 aeternam
1254 2174 1494 2240 beatitudinem
1516 2173 1569 2239 νε]
1592 2171 1771 2239 remedium
1802 2173 1931 2237 animae
1952 2181 2086 2236 nostrae
2109 2194 2181 2257 per-

533 2279 637 2344 tinere
652 2278 860 2344 confidimus.
889 2277 1145 2365 {Quapropter
1167 2289 1371 2366 compertum
1396 2279 1449 2365 sit]
1475 2281 1620 2344 omnium
1643 2287 1827 2343 vestrorum
1851 2276 2081 2362 magnitudini,
2105 2298 2181 2362 qua·

533 2381 609 2446 liter
633 2380 794 2446 donamus
817 2381 861 2446 ad
884 2382 1121 2447 monasterium
1146 2385 1254 2447 saneti
1278 2381 1447 2463 Germani,
1471 2381 1558 2469 quod
1582 2392 1633 2448 est
1655 2404 1757 2468 prope
1781 2381 1928 2447 Parisios
1951 2381 2085 2446 civitate
2108 2401 2182 2445 con·

479 2494 706 2568 restructum,
730 2483 786 2549 ubi
810 2485 914 2570 ipsius
937 2487 1140 2571 praetiosum
1165 2509 1285 2573 corpus
1309 2488 1450 2574 quiescit
1471 2486 1651 2560 humatum,
1676 2485 1765 2574 quod
1788 2484 1986 2550 venerabilis
2009 2487 2060 2550 vir
2078 2484 2180 2574 ⁴Hrot·

532 2588 647 2654 bertus
670 2588 759 2654 abba
781 2562 815 2653 in
838 2587 997 2674 regimine
1025 2588 1148 2656 babere
1171 2589 1317 2674 videtur,
1352 2591 1575 2677 donatumque
1599 2590 1643 2655 ad
1671 2591 1812 2656 eundem
1839 2599 1989 2655 sanctum
2017 2590 2126 2656 locum
2149 2599 2182 2654 et

532 2694 692 2761 fratribus
716 2693 840 2760 ibidem
860 2695 1055 2781 degentibus
1079 2696 1321 2762 essevolumus
1345 2695 1407 2762 hoc
1425 2706 1475 2762 est
1497 2696 1609 2762 villam
1626 2705 1771 2761 nostram
1795 2703 1984 2781 nuncupate
1999 2693 2181 2760 Madriolas

532 2800 567 2864 in
595 2821 682 2885 pago
705 2797 943 2864 Meledunense
973 2821 1073 2885 super
1093 2798 1242 2884 flulvium
1267 2798 1444 2887 Sequanal
1467 2823 1542 2866 cum
1567 2797 1665 2884 omni]
1689 2799 1878 2885 integritate
1902 2822 1962 2865 sua
1986 2799 2029 2864 ad
2053 2822 2087 2865 se
2110 2821 2180 2886 per·

532 2905 656 2968 tinente
671 2902 724 2968 νε]
741 2904 932 2988 aspiciente,
957 2905 1053 2969 sicuti
1069 2927 1090 2968 a
1105 2903 1204 2989 longo
1221 2915 1368 2991 tempore
1391 2915 1424 2970 et
1439 2928 1527 2970 nune
1541 2905 1649 2970 iustae
1665 2914 1697 2970 et
1716 2902 1960 2968 rationabiliter
1983 2900 2025 2967 ad
2041 2902 2179 2968 eandem

477 3021 510 3070 νο
533 3006 639 3070 visum
663 3015 714 3071 est
737 3008 936 3092 pertinuisse
958 3006 1011 3071 vel
1036 3009 1122 3072 sicut
1144 3008 1303 3074 moderno
1327 3019 1475 3095 tempore
1492 3007 1675 3073 Autbcrtus
1698 3029 1809 3072 comes
1832 3029 1892 3092 per
1913 3015 2063 3072 nostrum
2084 3006 2180 3071 bene·

532 3110 642 3175 ficium
665 3120 775 3175 tenere
798 3111 944 3193 videtur,
978 3111 1013 3176 id
1036 3120 1087 3176 est
1109 3121 1179 3176 tam
1201 3114 1295 3177 terris
1319 3111 1470 3178 domibus
1488 3111 1648 3177 aedificiis
1677 3110 1856 3176 accolabus
1879 3111 2054 3196 mancipiis
2077 3112 2180 3177 vineis

533 3213 625 3279 silvis
648 3215 775 3300 campis
799 3216 904 3302 pratis
928 3215 1064 3301 pascuis
1081 3218 1178 3302 aquis
1201 3238 1405 3302 aquarumve
1422 3214 1614 3281 decursibus
1638 3215 1816 3281 mobilibus
1834 3223 1867 3280 ct
1889 3214 2111 3281 immobilibus
2131 3215 2181 3300 <et

532 3328 673 3405 portum,
698 3318 786 3406 quod
802 3330 853 3384 est
867 3321 952 3385 inter
967 3341 1091 3406 pagum
1106 3318 1306 3385 Senonicum
1323 3331 1355 3385 et
1370 3319 1670 3404 [Meledunensem⁰
1685 3319 1741 3404 ab]
1765 3318 1914 3386 Celsiaco
1938 3318 2018 3384 villa
2040 3321 2180 3405 praefati

533 3425 637 3487 sancti
655 3421 814 3489 Germani
830 3446 935 3510 usque
950 3423 1220 3490 monasteriolum
1236 3426 1342 3489 sancti
1358 3423 1510 3489 Mauricii
1527 3447 1569 3488 ex
1590 3433 1728 3510 utraque
1744 3424 1815 3509 ripa
1838 3423 1980 3488 fluminis
1996 3423 2179 3509 Sequanae,

476 3545 510 3592 aa
533 3530 769 3615 cuiuscumque
792 3530 835 3594 sit
858 3539 955 3612 terra,
979 3531 1026 3593 ita
1048 3538 1085 3595 ut
1101 3529 1210 3594 nuilus
1233 3529 1312 3595 inibi
1329 3527 1483 3616 portum‘¹
1505 3527 1628 3594 babere
1652 3529 1714 3593 nisi
1738 3527 1910 3594 iamdicta
1931 3537 2080 3613 potestas
2102 3526 2179 3592 almi

533 3631 692 3698 Germani
721 3656 827 3720 neque
857 3633 1022 3699 teloneum
1052 3645 1111 3699 aut
1138 3635 1315 3700 rotaticum
1338 3657 1396 3699 seu
1425 3633 1618 3698 vultaticum
1647 3634 1897 3720 cespitaticum·
1925 3633 2098 3720 ripaticum
2128 3632 2181 3698 vel

534 3737 741 3802 salutaticum
766 3739 921 3823 cuiquam
937 3740 1087 3824 accipere
1109 3737 1226 3818 liceat3
1250 3749 1430 3803 mercatum
1448 3737 1596 3825 quoque>
1623 3735 1814 3825 omniaque¹
1835 3761 1879 3804 ex
1903 3737 2064 3820 omnibus,
2089 3739 2178 3823 quic-

533 3841 611 3927 quid
634 3840 697 3905 dici
715 3851 773 3906 aut
796 3843 960 3906 nominari
977 3851 1097 3928 potest,
1121 3841 1165 3906 ad
1180 3842 1344 3927 integrum
1367 3841 1533 3927 adipsum
1557 3842 1717 3928 [sanctum
1733 3841 1875 3926 locum]⁸
1897 3843 2032 3929 eiusque
2051 3841 2179 3926 [rect]o·

531 3945 622 4011 ribus
646 3969 686 4011 ac
710 3944 880 4011 monachis
903 3969 923 4011 a
947 3947 999 4011 die
1022 3955 1196 4032 praesente
1221 3945 1381 4012 tradimus
1405 3947 1640 4032 perpetualiter
1662 3948 1706 4013 ad
1728 3946 1974 4035 possidendum.
2004 3947 2180 4032 Propterea

477 4051 618 4117 eobano
641 4052 909 4137 praeceptionem
932 4051 1140 4116 auctoritatis
1163 4060 1298 4115 nostrae
1324 4050 1533 4116 conscribere
1556 4053 1721 4134 iussimus,
1752 4075 1808 4138 per
1832 4073 1931 4137 quam
1960 4053 2090 4115 omnino
2114 4059 2179 4114 sta·

531 4165 661 4220 tuentes
685 4155 903 4237 decernimus,
927 4155 1016 4242 quod
1039 4151 1178 4239 cir[ca]¹²
1200 4157 1307 4240 ipsum
1332 4154 1489 4219 abbatem
1512 4155 1563 4221 vel
1587 4165 1732 4221 rectores
1755 4157 1858 4241 ipsius
1881 4154 2041 4220 ecclesiae
2064 4176 2180 4240 perpe·

530 4257 664 4323 tualiter
686 4258 838 4323 volumus
870 4282 943 4324 esse
965 4280 1172 4341 mansurum,
1207 4269 1244 4324 ut
1266 4257 1375 4323 nullus
1405 4258 1560 4344 quislibet
1589 4259 1629 4324 dc
1657 4259 1830 4325 iudiciaria
1859 4268 2024 4345 potestate
2052 4268 2110 4322 aut
2139 4258 2180 4323 de

530 4372 624 4450 parte
647 4364 719 4429 fisci
736 4365 840 4429 nostri
857 4374 916 4428 aut
940 4362 1190 4450 qualiscumque
1209 4362 1376 4448 [persona]
1400 4364 1441 4429 de
1457 4365 1630 4449 praedicta
1652 4363 1732 4429 villa
1748 4363 1929 4428 Madriolas
1952 4363 2004 4428 vel
2024 4362 2180 4449 quicquid

530 4469 573 4533 ad
597 4491 670 4534 eam
693 4470 815 4554 aspicit
838 4470 946 4555 ipsum
969 4467 1125 4534 abbatem
1147 4467 1198 4532 vel
1227 4466 1407 4532 monachos
1429 4470 1464 4532 in
1493 4467 1609 4534 eodem
1637 4466 1856 4534 monasterio¹
1883 4469 2102 4533 consistentes
2131 4468 2178 4531 in·

477 4591 511 4637 35
535 4573 683 4658 quietare
706 4572 758 4637 vel
782 4583 897 4638 contra
919 4574 1057 4638 rationis
1081 4573 1227 4638 ordinem
1250 4582 1309 4636 aut
1331 4569 1554 4637 calumniam¹⁵
1576 4596 1734 4658 generare
1756 4573 1867 4638 facere
1889 4595 1955 4638 non
1977 4581 2178 4658 presumant,

532 4677 592 4741 sed
606 4676 650 4741 ab
672 4677 832 4742 hodierna
856 4678 909 4743 die
926 4687 1055 4742 actores
1078 4676 1183 4762 ipsius
1199 4673 1406 4741 monasterii¹
1429 4698 1503 4740 eam
1519 4676 1673 4759 habeant,
1697 4687 1831 4742 teneant
1853 4687 1953 4763 atque
1976 4676 2178 4762 possideant,

531 4792 694 4868 quatenus
709 4782 826 4848 meiius
850 4782 991 4848 delectet
1013 4785 1078 4847 iam
1102 4782 1224 4847 dictum
1248 4781 1403 4847 abbatem
1426 4781 1478 4846 νε]
1495 4783 1587 4866 ipsos
1610 4780 1790 4846 monachos
1813 4803 1872 4867 pro
1891 4780 1986 4846 nobis
2009 4802 2179 4865 uxoreque

532 4896 675 4952 nostra¹1¹
703 4897 736 4952 et
766 4887 844 4952 filiis
867 4910 928 4952 nec
954 4910 1020 4952 non
1044 4908 1103 4974 pro
1127 4886 1309 4951 stabilitate
1331 4888 1423 4972 regni
1451 4889 1555 4952 nostri
1586 4887 1709 4952 domini
1737 4886 1994 4951 misericordiam
2022 4887 2178 4950 attentius

533 4991 717 5077 deprecari.
763 4989 808 5055 Et
835 5000 872 5055 ut
894 4991 976 5055 haec
1004 4993 1185 5057 auctoritas
1207 4993 1334 5057 firmior
1362 4990 1524 5057 habeatnr
1547 4991 1598 5056 vel
1627 4993 1805 5058 nostriset
1833 4993 1951 5056 futuris
1974 4990 2178 5076 temporibus

475 5111 509 5158 40
532 5094 649 5159 melius
664 5105 889 5176 conservetur,
913 5118 1013 5160 manu
1026 5097 1162 5185 propria
1185 5095 1298 5161 subter
1314 5119 1386 5161 cam
1410 5097 1614 5161 decrevimus
1630 5096 1809 5162 roborare¹¹
1832 5106 1864 5160 et
1887 5096 1928 5161 de
1950 5095 2050 5160 anulo
2067 5105 2178 5160 nostro

531 5201 687 5264 iussimus
715 5199 864 5285 sigillari.

633 5359 647 5440 l,
670 5358 807 5440 Signum
831 5362 896 5434 (Μ.)
922 5356 1032 5423 Caroli
1054 5356 1284 5443 gloriosissimi
1306 5359 1404 5442 regis.
1428 5355 1442 5444 Ξ

607 5580 666 5635 lte
685 5581 712 5641 ε)
729 5580 783 5634 due
802 5579 1054 5648 Einpeklummerte
1080 5581 1140 5633 bier
1158 5580 1219 5633 ared
1246 5596 1285 5632 aa
1304 5579 1358 5632 dea
1380 5579 1531 5650 solqeadea
1551 5579 1653 5633 Steliea
1679 5580 1769 5634 darcb
1787 5579 1908 5634 Flectere
1933 5580 1990 5644 ares
2010 5580 2060 5633 ἄεν
2084 5580 2178 5633 lieston

686 5650 760 5703 Seite
779 5649 827 5703 ἄεε
846 5651 1027 5719 Perpameats
1045 5650 1122 5702 ειᾶιν
1140 5650 1208 5703 oder
1226 5648 1336 5702 mierdcr
1354 5649 1523 5702 ualeserlicb
1604 5652 1632 5714 b)
1649 5649 1791 5702 tereretiieb
1809 5650 1879 5702 rrocb
1898 5650 1944 5702 die
1963 5650 2142 5702 Buebatabea
2161 5669 2177 5717 q

474 5718 508 5767 46
684 5719 747 5773 used
765 5737 782 5771 a
868 5720 894 5786 c)
910 5719 981 5772 aocb
998 5719 1124 5772 siclrtbar
1143 5738 1177 5779 m,
1195 5719 1263 5771 zuei
1283 5717 1464 5782 Obersebiifte
1482 5718 1543 5772 νενιᾶ
1562 5718 1607 5771 die
1626 5717 1724 5770 beiden
1743 5737 1760 5768 n
1865 5721 1892 5784 d)
1909 5719 1982 5772 erucis
2000 5728 2106 5786 portum
2125 5736 2178 5771 vore

684 5790 761 5843 είνιεν
779 5788 871 5842 Ηανεᾶ
890 5788 938 5841 des
958 5793 1077 5841 10.-11.
1095 5789 1142 5842 Ab.
1163 5788 1229 5840 iiber
1247 5788 1298 5840 der
1315 5788 1391 5840 Zeita
1408 5789 1508 5855 uiaque
1527 5789 1577 5840 mit
1596 5787 1841 5856 Ks‘e'rsuapsstricle
1861 5787 1950 5841 durch
1969 5788 1978 5839 l
2075 5789 2101 5855 e)
2118 5805 2177 5854 cep-

683 5859 855 5911 statitinrnA
950 5857 1166 5923 Oformeirucbt
1185 5861 1275 5909 omnia
1292 5865 1320 5909 et
1338 5874 1370 5908 ex
1389 5860 1514 5908 omnibns
1534 5857 1584 5922 opi.
1604 5869 1636 5908 rev
1652 5859 1702 5910 116
1802 5858 1830 5923 g)
1846 5857 1916 5909 erocb
1935 5857 2075 5910 ἄενινιεὶιέὴ
2094 5875 2108 5908 ε
2127 5859 2178 5910 mit

684 5927 957 5996 Kerameqssea'cbere,
979 5927 1039 5980 eine
1060 5928 1211 5995 Oberlrinpc
1229 5926 1290 5979 ared
1308 5944 1353 5977 um
1441 5928 1469 5992 h)
1491 5925 1564 5979 Locis
1582 5926 1620 5978 im
1642 5927 1806 5994 Perpumeut
1893 5927 1913 5992 i)
1931 5931 2056 5978 mosterio
2077 5929 2102 5978 A

684 5998 713 6061 k)
731 6015 746 6048 c
764 6013 835 6050 corr.
854 6005 939 6049 aust
1025 5998 1045 6062 l)
1062 6000 1182 6048 mosterii
1200 5997 1227 6049 A
1314 5999 1351 6063 m)
1368 6003 1460 6048 nostre
1479 5997 1504 6049 A
1583 5996 1611 6060 ιι)
1630 5995 1758 6048 durreocb
1776 5997 1943 6046 decrevimus
1963 5996 2053 6048 ἄιινεΙι
2075 5997 2175 6050 Uretur·

475 6066 508 6115 [ιθ
685 6065 824 6120 atreicbeee
840 6065 947 6136 petilpt.

584 6169 823 6221 Kaiserurkunden
844 6170 866 6219 1.
1979 6169 2012 6218 ‘2⁷
