5642 7159
1083 764 1205 825 KARIr
1227 764 1317 824 DER
1339 763 1506 826 GBOSSE
1531 759 1605 825 794.
2103 759 2166 824 237

621 947 709 1008 Gaas
730 967 785 1009 con
808 949 983 1008 Ενεαειιαῖᾶ
1001 952 1199 1024 ρεεειινιειεη,
1228 951 1284 1012 dae
1306 950 1497 1012 Eecbctolcoli
1517 952 1573 1010 mit
1595 950 1742 1010 tldsserer
1766 951 1863 1009 Tiate.
1908 950 1975 1010 Das
1999 949 2095 1024 Siccel
2117 968 2168 1011 cm

618 1053 727 1113 Βαπᾶε
750 1053 925 1127 ιεεειᾶἄιει.
948 1054 1008 1113 Die
1030 1072 1209 1130 aapeacaca
1230 1055 1294 1115 aad
1316 1057 1371 1115 ruit
1393 1054 1577 1115 Salmorleela
1596 1058 1768 1129 paraneten
1796 1055 1977 1114 tironisclsca
1999 1054 2097 1115 Notca
2121 1072 2165 1115 cr·

617 1158 766 1216 sclrwerea
788 1159 853 1217 ciue
872 1158 987 1217 sichero
1009 1159 1149 1233 Lesuram
1171 1162 1237 1219 eine
1258 1160 1461 1220 abueiclreade
1476 1158 1654 1233 Aasloscnp
1677 1159 1722 1218 bei
1744 1158 1840 1219 Siclrel
1868 1158 1931 1219 UL.
1949 1161 1990 1219 80
2013 1158 2054 1219 N.
2071 1163 2102 1221 2.
2127 1193 2167 1203 -

617 1259 669 1318 Aa
700 1262 774 1319 arrei
803 1260 929 1322 sreuen:
973 1263 1022 1322 ubi
1045 1265 1334 1324 est-monachorum
1363 1264 1428 1323 aad
1456 1267 1487 1324 ut
1510 1261 1775 1324 rector-coenobii
1806 1279 1862 1321 corr
1888 1264 1971 1322 einer
1993 1262 2087 1322 Haud
2115 1261 2167 1323 dee

618 1369 671 1425 11.
696 1364 749 1426 Jlr.
773 1365 954 1438 interpolat,
978 1384 1032 1426 am
1054 1368 1097 1425 im
1122 1368 1385 1442 Zueummenlrauy
1408 1369 1463 1426 mit
1486 1367 1617 1427 anderen
1640 1367 1851 1441 Felsclruncea
1878 1367 1927 1426 ἄιε
1949 1366 2166 1442 Abbaapipleeit

618 1468 669 1527 des
692 1468 826 1529 Klosters
848 1487 914 1528 com
936 1470 1066 1542 Bieclrof
1083 1489 1139 1531 coa
1154 1472 1348 1546 Recessim
1369 1488 1602 1545 cusaumeraem·
1634 1489 1677 1530 ca
1699 1471 1752 1531 ἄεν
1774 1476 1871 1531 cretea
1886 1470 1975 1532 Stella
1998 1468 2103 1543 ἄᾶηιε
2117 1470 2166 1531 ubi

622 1572 803 1634 adaluuinus
818 1574 969 1651 episcopus
986 1579 1080 1637 rector
1094 1593 1225 1652 pracesse
1241 1576 1364 1649 ridetur,
1387 1594 1428 1635 aa
1444 1576 1495 1635 der
1510 1577 1631 1636 awriten
1647 1575 1736 1637 Stella
1750 1578 1783 1635 ut
1797 1577 1970 1636 memoratus
1986 1575 2166 1635 Adalnuinus

617 1677 769 1753 spiscopus
797 1677 891 1737 durch
912 1679 1019 1738 Rcsar
1044 1680 1147 1753 petilpt
1169 1681 1250 1753 ecim-
1288 1679 1336 1738 ἄιε
1363 1679 1589 1754 Verwncclrtuap
1610 1681 1698 1739 sulcet
1721 1680 1961 1740 waleracher'rrlr'cb
1982 1697 2037 1739 roa
2064 1677 2168 1739 Otlrlolr

617 1781 670 1839 lrcr
692 1780 760 1859 (cpi.
783 1781 918 1841 Lechaer
938 1784 981 1840 im
1003 1782 1110 1843 Neaera
1130 1783 1242 1842 Archiv
1263 1785 1316 1854 25,
1341 1783 1427 1858 627),
1457 1801 1541 1843 werra
1563 1785 1626 1844 εισι
1648 1784 1725 1843 aucis
1746 1783 1840 1843 durclr
1862 1783 1919 1842 olen
1946 1783 2093 1857 Vcryleielr
2116 1782 2168 1840 der

500 1952 504 1957 g
617 1883 811 1958 Aulocraplrc
830 1885 950 1945 Othlolrs
973 1885 1086 1965 (Arndt
1103 1886 1355 1959 Schrifttcfclal,
1379 1893 1431 1961 19,
1457 1886 1584 1949 Obroaet
1607 1887 1787 1947 Deukmltler
1808 1888 1862 1947 der
1877 1887 2087 1948 Sebreiblraast
2103 1884 2165 1956 111,

618 1993 648 2060 7,
672 1988 705 2067 8)
727 1993 782 2049 mit
805 1991 862 2050 dea
883 1993 1092 2066 interpolirtea
1115 1992 1236 2066 Stellen,
1266 1992 1368 2052 welche
1391 1993 1440 2052 ἄιε
1461 1993 1521 2052 alte
1543 1991 1774 2066 Diplomsclrrr'st
1796 1994 2020 2053 mchcuulrmea
2040 1992 2165 2061 straten,

617 2095 666 2153 eia
687 2095 813 2154 aleberes
829 2097 977 2169 Ercebnis
999 2098 1081 2156 aicit
1101 2099 1257 2170 cercinum
1279 2096 1362 2155 illast.
1385 2097 1447 2155 Die
1461 2096 1716 2170 Interpolotiorccrr
1739 2098 1814 2156 cuch
1837 2099 1870 2157 ia
1885 2099 1915 2157 B
1936 2097 2001 2157 aad
2022 2097 2111 2156 aclroa
2133 2097 2167 2154 ia

618 2197 671 2256 der
692 2197 748 2257 woi
769 2198 914 2270 etaetatis
935 2217 992 2258 voa
1009 2199 1113 2259 Otlrlolr
1132 2199 1312 2274 pefectictea
1327 2199 1500 2272 Fouetronq
1514 2200 1710 2260 Malibacber
1723 2201 1795 2274 Rea.
1812 2203 1878 2261 352
1893 2199 1982 2279 (343)
2006 2203 2165 2260 εενιεενιει.

619 2387 676 2464 (G.)
704 2382 718 2464 ξ
742 2384 882 2450 Carolus
904 2389 1013 2472 gratia
1035 2387 1088 2452 dei
1110 2411 1171 2454 rex
1193 2389 1398 2454 Francorum
1424 2397 1457 2453 et
1479 2387 1780 2474 Langobardorum
1802 2413 1842 2456 ac
1864 2389 2025 2478 patricius
2048 2390 2165 2455 Roma-

460 2502 492 2552 ιι
514 2509 640 2554 norum.
747 2490 912 2576 Quicquid
941 2492 1027 2557 enim
1051 2491 1099 2557 ¹ob
1128 2513 1274 2558 amorem
1306 2492 1358 2558 dei
1386 2492 1471 2557 locis
1506 2502 1696 2560 sanctorum
1726 2493 1977 2578 veneraibilium
2011 2492 2165 2559 benivola

513 2592 750 2661 deliberatione
773 2595 920 2661 cedimus
936 2596 988 2662 vel
1004 2597 1242 2680 condonamus,
1265 2597 1330 2662 hoc
1347 2596 1443 2662 nobis
1459 2596 1503 2662 ad
1518 2598 1703 2663 mercedem
1719 2599 1849 2663 animae
1865 2619 1925 2662 sen
1947 2596 2163 2663 stabilitatem

513 2698 604 2782 regni
620 2700 724 2763 nostri
747 2699 911 2786 pertinere
928 2701 1116 2796 credimus,
1135 2702 1242 2786 Igitur
1256 2710 1371 2767 notum
1395 2701 1439 2767 sit
1454 2701 1607 2766 omnibus
1622 2701 1775 2768 fidelibus
1792 2703 1915 2767 nostris
1931 2701 2163 2789 praesentibus

514 2800 641 2867 scilicet
663 2812 697 2868 et
723 2803 853 2888 futuris,
883 2805 1024 2892 qualiter
1053 2827 1114 2870 nos
1142 2816 1277 2892 propter
1303 2827 1423 2870 nomen
1454 2805 1578 2871 domini
1607 2815 1640 2870 et
1668 2815 1835 2871 aeternam
1866 2806 2165 2872 remunerationem

514 2926 574 2970 seu
596 2928 655 2993 pro
687 2910 910 2993 oportunitate
934 2931 1103 2975 servorum
1128 2909 1180 2975 dei
1204 2909 1415 2994 do[n]amus⁸
1437 2908 1483 2974 ad
1505 2909 1690 2992 ecclesiam,
1727 2918 1886 2996 quaeest
1915 2920 2109 2976 constructa
2131 2910 2165 2975 in

457 3024 492 3074 ao
513 3007 638 3075 honore
660 3009 782 3077 domini
806 3015 911 3078 nostri
934 3013 1011 3078 Iesu
1032 3011 1154 3078 Christi
1177 3022 1210 3078 et
1233 3015 1339 3080 sancti
1362 3014 1609 3080 Hemmeramni
1633 3014 1799 3100 pontificis
1829 3037 1869 3080 ao
1895 3016 2050 3100 martyris
2072 3015 2166 3079 iuxta

512 3135 624 3179 muros
654 3117 799 3182 civitatis
829 3127 962 3184 nostrae
987 3114 1382 3203 Reganisburgensiuml,
1418 3139 1482 3204 quo
1512 3117 1699 3205 preciosum
1731 3119 1801 3183 eius
1835 3118 2013 3204 requiescit
2034 3139 2165 3204 corpus,

517 3213 590 3301 (ubi
613 3225 663 3283 est
685 3219 924 3308 oong[regat]io
948 3220 1104 3307 s[an]ct[a
1127 3219 1387 3304 mona]chornm,
1410 3219 1677 3308 do>natumque⁹
1697 3221 1731 3287 in
1753 3232 1947 3309 perpetuum
1965 3221 2164 3288 adeundam

513 3331 665 3388 sanctum
687 3322 795 3391 locum
821 3347 894 3391 osse
917 3325 1080 3409 volumus,
1109 3325 1144 3391 id
1166 3334 1217 3391 est
1239 3347 1260 3390 a
1282 3335 1377 3412 parte
1406 3324 1589 3391 meridiana
1611 3325 1714 3411 ipsius
1741 3327 1933 3390 monasterii
1961 3334 2048 3391 terra
2071 3324 2163 3390 culta

451 3509 457 3518 .
512 3432 545 3489 et
567 3426 693 3493 inculta
715 3428 830 3515 iugera
853 3429 996 3495 ducenta
1020 3430 1220 3515 sexuaginta
1242 3437 1275 3493 et
1298 3450 1359 3494 sex
1382 3437 1415 3493 et
1438 3428 1480 3494 de
1501 3436 1598 3515 prata
1621 3430 1654 3493 in
1679 3437 1784 3493 totum
1803 3429 1899 3494 iuxta
1922 3428 2046 3494 fontem
2069 3431 2163 3493 cuius

457 3542 491 3593 ao
513 3530 712 3598 vocabulum
735 3543 787 3598 est
809 3533 979 3617 Uinarias,
1002 3533 1058 3599 ubi
1082 3541 1192 3620 potest
1215 3531 1370 3618 colligere
1392 3533 1506 3598 fenum
1528 3533 1686 3599 carradas
1717 3533 1957 3620 quinquaginta
1980 3541 2075 3610 octo;
2113 3541 2166 3598 est

513 3642 624 3699 autem
648 3638 800 3722 spacium
829 3636 1045 3723 longitudinis
1076 3637 1116 3702 de
1141 3633 1243 3724 seped
1271 3637 1342 3721 giro
1371 3635 1476 3722 ipsius
1506 3636 1699 3701 monasterii
1723 3636 1834 3722 posita
1862 3658 1966 3722 usque
1989 3636 2164 3722 adipsum

513 3736 637 3803 sontem
664 3740 809 3825 perticas
839 3739 943 3807 decim
973 3741 1076 3828 pedae
1107 3743 1377 3828 quatringentas⁸
1405 3739 1579 3806 duodecim
1614 3748 1646 3805 ει
1676 3739 1716 3806 de
1745 3741 1818 3825 ipso
1853 3739 1943 3805 fonte
1975 3761 2104 3805 sursum
2131 3740 2165 3804 in

513 3850 623 3907 monte
646 3844 790 3928 perticas
813 3854 947 3911 centum
971 3844 1193 3932 quadraginta
1215 3855 1249 3910 et
1272 3854 1400 3931 septem
1424 3854 1457 3910 et
1481 3867 1580 3931 supra
1603 3845 1676 3930 ipso
1700 3845 1791 3909 sonte
1809 3842 1910 3910 habet
1933 3845 1965 3908 in
1988 3843 2164 3910 latitudine

514 3941 632 4010 devia
655 3946 791 4033 publica
813 3972 918 4036 usque
941 3950 985 4015 ad
1008 3950 1109 4014 aliam
1133 3948 1300 4036 publicam
1331 3949 1474 4033 perticas
1497 3958 1628 4014 centum
1660 3948 1899 4035 quinquaginta
1928 3950 2015 4014 etin
2038 3945 2167 4015 medio‘

458 4063 492 4114 30
514 4050 628 4134 spacio
652 4050 693 4116 de
716 4053 789 4137 ipsa
810 4055 866 4118 via
888 4053 1023 4140 publica
1046 4076 1151 4140 usque
1174 4053 1216 4118 ad
1241 4052 1342 4118 aliam
1357 4053 1447 4117 viam
1469 4054 1599 4118 noviter
1621 4053 1743 4117 factam
1760 4053 1903 4138 perticas
1927 4062 2059 4118 centum
2084 4074 2164 4139 qna·

514 4151 677 4238 draginta,
701 4156 816 4223 iuxta⁸
840 4180 952 4244 sepem
975 4180 1051 4224 vero
1075 4158 1277 4241 monasterii,
1301 4157 1358 4222 ubi
1381 4156 1579 4221 latissimum
1603 4166 1664 4239 eet,
1688 4155 2004 4241 perticasduoentas
2027 4166 2164 4243 septem.

513 4255 586 4322 Hec
610 4268 719 4324 autem
744 4263 854 4327 omnia
877 4264 1026 4348 superius
1050 4261 1300 4350 conpraehensa
1328 4270 1361 4327 et
1376 4260 1559 4346 'designata
1582 4260 1676 4326 salva
1697 4261 1826 4327 iustitia
1853 4270 2037 4326 ceterarum
2061 4261 2164 4327 ecclc·

427 4389 431 4393 ’
514 4361 635 4426 siarum
660 4362 722 4444 dei,
751 4367 847 4431 sicuti
871 4377 985 4432 nostra
1008 4367 1140 4433 videtur
1163 4390 1237 4433 esse
1259 4369 1427 4454 possessio
1450 4366 1503 4432 vel
1527 4366 1719 4449 dominatio,
1749 4364 1793 4431 ad
1815 4366 1881 4430 iam
1905 4366 2028 4432 dictam
2050 4387 2163 4431 casam

514 4461 565 4527 dei
590 4486 650 4550 pro
673 4467 786 4533 futura
810 4469 918 4536 saluta
942 4471 1070 4557 plenius
1093 4473 1303 4538 concessisse
1326 4481 1359 4537 et
1381 4473 1415 4535 in
1432 4470 1584 4536 omnibus
1607 4472 1821 4536 confirmasse
1837 4471 2039 4555 cognoscite.
2066 4470 2163 4535 Prae·

458 4580 491 4631 oo
514 4568 673 4654 cipientes
697 4595 775 4658 ergo
792 4574 953 4660 iubemus,
982 4576 1035 4663 (ut
1050 4585 1158 4643 rector
1181 4586 1214 4642 et
1237 4575 1371 4661 abbla]s
1388 4573 1536 4641 eiusdem
1559 4570 1782 4659 c[o]enobii)¹¹
1805 4575 1921 4660 suique
1944 4594 2163 4656 successores,

515 4673 571 4758 qui
593 4675 714 4740 fuerint
735 4687 881 4745 rectores
910 4680 1067 4745 antedicti
1091 4681 1283 4747 monasterii
1316 4681 1423 4744 sancti
1448 4679 1705 4760 Hemmeramni,
1740 4676 1792 4742 vel
1814 4676 1968 4742 monachi
1998 4676 2078 4742 inibi
2102 4675 2162 4742 sub

516 4785 631 4842 sancto
656 4780 772 4847 ordine
795 4785 1016 4849 consistentes
1040 4783 1265 4870 suprascribta
1288 4793 1376 4848 terra
1404 4791 1438 4848 et
1460 4790 1556 4868 prata
1577 4802 1638 4866 per
1659 4780 1735 4845 loca
1763 4788 1796 4845 et
1817 4779 1960 4844 confinia
1988 4779 2164 4864 designata

516 4879 672 4971 deinceps
695 4909 755 4972 per
777 4887 864 4953 hanc
887 4897 1035 4955 nostram
1051 4888 1283 4953 auctoritatem
1307 4897 1406 4973 atque
1423 4885 1704 4950 confirmationem
1728 4883 1880 4969 perennis
1896 4882 2101 4969 temporibus
2121 4883 2164 4948 ad

513 4996 641 5070 partem
665 5011 766 5077 saepo
796 4992 904 5057 dictae
932 4992 1096 5058 ecclesiae
1126 5000 1259 5057 teneant
1288 4999 1388 5076 atque
1418 4987 1623 5075 possideant,
1657 4989 1705 5052 ita
1734 4996 1771 5051 ut
1793 4985 1925 5051 Christo
1958 4987 2106 5073 propicio
2130 4987 2164 5052 in

458 5103 493 5152 40
514 5090 709 5160 aelimosina
736 5094 865 5161 nostra¹
893 5095 1067 5182 adipeam
1096 5117 1209 5161 casam
1234 5094 1285 5160 dei
1316 5092 1551 5180 perpetualiter
1578 5092 1730 5179 proficiat
1752 5093 1787 5155 in
1815 5092 2013 5175 augmentis.
2059 5089 2104 5154 Et
2126 5099 2163 5155 ut

515 5195 576 5261 hec
597 5201 780 5264 auctoritas
802 5200 927 5265 firmior
942 5199 1103 5266 habeatur
1126 5209 1160 5266 et
1182 5199 1348 5264 diuturnis
1365 5197 1571 5284 temporibus
1595 5195 1728 5261 domino
1746 5193 1929 5260 auxiliante
1952 5193 2069 5260 melius
2085 5214 2161 5259 con·

515 5311 672 5386 servetur,
695 5326 795 5370 manu
818 5306 952 5393 propria
974 5305 1089 5371 subter
1111 5304 1311 5370 firmavimus
1336 5311 1368 5368 et
1391 5302 1432 5368 de
1456 5302 1554 5367 anulo
1579 5309 1694 5365 nostro
1720 5297 1880 5385 siggillari
1903 5298 2069 5363 iussimus.

616 5440 791 5528 iffignum
814 5444 904 5527 (bili.)
928 5442 1037 5509 Caroli
1060 5438 1314 5528 gloriosissimi¹
1336 5442 1434 5526 regis.
1458 5442 1471 5524 Ξ

593 5649 653 5705 170.
672 5651 699 5717 a)
715 5650 812 5706 Lacte
830 5651 869 5704 im
887 5651 1055 5721 Perpanmrt
1159 5652 1187 5717 b)
1205 5649 1259 5703 dae
1277 5649 1357 5703 letata
1374 5665 1392 5700 n
1411 5663 1463 5700 urs
1484 5645 1614 5716 rdrcpliclr
1632 5661 1667 5698 au
1687 5663 1713 5696 nr
1740 5641 1930 5696 υεεεειινιειεει
1947 5640 2009 5695 aad
2027 5655 2081 5695 aaa
2100 5639 2161 5694 dara

458 5707 493 5758 4⁵
671 5719 771 5774 letatea
784 5720 884 5787 Sallust
903 5720 956 5775 dae
975 5739 988 5772 s
1005 5720 1124 5790 pabildet
1194 5723 1219 5784 c)
1236 5719 1354 5772 ubi-do
1371 5733 1425 5771 oon
1469 5717 1527 5770 aud
1547 5715 1595 5769 dea
1614 5719 1655 5768 11.
1670 5713 1715 5768 ιι.
1735 5712 1793 5779 aas
1802 5711 1902 5766 Roeur
1919 5709 2082 5779 interpolirt
2100 5709 2161 5763 aad

668 5788 758 5843 kleirse
776 5790 884 5844 Laena
902 5791 934 5843 in
952 5790 999 5844 ἄιε
1017 5791 1093 5844 Zeila
1108 5788 1284 5860 pescbnitteu
1365 5788 1393 5856 d)
1411 5802 1482 5840 corr.
1502 5801 1555 5839 aaa
1575 5801 1654 5851 saepe
1673 5781 1764 5836 durch
1782 5782 1882 5836 Roeur
1901 5779 1984 5834 desa
2066 5781 2092 5844 ε)
2101 5794 2162 5862 κειιιι

669 5857 812 5913 dereelbea
830 5859 921 5913 Haud
939 5874 1011 5913 corr.
1031 5874 1086 5914 aaa
1104 5861 1313 5927 quadringentas
1418 5857 1533 5924 onrado
1552 5857 1579 5908 A
1671 5855 1699 5920 g)
1716 5870 1734 5904 x
1751 5867 1806 5907 con
1825 5849 1966 5904 deraelbea
1985 5847 2077 5902 Ηαιιᾶ
2094 5848 2162 5901 uber

669 5927 720 5981 der
738 5928 813 5982 Ζειιε
829 5927 1037 5998 nucupatrcpca
1118 5930 1147 5996 h)
1164 5928 1344 5981 ut-coenobi
1362 5941 1417 5980 oon
1435 5925 1486 5978 der
1484 5924 1626 6048 {latebra
1645 5921 1743 5987 Hand,
1763 5920 1862 5974 welche
1881 5918 1927 5972 ἄιε
1944 5917 2060 5984 trabere
2078 5916 2163 5970 Stella

670 5997 745 6051 inter
766 5997 856 6059 οιινιε,
875 5998 932 6063 aas
946 5998 1055 6066 Rosur,
1073 5998 1146 6052 auen
1163 5997 1224 6051 bier
1241 5996 1351 6051 Locber
1369 5996 1401 6049 in
1420 5993 1466 6048 ἄιε
1528 5993 1559 6048 ἰε
1576 5991 1751 6063 εεεειιιιιιιειι
1839 5990 1860 6057 i)
1877 6003 1949 6042 corr.
1968 6001 2022 6040 aas
2042 5993 2162 6038 nostram

459 6069 494 6117 to
671 6015 765 6120 darei
780 6067 879 6120 Rcaur
897 6066 946 6121 ἄεε
965 6085 990 6119 m
1095 6069 1126 6135 k)
1143 6068 1291 6135 glorissimi
1309 6069 1346 6120 A.
