5642 7159
1072 691 1190 753 nnat
1217 692 1305 753 ΗΕΒ
1326 692 1493 754 GBOSSE
1516 726 1567 756 -.
2082 691 2147 758 435

607 898 677 956 rege
698 881 823 960 Pippino
846 899 881 942 ea
902 884 986 942 nocte
1008 882 1120 957 concipi
1143 881 1290 944 debuisset
1311 900 1390 958 puer,
1415 883 1579 958 quitotius
1601 884 1684 960 regni
1703 886 1897 946 monarchiam
1919 902 2104 961 possessurus
2119 889 2148 946 et

608 1002 707 1046 omnes
729 1003 862 1046 erroneos
885 989 921 1046 ab
943 985 1064 1046 ecclesia
1085 988 1162 1047 esset
1183 986 1361 1063 dspulsurus.
1396 988 1480 1047 Unde
1500 991 1588 1048 natus
1610 1006 1659 1048 rer
1681 990 1799 1049 eandem
1822 993 1927 1050 terram
1951 989 2147 1065 conceptionis

609 1107 660 1165 sue
683 1090 762 1150 dedit
784 1093 883 1152 sancto
906 1089 1066 1150 Bonifacio.
1097 1092 1276 1151 ldonstratur
1298 1092 1390 1152 adhuc
1412 1092 1492 1153 locus
1514 1093 1677 1167 molendini,
1701 1092 1750 1154 ubi
1773 1094 1891 1155 Carolus
1914 1098 2070 1170 concaptus
2091 1098 2145 1156 est.

607 1191 696 1271 (oret
720 1193 803 1267 pcdr.
826 1195 950 1254 Brorocr
971 1194 1043 1254 Ant.
1066 1193 1159 1254 Fuld.
1181 1197 1256 1266 210,
1283 1194 1406 1254 Drorrlce
1430 1193 1520 1254 Trad.
1543 1195 1634 1256 chd.
1660 1199 1700 1256 64
1723 1213 1747 1257 6.
1770 1194 1825 1274 33)
1860 1197 1916 1272 apl.
1940 1197 2147 1258 Abel-Simeon

605 1296 684 1356 Korl
706 1296 735 1357 d.
762 1296 816 1358 Gr.
840 1302 870 1370 1,
894 1301 935 1357 14
958 1297 998 1357 Ν.
1022 1298 1051 1358 5.
1095 1296 1160 1355 Der
1185 1295 1239 1357 Ort
1265 1297 1396 1372 Vorpolc
1426 1298 1568 1358 erecher'nt
1589 1303 1670 1360 suast
1699 1317 1760 1359 aar
1785 1302 1818 1360 in
1840 1301 2048 1375 thsedaespea
2077 1302 2148 1362 oder

603 1399 783 1460 miadesteas
811 1401 879 1461 aelrr
908 1398 1128 1472 eweifelluoftea
1155 1400 1319 1461 Urtaadero
1346 1399 1412 1477 (der
1433 1400 1609 1476 Solensem
1631 1401 1729 1473 Lulls,
1756 1402 1877 1462 Droake
1900 1401 1963 1463 01).
1986 1403 2078 1464 Fuld.
2103 1408 2144 1464 46

604 1509 639 1561 6ο
653 1504 705 1584 75,
728 1503 781 1563 der
805 1503 1039 1565 Zelmtarlcaade
1060 1503 1205 1578 5666666
1227 1503 1255 1563 6.
1272 1504 1312 1565 D.
1336 1505 1533 1565 Mdldboclrer
1553 1507 1738 1580 16661462,
1762 1506 1816 1566 der
1843 1507 1984 1568 Ueronae
2010 1506 2091 1568 Ottoe
2110 1508 2147 1567 11
2180 1581 2183 1586 Ι

603 1608 650 1669 Μ.
677 1607 714 1669 G.
737 1609 810 1670 DD.
833 1613 865 1681 2,
888 1612 952 1670 180
973 1614 1009 1666 re⁰
1029 1607 1113 1687 160).
2016 1619 2017 1622 ’

604 1791 744 1861 Carolus
762 1795 814 1862 dei
829 1796 937 1880 gratia
951 1796 1156 1862 Francorum
1171 1804 1205 1860 et
1219 1793 1518 1881 Longobardorum
1532 1818 1592 1860 rex
1608 1804 1642 1860 et
1657 1797 1816 1879 patricius
1830 1795 2064 1863 Romanorum.

449 1914 480 1963 ro
501 1883 662 1963 Noverint
690 1920 803 1963 omnes
832 1901 936 1964 nostri
967 1898 1153 1985 Christique
1181 1896 1306 1981 fideles,
1341 1897 1483 1985 qualiter
1510 1897 1552 1964 ob
1583 1906 1729 1964 eternam
1757 1901 1860 1965 nostri
1895 1903 2084 1968 memoriam
2113 1913 2146 1968 et

500 2010 676 2085 parentum
698 2010 888 2068 nostrorum
910 2004 999 2089 piam
1021 2002 1282 2068 recordationem
1306 2001 1467 2068 donamus
1490 2012 1523 2067 et
1545 2001 1771 2068 contradimus
1796 2003 1928 2070 domino
1952 2015 2064 2072 nostro
2082 2005 2143 2072 sal·

500 2105 608 2171 vatori
627 2105 704 2171 Iesu
720 2104 852 2172 Christo
878 2116 1059 2193 sanctoque
1074 2106 1247 2172 Bonifacio
1263 2107 1399 2188 martiri,
1424 2107 1479 2193 qui
1502 2106 1535 2171 in
1551 2105 1714 2172 Fuldensi
1734 2109 1911 2194 requiescit
1933 2111 2143 2194 monasterio,

499 2217 619 2274 terram
635 2212 859 2297 conceptionis
875 2221 995 2298 nostre,
1011 2210 1074 2276 hoc
1091 2219 1141 2276 est
1156 2219 1259 2275 totam
1276 2210 1545 2296 comprovinciam
1561 2210 1669 2276 circa·
1683 2211 1805 2278 flumen
1818 2211 1958 2278 Unstrnl
1973 2216 2144 2300 ipsamque

499 2322 625 2380 curtem
652 2324 801 2381 nostram
829 2317 864 2380 in
885 2314 1077 2402 vargalaha
1085 2311 1110 2397 l,
1145 2337 1219 2380 cum
1249 2313 1401 2380 omnibus
1431 2315 1701 2399 conpertinentiis
1731 2317 1799 2381 suis
1829 2324 1861 2382 et
1889 2338 1963 2382 cum
1993 2317 2144 2383 omnibus

447 2431 478 2482 re
500 2417 589 2482 villis
610 2416 708 2504 longe
731 2418 783 2484 vel
805 2441 908 2506 prope
931 2419 1060 2506 positis,
1084 2440 1147 2504 que
1169 2417 1214 2483 ad
1236 2439 1310 2483 eam
1331 2419 1523 2504 respiciunt,
1546 2420 1725 2485 cumomni
1747 2422 1959 2507 proprietate,
1983 2422 2069 2486 sicut
2083 2443 2143 2487 nos

498 2541 572 2585 sam
594 2542 615 2584 a
637 2520 830 2606 parentibus
852 2521 975 2588 nostris
997 2522 1030 2586 in
1053 2522 1290 2607 proprietatem
1312 2523 1512 2609 accepimus.
1535 2522 1737 2609 Precipimus
1761 2526 1861 2591 etiam
1885 2547 1984 2612 super
2005 2524 2079 2610 hoc,
2101 2549 2143 2590 ne

498 2622 618 2710 aliquis
640 2622 810 2690 hominum
832 2625 949 2693 eadem
971 2626 1061 2691 bona
1083 2648 1104 2690 a
1127 2625 1285 2692 Fuldensi
1306 2627 1507 2693 monasterio
1531 2626 1672 2711 auferat,
1707 2627 1766 2693 sed
1788 2630 1853 2692 sint
1875 2629 1908 2694 in
1931 2637 2043 2695 eterna
2067 2627 2142 2695 sub-

499 2727 583 2793 sidia
606 2727 763 2794 fratribus
785 2729 867 2796 inibi
889 2729 951 2796 deo
975 2728 1193 2795 militantibus
1216 2729 1474 2796 admemoriam
1496 2739 1608 2796 nostre
1630 2731 1879 2797 recordationis.

1276 3022 1363 3096 292.

441 3177 475 3227 ao
1229 3163 1411 3243 (Uaectt.)

496 3301 591 3372 Korl
610 3303 676 3373 der
701 3300 828 3374 Grosse
851 3309 1010 3393 pestuttet
1035 3302 1107 3373 Aoo
1133 3302 1301 3393 Boupolf
1320 3326 1386 3375 666
1412 3303 1561 3375 166666
1588 3305 1644 3375 666
1670 3302 1870 3394 (66666669
1896 3305 1955 3374 dos
1981 3302 2142 3375 Klosters

503 3423 775 3511 Wolssme‘lrester
800 3425 875 3495 666
901 3424 1040 3496 semoto
1069 3424 1141 3494 oier
1174 3422 1299 3494 Vellere.

1884 3559 2099 3570 ——-

598 3715 668 3779 coc.
691 3717 863 3778 Eterlscrdi
884 3734 941 3776 666
963 3717 1016 3776 der
1037 3716 1198 3776 Miltodes
1220 3720 1272 3777 12.
1289 3717 1342 3776 ch.
1366 3722 1382 3776 1
1409 3715 1434 3788 f.
1459 3707 1532 3776 101¹
1555 3717 1597 3773 im
1622 3714 1825 3775 Stcutscrode'o
1845 3733 1886 3774 aa
1908 3715 2058 3790 asareem
2081 3715 2141 3795 (Ol.

598 3856 720 3917 Droalce
744 3857 806 3917 OD.
829 3856 921 3916 Falci.
946 3860 1009 3917 110
1031 3859 1143 3917 a⁰206
1166 3874 1223 3916 666
1248 3853 1279 3916 0.
1303 3890 1344 3900 -
1367 3855 1562 3916 546ὴὶ566666
1582 3855 1654 3929 Rep.
1679 3855 1742 3913 366
1766 3852 1863 3932 (357).

597 3996 770 4069 thscdorsp
785 3995 961 4056 Eberhards
983 3995 1056 4054 otae
1078 3996 1155 4054 6666
1174 3995 1306 4068 recepe,
1330 3997 1385 4055 mit
1401 3995 1548 4055 bldsserer
1565 3993 1652 4053 Tintc
1673 3991 1873 4067 aaclrtrdple'olr
1888 3991 1952 4064 aas
1971 3995 2053 4052 einer
2070 4011 2142 4053 ram

595 4105 749 4174 prosserea
766 4099 849 4159 lusit
863 4099 922 4158 lecr
933 4099 1120 4173 pedliebeaea
1136 4099 1222 4169 Seite,
1247 4099 1351 4158 welche
1366 4099 1423 4158 666
1438 4098 1562 4158 Sollers
1584 4097 1636 4156 der
1651 4097 1737 4155 cinere
1752 4094 1908 4168 Atactrift
1928 4096 1981 4155 der
2000 4097 2142 4158 Urtunde

597 4203 694 4277 Karls·
713 4203 742 4263 6.
770 4202 825 4264 Gr.
852 4209 887 4262 a⁰
907 4206 980 4274 166,
1014 4205 1087 4263 ater
1112 4204 1185 4261 6666
1208 4203 1395 4263 Esthotoll
1423 4201 1546 4272 cattoit,
1583 4203 1768 4275 etapetropen
1794 4200 1850 4274 opt.
1873 4199 1992 4274 Dcpscls
2013 4202 2047 4259 s'rr
2068 4200 2140 4260 idit-

596 4307 765 4381 tdes'lacpen
784 4307 835 4366 des
850 4308 991 4366 Instituta
1015 4305 1039 4378 f.
1056 4311 1110 4367 det.
1130 4305 1196 4367 oF.
1213 4310 1265 4377 14,
1288 4309 1363 4378 329,
1385 4306 1490 4365 Roller
1504 4304 1662 4365 Eberhard
1683 4321 1740 4363 666
1761 4303 1864 4363 Faldo
1883 4304 1959 4364 Beil.
1976 4305 2017 4364 15
2040 4310 2074 4361 a⁰
2088 4307 2138 4365 82.

597 4409 883 4485 Bangoliesmunster
905 4411 982 4470 eoird
1002 4414 1103 4470 666664
1125 4413 1159 4469 a'rr
1180 4409 1237 4469 deo
1257 4427 1314 4469 oea
1335 4409 1458 4481 Rudolf
1477 4411 1650 4469 ace-847
1671 4405 1838 4479 oerfossteo
1864 4407 2020 4466 Mirocolo
2046 4414 2138 4470 6666.

596 4513 687 4574 Fald.
712 4532 735 4573 o.
760 4517 789 4585 7,
814 4513 856 4573 Μ.
884 4513 920 4573 G.
945 4512 999 4573 SS.
1023 4515 1075 4584 15,
1098 4516 1172 4585 335,
1203 4515 1335 4573 erroddnt
1358 4513 1451 4593 (colla,
1475 4530 1547 4589 quae
1575 4516 1611 4572 ab
1633 4512 1696 4586 hoc,
1720 4513 1794 4588 quod
1818 4514 1854 4571 ab
1877 4528 1909 4571 eo
1933 4512 2074 4587 quondam
2097 4515 2141 4572 est

597 4616 738 4690 trabitma,
762 4616 894 4691 Bangolfi
916 4618 1047 4688 vocatur)
1070 4617 1134 4675 666
1156 4619 1189 4675 irs
1211 4617 1276 4675 dem
1298 4619 1345 4676 tis
1366 4618 1400 4676 ia
1423 4617 1480 4675 ders
1501 4616 1620 4691 Bepe'na
1642 4616 1690 4675 des
1714 4619 1765 4676 16.
1783 4615 1835 4675 Jh.
1852 4615 2026 4674 reiciendas
2042 4614 2138 4676 Galat.

596 4722 788 4794 66616666,
811 4724 850 4783 io.
874 4726 926 4793 13,
949 4726 1024 4793 272,
1047 4723 1093 4782 ola
1119 4719 1290 4794 Grdredeenp
1312 4719 1463 4794 Baapolfs
1487 4719 1648 4780 dereiclmet
1671 4715 1824 4800 (Baugolf.
1837 4762 1867 4780 ..
1897 4719 2139 4792 monasteriolum,

596 4828 671 4902 quod
699 4844 732 4886 ex
755 4843 806 4885 suo
828 4825 943 4885 nomine
965 4825 1133 4897 construxit,
1162 4824 1308 4901 perrexit).
1354 4825 1413 4885 Die
1440 4823 1602 4899 Aareponp
1632 4842 1672 4883 ru
1703 4824 1799 4883 dieser
1826 4823 1999 4897 Fulseaoep
2028 4824 2139 4884 scheint

595 4929 755 4989 Eberhard
777 4928 826 4987 die
847 4928 1068 5001 ooroaqeheade
1089 4928 1154 4987 666
1180 4945 1236 4987 oon
1258 4929 1320 4987 ihm
1342 4929 1628 4988 selbstoerstdrrdlr'oh
1656 4928 1855 4987 6666666666
1883 4927 2024 4989 Urlcarede
2045 4927 2139 4987 Korde

596 5033 625 5093 6.
652 5032 707 5093 Gr.
730 5034 857 5102 n⁰106,
882 5030 1057 5105 6666666666
1079 5031 1129 5090 666
1151 5031 1347 5091 Kloscerleins
1369 5031 1576 5103 Holelcr‘rcdeo,
1596 5033 1718 5107 coloten
1738 5050 1780 5091 aa
1801 5032 1903 5091 talen.

597 5219 670 5302 Ego
686 5218 831 5283 Karolus
848 5217 961 5282 divina
976 5217 1207 5302 preordinante
1229 5219 1426 5284 clementia·
1447 5219 1670 5284 Romanorum
1687 5217 1871 5284 advocatus
1887 5225 1920 5282 et
1935 5216 2155 5283 Francorum

495 5331 528 5386 et
549 5321 848 5407 Longobardorum
871 5343 943 5385 rex.
1046 5320 1169 5386 Notum
1199 5322 1270 5388 fieri
1293 5320 1368 5387 volo
1400 5322 1553 5388 omnibus
1582 5320 1734 5388 fidelibus
1765 5320 1963 5404 christianis,
1999 5320 2140 5408 qualiter

493 5425 543 5491 vir
565 5424 764 5491 venerabilis
780 5424 966 5510 Baugulius
990 5423 1095 5489 abbas
1111 5425 1290 5492 Fuldensis
1314 5427 1505 5493 monasterii
1528 5425 1642 5491 adiens
1659 5422 1866 5489 clementiam
1888 5433 2038 5489 nostram
2053 5427 2140 5509 cepit

437 5546 472 5595 4⁰
494 5550 623 5615 rogare,
657 5539 695 5595 nt
716 5538 831 5595 nostra
860 5529 1075 5616 permissione
1098 5539 1132 5594 et
1154 5528 1278 5596 auxilio
1311 5530 1425 5597 liceret
1449 5530 1512 5596 sibi
1535 5529 1690 5615 edificare
1714 5515 1879 5615 quoddam
1903 5529 2139 5593 monasterium

493 5631 527 5698 in
549 5635 752 5720 proprietate
774 5633 953 5699 Fuldensis
982 5634 1183 5715 monasterii,
1219 5632 1333 5698 volens
1356 5633 1403 5699 ibi
1430 5634 1560 5720 aliquos
1583 5633 1703 5698 fratres
1733 5653 1916 5716 aggregare
1944 5631 2139 5716 regulariter

569 5821 629 5877 231,
648 5822 675 5889 a)
691 5837 744 5875 oors
760 5821 879 5890 pledcder
897 5820 988 5875 Herod
1006 5821 1074 5874 oller
1092 5819 1142 5875 der
1159 5820 1235 5875 Zeila
1251 5819 1458 5891 smdperrapes
1544 5822 1573 5890 b)
1590 5818 1800 5876 Buradoermerk
1819 5819 1867 5873 des
1885 5821 1927 5873 15.
1946 5817 1992 5874 ot.
2013 5819 2138 5887 Vargula.

567 5924 629 5981 292.
647 5926 674 5992 a)
690 5927 750 5994 ldgo
762 5955 794 5966 -
807 5927 849 5978 ele
866 5942 920 5980 oea
936 5925 1056 5996 pleicloer
1068 5925 1160 5980 Hand
1177 5925 1356 5994 66136666·
1373 5926 1542 5980 6666666616
1559 5925 1633 5980 uach
1645 5925 1700 5980 666
1712 5925 1817 5982 Restare
1835 5925 1885 5979 der
1902 5924 2034 5979 rudtrters
2046 5925 2138 5980 Bucle

646 5995 743 6050 stolen
761 5995 882 6050 urtea'iers
900 5995 980 6060 idest,
998 5995 1087 6051 stand
1104 5996 1204 6063 frdher
1221 5997 1366 6048 Fnldsnsis
1384 5997 1497 6064 pacissiq

1934 6097 1983 6146 bd*
