5642 7159
1079 674 1198 733 KARL
1221 676 1309 734 DER
1331 674 1502 734 caussa
1526 672 1597 737 775.

1307 860 1368 935 el.
1445 901 1450 912 ·

510 1003 605 1074 Karl
632 1004 695 1073 der
719 1000 845 1074 Grease
873 1001 1031 1092 bestdtipt
1057 1003 1120 1073 der
1146 1000 1277 1074 Kirclre
1304 1026 1370 1074 ooo
1396 1002 1449 1072 M
1450 1009 1517 1074 ete
1543 1005 1598 1076 die
1624 1005 1837 1077 Immuaitc'it
1862 1006 1927 1076 mit
1954 1005 2160 1077 beeoaderere

509 1124 808 1216 Bestimmaapea.

1677 1213 1808 1289 Quierey
1830 1216 1891 1273 775
1917 1213 2042 1272 Ιαιιιιαν
2062 1216 2115 1274 22.

471 1398 487 1445 o
621 1385 733 1445 Gener
756 1383 921 1447 Ghamalar
943 1402 999 1445 aas
1023 1386 1077 1445 der
1097 1389 1220 1446 awriten
1243 1384 1351 1457 Hdlfte
1374 1386 1425 1444 des
1448 1390 1499 1446 12.
1524 1386 1576 1445 Jle.
1595 1404 1630 1459 p.
1655 1389 1698 1446 37
1720 1387 1752 1444 in
1776 1387 1829 1444 der
1852 1386 2097 1445 Stadtbibliotleelr
2119 1404 2159 1445 aa

612 1489 694 1548 Meta
717 1488 780 1569 (B).

612 1612 761 1671 Meurisse
776 1613 855 1671 Hist.
881 1613 916 1671 de
931 1611 1013 1671 Mete
1029 1616 1091 1671 184
1114 1630 1169 1671 sur
1185 1610 1277 1685 l'orip.
1296 1610 1351 1690 (B)
1375 1612 1596 1685 unoollstaade'p
1611 1615 1666 1670 mit
1688 1629 1716 1670 a.
1732 1614 1789 1670 ine.
1808 1614 1880 1672 769.
1909 1644 1943 1654 -
1970 1611 2111 1685 Bouqaet
2126 1614 2156 1681 5,

613 1718 677 1775 727
690 1722 724 1772 a⁰
737 1720 780 1775 23
795 1734 851 1774 aas
868 1716 905 1775 B.
932 1748 971 1757 -
995 1714 1188 1792 (Tabouillot)
1213 1715 1292 1775 Hist.
1311 1716 1346 1773 de
1360 1715 1443 1774 Mete
1458 1720 1488 1795 4,
1514 1719 1552 1774 15
1577 1733 1633 1774 aas
1657 1717 1685 1773 B
1701 1738 1743 1771 =
1765 1714 1868 1787 nepae
1890 1716 2001 1775 Patrol.
2019 1719 2070 1786 97,
2095 1719 2157 1776 950

610 1824 644 1878 ιιο
658 1823 710 1880 30.
726 1852 768 1863 -
784 1819 887 1878 Gallia
902 1821 1000 1879 christ.
1017 1823 1047 1879 2.
1062 1820 1105 1879 ed.
1123 1813 1191 1890 13⁶,
1208 1821 1272 1879 378
1283 1825 1317 1877 u⁰
1331 1825 1350 1879 9
1366 1837 1423 1879 aas
1436 1820 1465 1877 B
1479 1821 1534 1877 mit
1549 1837 1577 1879 o.
1591 1821 1647 1877 iac.
1662 1822 1734 1880 776.
1748 1852 1788 1861 -
1801 1819 1882 1879 Ana.
1895 1819 1930 1877 de
1944 1819 1975 1876 la
1987 1818 2049 1879 Soc.
2059 1821 2156 1893 philo

612 1924 763 1997 multique
779 1924 814 1982 de
841 1924 961 1982 Verdaa
984 1927 1004 1982 4
1021 1922 1145 2001 (1850),
1163 1928 1191 1983 8.
1217 1956 1259 1965 -
1282 1924 1453 1982 Suaerluad
1468 1924 1526 1981 Die
1548 1924 1726 1981 Immaaitu't
1742 1941 1798 1979 oon
1813 1924 1894 1981 Meta
1910 1925 1972 1982 136
1988 1940 2046 1982 aas
2061 1923 2098 1980 B.
2115 1956 2157 1966 —

611 2028 705 2086 Flacb
720 2028 779 2087 Les
795 2030 867 2101 erip.
885 2028 921 2085 de
935 2025 1098 2086 larcianae
1113 2028 1228 2085 Fraaee
1243 2032 1274 2107 1,
1296 2032 1361 2087 117
1376 2028 1604 2099 anoollstaadr'p.
1621 2059 1663 2070 —
1678 2026 1873 2085 Mitblbocber
1886 2027 1960 2099 Rea.
1977 2030 2041 2086 178
2056 2024 2157 2106 (174).

611 2167 667 2225 Bis
691 2165 754 2239 auf
773 2168 821 2225 die
837 2166 925 2227 Stella
947 2167 1022 2225 lllud
1045 2166 1111 2225 addi
1134 2167 1296 2241 placuit-
1322 2167 1475 2243 proficiant
1496 2169 1528 2225 in
1544 2166 1715 2240 augmentis,
1741 2167 1843 2224 welche
1867 2166 1914 2223 die
1935 2166 2156 2239 Verpfliohtanp

611 2271 663 2328 der
692 2269 789 2342 freiea
814 2272 1025 2330 Hiatersassen
1053 2288 1094 2328 aa
1124 2271 1215 2329 Heer-
1239 2271 1303 2329 aad
1332 2272 1532 2331 Wuchtdieast
1561 2271 1624 2328 uod
1647 2270 1848 2329 Bructeabuu
1877 2272 2056 2342 caesariem,
2093 2270 2157 2340 fast

608 2393 688 2448 qaae
707 2376 832 2453 pleicher
855 2376 1003 2435 Wartlaut
1019 2377 1074 2433 mit
1087 2380 1122 2433 a⁰
1138 2379 1188 2447 66,
1213 2378 1244 2432 in
1262 2376 1318 2433 dea
1339 2377 1481 2447 perterreri
1496 2373 1732 2447 Abwee'cleuapea
1749 2372 1951 2444 formelreebte
1967 2372 2155 2446 Stilisirunp.

609 2478 669 2536 Dic
697 2479 831 2537 Eebtlreit
864 2479 939 2537 steht
970 2496 1075 2537 ausser
1107 2478 1231 2551 Zwee'sel
1259 2480 1312 2552 apl.
1342 2479 1419 2536 anob
1453 2478 1547 2537 Stckel
1581 2476 1674 2535 Bcitr.
1704 2496 1732 2535 a.
1763 2476 1846 2548 Dipl.
1871 2477 1934 2548 ΙΙΙ,
1974 2476 2002 2534 V
2039 2477 2158 2535 Wierem

610 2581 670 2639 SR.
688 2584 739 2651 47,
755 2582 836 2652 225;
858 2584 909 2649 49,
933 2583 1007 2658 358,
1037 2583 1099 2642 UL.
1116 2586 1181 2644 203
1205 2584 1239 2642 K
1249 2587 1301 2644 36.
1329 2583 1407 2641 Zam
1432 2582 1550 2643 Scblass
1573 2584 1624 2640 leat
1647 2582 1699 2640 der
1722 2582 1873 2640 Schreiber
1895 2582 1945 2640 des
1969 2578 2156 2652 Chanalars,

609 2688 662 2744 wie
685 2703 717 2743 er
739 2686 792 2744 dus
814 2704 854 2744 eu
877 2687 1046 2757 1111511151,
1071 2687 1127 2745 dus
1142 2686 1423 2761 Incuruationsjalrr
1444 2689 1499 2744 mit
1523 2689 1615 2744 einero
1640 2686 1766 2744 Verweis
1788 2682 1852 2755 auf
1870 2686 1918 2744 die
1940 2686 2157 2760 aoronpelreade

614 2790 756 2850 Urlruede
778 2789 938 2863 unpesetqt,
964 2791 1042 2849 disse
1067 2792 1158 2849 clotirt
1181 2810 1236 2851 eoa
1261 2795 1332 2852 776.

607 2959 753 3025 Karolus
776 2962 885 3045 gratia
907 2958 985 3025 clei·
1007 2984 1066 3025 rex
1087 2962 1291 3026 Francorum
1316 2971 1348 3025 st
1363 2959 1663 3045 Langobardorum
1685 2960 1736 3023 vir
1758 2955 1916 3024 inlusterb
1939 2958 2078 3023 ducibus
2103 2980 2155 3023 co-

447 3079 483 3128 20
505 3062 640 3128 mitibus
664 3062 856 3128 domesticis
879 3064 931 3129 vel
956 3064 1108 3130 omnibus
1132 3064 1308 3149 agentibus
1333 3074 1399 3129 tam
1424 3064 1511 3128 ultra
1536 3085 1634 3147 quam
1658 3065 1741 3127 citra
1765 3064 1901 3144 Renum,
1926 3062 2099 3129 Rodanum
2123 3073 2155 3127 et

504 3168 649 3253 Ligerim
673 3168 930 3233 consistentibus
958 3179 1026 3233 tam
1050 3169 1261 3254 presentibus
1289 3190 1388 3255 quam
1412 3178 1446 3233 et
1475 3168 1594 3231 futuris
1617 3168 1751 3230 iuvante
1781 3166 1924 3246 domino,
1959 3169 2015 3252 qui
2038 3187 2098 3229 nos
2121 3167 2156 3230 in

503 3272 623 3337 solium
655 3272 750 3357 regni
774 3272 923 3337 instituit.
1031 3272 1116 3337 Illud
1140 3273 1184 3337 ad
1218 3283 1431 3355 augmentum
1462 3271 1513 3335 vel
1543 3270 1756 3335 stabilitatem
1787 3270 1877 3355 regni
1907 3271 2010 3334 nostri
2040 3272 2155 3356 procul

505 3375 606 3441 dubio
631 3375 796 3441 credimus
820 3378 854 3440 in
877 3375 929 3441 dei
952 3378 1083 3441 nomine
1106 3378 1279 3463 pertinere,
1304 3378 1330 3439 si
1355 3376 1537 3462 peticiones
1561 3374 1772 3439 sacerdotnm
1797 3375 1848 3439 vel
1871 3374 2084 3440 ecclesiarum
2102 3376 2157 3440 dei

504 3480 661 3545 derectis
677 3480 966 3565 postulationibus,
993 3504 1074 3566 quas
1098 3484 1129 3545 in
1148 3483 1270 3546 nostris
1294 3481 1430 3546 auribus
1446 3482 1671 3566 patefecerint,
1696 3479 1904 3564 perducimus
1926 3480 1969 3544 ad
1992 3480 2153 3545 effectum.

440 3599 481 3647 aa
506 3584 651 3670 Ideoque
675 3586 724 3649 vir
746 3584 951 3670 apostolicus
968 3586 1108 3650 domnus
1132 3595 1165 3650 et
1180 3596 1275 3669 pater
1296 3596 1409 3650 noster
1424 3584 1652 3670 Angilrannns
1676 3585 1861 3670 episcopus,
1885 3594 1998 3648 sancte
2014 3583 2154 3649 ecclesie

502 3688 676 3753 Mettensis
712 3690 871 3775 pontifex,
907 3693 1134 3777 preceptiones
1170 3690 1368 3754 anteriorum
1398 3711 1511 3772 regum
1542 3696 1791 3774 precessorum⁶
1825 3698 2011 3754 nostrorum
2041 3710 2153 3753 eorum

500 3790 657 3856 manibus
670 3792 845 3857 roboratas
862 3793 956 3859 nobis
973 3794 1109 3878 protulit
1124 3792 1353 3875 recensendas,
1379 3792 1435 3857 ubi
1452 3793 1649 3877 generaliter
1664 3794 1879 3879 cognovimus
1895 3815 1967 3857 esse
1982 3794 2152 3875 insertum,

501 3895 592 3981 qnod
616 3896 883 3962 antecessoribus
919 3900 986 3961 suis
1010 3898 1076 3962 tale
1103 3898 1221 3962 fuisset
1249 3899 1316 3962 iam
1338 3920 1358 3961 a
1387 3897 1485 3980 longo
1514 3909 1660 3983 tempore
1684 3896 1846 3962 indultum
1875 3897 2081 3978 beneficium,
2116 3908 2154 3961 ut

499 3999 611 4066 nullus
636 4024 678 4065 ex
702 4000 866 4066 iudicibus
899 4000 1063 4087 publicis‘¹
1097 4004 1263 4067 incurtes
1293 4005 1397 4089 ipsius
1432 4001 1573 4067 ecclesie
1596 4002 1770 4066 Mettensis
1802 4013 1835 4066 et
1857 4001 1967 4066 domni
1992 4002 2152 4088 Stephani

432 4125 476 4173 30
500 4104 682 4191 peculiaris
705 4109 836 4191 patroni
860 4109 962 4172 nostri
987 4130 1045 4172 seu
1068 4107 1225 4172 basilicas
1249 4108 1335 4171 infra
1357 4108 1465 4191 ipsam
1487 4107 1603 4171 urbem
1627 4116 1833 4172 constructas
1863 4107 1913 4171 vel
1937 4108 2024 4171 inira
2047 4108 2152 4192 ipsam

500 4210 721 4297 parrochiam,
757 4219 824 4276 tam
852 4214 1053 4276 monasteria
1088 4214 1178 4276 vicos
1207 4212 1258 4276 vel
1292 4212 1430 4276 castella
1458 4212 1500 4276 ad
1531 4213 1670 4277 eandem
1693 4213 1898 4297 aspicientia,
1932 4212 2058 4297 ingredi
2086 4232 2152 4276 non

499 4323 731 4399 presumerent
753 4325 811 4378 aut
834 4314 968 4399 aliquod
992 4314 1113 4381 ibidem
1137 4338 1293 4401 generare
1311 4317 1542 4382 detrimentum
1565 4338 1627 4380 nec
1649 4316 1797 4380 homines
1822 4336 1934 4380 eorum
1957 4338 2016 4401 per
2038 4314 2151 4379 mallo-

498 4418 643 4502 bergoe⁰
666 4417 820 4502 publicos
844 4440 904 4483 nec
928 4442 986 4504 per
1021 4419 1209 4485 audientias
1231 4420 1341 4484 nullus
1371 4420 1506 4485 deberet
1527 4418 1708 4484 admallare
1738 4428 1796 4484 aut
1818 4442 1877 4505 per
1905 4419 2017 4507 aliqua
2039 4420 2153 4505 iniqua

496 4524 635 4607 ingenia
657 4534 862 4607 presumeret
885 4524 1127 4611 condempnare
1151 4547 1211 4589 nec
1234 4526 1319 4589 freta
1342 4525 1392 4588 vel
1418 4525 1564 4589 teloneos
1589 4534 1745 4587 exactare
1768 4532 1827 4587 aut
1861 4523 1991 4608 aliquos
2013 4536 2151 4609 paratos

427 4644 472 4695 35
498 4627 621 4707 facere,
658 4626 772 4690 sedin
803 4649 915 4691 eorum
939 4630 1087 4713 privatas
1117 4629 1302 4694 audientias
1326 4640 1462 4714 agentes
1492 4631 1595 4714 ipsius
1619 4629 1759 4694 ecclesie
1787 4630 1965 4714 unicuique
1994 4628 2035 4693 de
2057 4649 2151 4712 repu-

496 4726 600 4794 tatis¹
621 4729 864 4795 conditionibus
896 4731 1057 4797 directum
1081 4734 1227 4797 facerent
1261 4743 1294 4797 et
1316 4733 1358 4798 ab
1387 4734 1460 4798 aliis
1485 4733 1647 4817 simulque
1677 4734 1885 4817 perciperent
1913 4734 2084 4797 veritatem
2108 4742 2151 4811 et,

495 4834 558 4900 ubi
581 4832 702 4898 fidens
724 4834 787 4919 ipsi
817 4845 954 4920 agentes
978 4846 1036 4900 ant
1069 4837 1187 4922 reliqui
1210 4838 1358 4901 homines
1388 4848 1567 4902 memorate
1602 4837 1742 4902 ecclesie
1771 4837 2087 4921 acciperentsslfreta
2109 4834 2153 4899 ad

494 4941 577 5023 ipsa
600 4936 674 5001 loca
698 4946 886 5003 sanctorum
911 4938 1067 5004 deberent
1090 4940 1222 5007 Christo
1246 4942 1376 5027 presule
1399 4944 1559 5027 prolicere
1582 4945 1616 5006 in
1639 4950 1867 5026 augmentum,
1903 4944 1974 5027 pari
1999 4939 2096 5005 modo
2120 4952 2153 5006 et

494 5043 525 5107 si
552 5039 701 5105 homines
725 5062 835 5105 eorum
853 5064 911 5127 pro
935 5043 1083 5129 quolibet
1099 5068 1240 5112 excessu
1263 5047 1500 5133 cuiuscumque
1523 5044 1673 5112 fredumh
1697 5045 1932 5126 dissolvebant,
1956 5045 2069 5126 fretus,
2095 5046 2149 5129 qui

424 5168 469 5215 ιο
496 5145 624 5212 exinde
647 5148 680 5210 in
704 5145 872 5231 publicum
897 5151 1020 5233 sperari
1045 5150 1198 5235 potuerit,
1222 5150 1266 5215 ad
1288 5152 1379 5237 ipsas
1404 5151 1562 5217 ecclesias
1586 5152 1704 5216 fnisset
1725 5171 1913 5237 concessus.
1938 5150 2034 5216 Unde
2058 5150 2151 5234 petiit

495 5252 747 5337 suprascriptus
771 5252 932 5337 pontifex,
967 5264 1003 5317 ut
1026 5277 1099 5319 eum
1124 5275 1284 5340 suamque
1306 5254 1482 5321 ecclesiam
1510 5256 1561 5320 vel
1586 5257 1787 5321 monasteria
1821 5253 1960 5319 castella
1982 5253 2034 5318 vel
2058 5255 2151 5317 vicos

494 5354 544 5419 ad
569 5353 707 5419 eandem
731 5357 934 5441 pertinentes
958 5357 1009 5421 vel
1033 5358 1231 5443 aspicientes
1256 5358 1297 5423 de
1320 5358 1381 5422 hac
1404 5383 1439 5423 re
1463 5358 1597 5424 deberet
1621 5360 1749 5445 plenius
1772 5368 1886 5424 nostra
1909 5358 2094 5422 auctoritas
2117 5359 2150 5420 in

493 5458 553 5525 dei
577 5459 707 5523 nomine
731 5459 936 5525 confirmare.
963 5460 1065 5526 Cuius
1082 5460 1339 5547 postulationem
1362 5485 1421 5548 pro
1447 5464 1556 5529 divino
1581 5465 1701 5529 intuitu
1724 5463 1775 5528 vel
1800 5464 1983 5529 reverentia
2006 5465 2151 5547 ipsorum

491 5565 647 5630 locorum
665 5572 853 5628 sanctorum
879 5587 936 5629 seu
951 5564 1026 5629 fidei
1053 5588 1111 5630 sue
1127 5578 1280 5652 respectu
1305 5568 1355 5631 vel
1373 5568 1534 5633 mercedis
1558 5578 1670 5634 nostre
1685 5577 1861 5653 augmento
1878 5569 2022 5653 gratanti
2039 5569 2149 5631 animo

424 5688 466 5737 45
494 5668 684 5757 prestitisse
701 5668 780 5732 etin
799 5668 949 5733 omnibus
966 5670 1179 5734 confirmasse
1196 5681 1228 5734 et
1244 5693 1264 5735 a
1280 5693 1366 5736 novo
1383 5674 1589 5739 concessisse
1605 5674 1803 5757 cognoscite.
1827 5670 2150 5758 Iubemuanamque,

595 5838 636 5889 91.
658 5844 684 5903 a)
703 5840 746 5889 dei
764 5840 851 5905 gratia
871 5839 896 5889 B
1001 5840 1027 5905 b)
1045 5841 1159 5892 illustris
1178 5840 1205 5893 Β
1293 5844 1317 5907 c)
1335 5861 1428 5911 regum
1448 5862 1629 5911 precessornm
1647 5851 1845 5896 antecessorum
1865 5844 1891 5896 B
1909 5844 1960 5912 opi.
1979 5855 2012 5895 se⁰
2026 5846 2062 5896 66
2102 5849 2113 5909 {j

655 5910 682 5973 d)
700 5908 823 5975 publicus
842 5908 869 5959 B
975 5909 1000 5975 e)
1018 5911 1114 5961 mallos
1134 5912 1231 5977 byrgos
1250 5910 1277 5963 B
1381 5915 1403 5979 l)
1422 5916 1558 5980 repedetis
1579 5916 1603 5966 B
1707 5915 1735 5981 g)
1753 5915 1861 5966 feodum
1880 5915 1914 5974 B,
1944 5928 1980 5965 aa
1998 5914 2077 5964 fidem
2097 5912 2149 5981 opi.

653 5976 788 6029 Bramme·
806 5974 869 6031 130.
888 5980 917 6045 2,
934 5979 992 6031 298
1009 5976 1047 6031 Ν.
1067 5982 1101 6033 59
1189 5981 1217 6046 h)
1235 5981 1342 6033 lendum
1361 5983 1387 6035 B

1943 6086 1992 6136 l'l*
