5642 7159
1071 776 1190 835 ΚΑΒΙι
1213 776 1302 835 1)er
1325 774 1495 835 GROSSE
1518 770 1591 837 811.
2087 769 2149 835 287

501 963 589 1027 intra
611 964 779 1027 civitatem
802 961 855 1026 vel
878 963 968 1027 foras
991 983 1095 1048 prope
1117 982 1228 1026 muros
1251 962 1399 1027 civitatis
1422 961 1538 1028 ditioni
1561 972 1693 1028 nostrae
1716 986 1759 1028 ex
1781 965 1855 1049 ipsa
1877 960 2059 1027 hereditate
2082 982 2152 1046 per·

501 1068 605 1132 tinere
628 1064 790 1150 videtur⁶‚
813 1066 975 1132 tradimus
991 1075 1091 1153 atque
1114 1066 1347 1131 confirmamus
1370 1075 1404 1131 et
1419 1067 1453 1131 in
1476 1074 1672 1153 perpetuum
1688 1087 1878 1131 mansurum
1901 1063 2152 1131 essevolumus.

500 1171 633 1236 Tertius
658 1171 790 1258 quidem
813 1172 916 1237 freter
936 1170 1067 1236 illorum
1089 1172 1221 1236 nomine
1243 1170 1434 1255 Lodolfus⁶‚
1469 1173 1525 1258 qui
1547 1172 1581 1235 in
1604 1170 1797 1235 infidelitate
1821 1191 1934 1235 eorum
1956 1190 2023 1234 non
2045 1190 2153 1254 perse-

502 1276 641 1360 veravit,
670 1297 763 1341 suam
787 1275 895 1341 adhuc
918 1284 1009 1340 tenet
1030 1277 1224 1360 portionem.
1261 1276 1323 1341 Per
1344 1275 1473 1362 reliqua
1494 1272 1592 1367 yero'
1612 1274 1697 1357 locu,
1725 1272 1806 1339 ubi⁸
1828 1283 1861 1338 et
1883 1271 1940 1338 ubi
1963 1271 2089 1358 aliquid
2112 1270 2153 1336 de

463 1394 479 1441 o
504 1380 768 1466 supradictorum
790 1379 972 1446 infidelium
999 1379 1182 1445 hereditate
1212 1379 1256 1445 ad
1278 1402 1339 1445 nos
1367 1379 1528 1463 pervenit,
1562 1387 1697 1444 nostrae
1719 1375 1881 1464 imperiali
1909 1378 2152 1443 reservavimus

502 1483 710 1549 ordinationi.
726 1483 972 1570 Praecipientes
989 1505 1067 1569 ergo
1083 1482 1245 1565 iubemus,
1261 1493 1298 1549 ut
1312 1482 1423 1548 nullus
1438 1483 1584 1549 fidelium
1599 1491 1787 1547 nostrorum
1806 1479 2001 1565 <cuiuslibet
2018 1478 2152 1563 ordinis,

502 1588 614 1670 officii,
638 1588 846 1653 auctoritatis
870 1595 971 1674 atquc
994 1587 1147 1671 honoris>
1172 1587 1329 1673 deinceps
1352 1588 1555 1653 infuturum
1579 1587 1620 1652 de
1643 1585 1822 1671 praedictis
1845 1584 1955 1667 rebus,
1980 1605 2063 1671 quas
2082 1606 2152 1670 per-

500 1691 676 1777 petualiter
690 1692 780 1758 cirea
803 1693 911 1777 ipsum
927 1701 1078 1757 sanctum
1102 1691 1210 1756 locum
1227 1691 1455 1776 delegavimus
1472 1700 1571 1779 atque
1587 1690 1862 1762 confirmavimus,
1886 1695 2032 1753 rectores
2048 1688 2152 1772 ipsius

500 1804 637 1860 sauctae
668 1795 721 1861 dei
748 1795 910 1861 eeclesiae
945 1794 1140 1882 [iuquietare
1169 1805 1370 1881 praesumat,
1400 1792 1497 1880 sed]¹¹
1531 1796 1801 1881 praenominatus
1828 1817 1882 1859 res
1914 1815 1974 1879 per
2002 1802 2151 1858 nostram

446 1915 477 1965 ro
499 1900 688 1985 largitatem
717 1901 843 1987 absque
873 1900 974 1966 ullius
1003 1898 1264 1965 contradictione
1297 1898 1474 1986 tranquille
1500 1907 1533 1963 et
1563 1899 1671 1983 quiete
1705 1900 1776 1963 iure
1806 1904 1965 1983 perpetuo
1994 1895 2149 1979 [valeant]

499 2002 695 2089 possidere¹.
720 2005 764 2070 Et
779 2014 816 2070 ut
837 2004 920 2070 haee
943 2004 1078 2070 traditio
1100 2000 1177 2069 vel¹¹
1200 2004 1407 2070 confirmatio
1430 2013 1545 2069 nostra
1568 2001 1703 2069 firmior¹
1727 2001 1889 2068 habeatur
1904 2022 1944 2065 ao
1966 2022 2025 2087 per
2040 2001 2151 2065 futura

500 2117 650 2193 tempora
673 2107 789 2173 melius
818 2119 1041 2193 conservetur,
1076 2130 1176 2174 mauu
1199 2109 1334 2194 propria
1364 2106 1622 2194 subscripsimus
1645 2116 1679 2173 et
1708 2106 1748 2171 de
1771 2105 1871 2171 anulo
1898 2113 2014 2169 nostro
2039 2104 2153 2170 subter

502 2210 679 2295 sigillarem
702 2214 869 2279 iussimus.

601 2349 692 2415 Data
713 2368 766 2415 xn
793 2350 860 2416 kal.
884 2353 949 2416 ian.
977 2373 1064 2417 anno
1088 2361 1149 2416 xr¹¹
1177 2350 1308 2419 Christo
1330 2352 1474 2438 propitio
1501 2352 1629 2437 imperii
1664 2352 1768 2416 nostri
1796 2359 1829 2415 et
1860 2368 1963 2413 xn1111
1996 2348 2089 2434 regui
2117 2350 2151 2412 in

445 2470 476 2518 lo
499 2453 653 2537 Francia,
676 2472 803 2519 xxxvn
817 2457 850 2520 in
866 2455 975 2529 Italia,
993 2456 1174 2523 indictione
1191 2476 1227 2540 νς
1251 2465 1363 2522 actum
1380 2455 1579 2541 Aquisgrani
1597 2453 1742 2540 palatio⁰
1764 2455 1871 2539 regi03
1900 2454 1933 2517 in
1949 2452 2002 2516 dei
2019 2453 2152 2517 nominc

499 2555 638 2622 feliciter
659 2579 765 2623 amen,

1285 2804 1373 2878 215.

497 2960 593 3031 Korl
616 2962 680 3032 der
705 2960 833 3033 Grosse
859 2961 1017 3054 bestitiyt
1044 2964 1122 3034 ἄενν
1139 2963 1284 3035 Kloster
1309 2962 1456 3034 Fuldo
1484 2964 1571 3035 norb
1605 2964 1683 3035 ἄεννν
1710 2962 2064 3055 Ercrntionsprioiley
2090 2964 2150 3033 ries

497 3082 645 3175 Popstcs
663 3082 857 3154 Zarin-arius
884 3062 952 3155 den
969 3083 1090 3154 Besitz
1116 3087 1181 3157 mit
1207 3087 1274 3158 den
1293 3086 1449 3157 Zebnten
1476 3110 1541 3157 oon
1570 3087 1688 3157 seinen
1707 3086 1866 3176 Horigren
1892 3086 1967 3157 εννᾶ
1988 3084 2147 3156 Colonen.

442 3216 476 3263 ao
1894 3240 1932 3249 -
1978 3239 2020 3249 ..
2064 3238 2105 3248 ..

600 3390 669 3453 Οοᾶ.
694 3393 864 3453 Eberlrorrli
892 3412 948 3453 nus
975 3394 1028 3453 ἄεν
1049 3395 1137 3456 Mitte
1165 3396 1217 3456 des
1240 3401 1292 3460 12.
1316 3397 1370 3459 Ji.
1394 3403 1411 3457 1
1437 3397 1462 3469 f.
1487 3399 1529 3457 78
1557 3398 1600 3455 int
1623 3395 1826 3456 Stuatsurciu’o
1852 3413 1893 3453 eu
1914 3394 2062 3468 Morbum
2085 3392 2148 3471 (0).

597 3517 720 3576 Dronke
743 3516 805 3577 OD.
828 3518 921 3578 Fuld.
946 3522 1010 3579 128
1031 3526 1066 3577 n⁰
1084 3524 1150 3580 248
1171 3538 1229 3580 aus
1254 3520 1284 3580 0.
1316 3554 1358 3563 -
1380 3519 1612 3591 Mittkeilunqen
1634 3517 1684 3576 ries
1708 3515 1850 3576 Instituta
1874 3513 1899 3587 s.
1923 3520 1978 3576 ost.
2005 3514 2070 3576 61⁷.
2094 3518 2147 3587 20,

597 3624 660 3683 241
684 3638 742 3680 aus
766 3619 798 3681 0.
824 3656 865 3665 -
887 3623 1084 3683 Mublboclrer
1105 3625 1179 3699 Req.
1204 3629 1266 3686 449
1291 3623 1393 3703 (439).

599 3740 769 3814 Inbultlielr,
792 3743 885 3803 obwol
899 3743 947 3802 die
961 3744 1133 3819 Fdlscbuny
1154 3751 1189 3804 n⁰
1202 3750 1247 3806 32
1260 3746 1419 3806 tteilweise
1440 3746 1486 3804 uls
1506 3744 1630 3819 Vorluqe
1653 3746 1773 3805 benutrt
1795 3746 1845 3815 ist,
1870 3743 2036 3817 beqluubiyt
2055 3743 2149 3801 durch

599 3845 648 3903 die
670 3845 868 3922 Bestdtiquny
890 3848 1036 3923 Ludwiqs
1059 3850 1087 3908 ἄ.
1105 3849 1158 3911 Fr.
1182 3850 1378 3909 Mublbucber
1399 3851 1473 3924 Req.
1497 3852 1581 3910 1004
1605 3848 1713 3928 (973),·
1743 3848 1838 3907 demit
1861 3848 1977 3907 werden
1999 3848 2077 3906 auct
2099 3846 2148 3905 die

596 3951 678 4009 nicht
696 3953 839 4025 qmnyen
861 3952 1030 4025 Bedenken,
1053 3954 1157 4013 welche
1179 3954 1227 4012 die
1248 3955 1391 4029 Fussunu
1414 3953 1483 4033 (fur
1504 3954 1636 4013 einselne
1666 3953 1862 4027 Wendunqen
1883 3952 1967 4011 indes
1987 3951 2093 4025 Beleye
2114 3952 2148 4009 in

596 4058 631 4112 n⁰
646 4053 723 4131 170)
743 4054 808 4113 und
829 4056 894 4114 ihre
914 4054 1184 4132 Veruneebtunqen,
1207 4060 1295 4118 sowie
1317 4060 1365 4117 die
1385 4044 1692 4132 Uebereinstimmunq
1715 4060 1769 4117 mit
1792 4057 1845 4116 ἄεν
1860 4054 2020 4117 Eberhard
2039 4055 2147 4128 yleicir·

598 4156 670 4229 falls
699 4158 864 4218 bekannten
899 4160 1042 4220 Urlrunde
1077 4160 1134 4232 fur
1159 4161 1273 4221 Bennit
1300 4169 1336 4222 n⁰
1355 4167 1419 4224 213
1449 4166 1555 4223 immer
1580 4164 1689 4222 wieder
1723 4162 1882 4233 erwecken,
1916 4161 1998 4220 mehr
2024 4162 2058 4219 r'n
2092 4160 2149 4218 den

597 4262 808 4336 Hinteryrund
820 4262 988 4336 neseboben,
1012 4263 1174 4339 ullerdinqs
1188 4267 1270 4325 nielrt
1291 4268 1368 4326 ouen
1390 4266 1448 4339 fur
1469 4268 1524 4326 den
1548 4267 1694 4341 ebenfolls
1716 4270 1750 4327 iu
1774 4268 1825 4326 der
1845 4267 1987 4328 Urlrunde
2003 4265 2147 4340 Luduiqs

598 4365 626 4423 ἄ.
643 4366 698 4425 Fr.
722 4368 756 4423 in
775 4365 917 4438 ulcionem
947 4368 1096 4428 Wortluut
1119 4371 1307 4430 entbultenen
1329 4372 1402 4431 Satn
1424 4374 1498 4433 uber
1521 4374 1569 4433 die
1590 4374 1730 4444 Zebnteu
1755 4373 1808 4431 ἄεν
1829 4374 1895 4431 eine
1915 4370 2147 4443 Ueberwdlruny

596 4469 649 4528 ἄεν
670 4470 945 4530 uussclrliesslicben
971 4472 1231 4551 Zebntenieistunq
1259 4478 1371 4537 audie
1398 4478 1589 4539 Ortskircien
1617 4479 1682 4551 auf
1704 4480 1752 4538 die
1778 4477 1993 4539 Grundhoiden
2016 4476 2147 4536 bedeutrt

596 4573 664 4650 (ont.
682 4574 792 4633 Huurlr
813 4576 1040 4649 Kirclrenuescn.
1056 4578 1278 4640 Deutsclrlunds
1294 4585 1325 4653 3,
1350 4586 1409 4642 731
1435 4583 1475 4643 N.
1493 4581 1525 4658 1)
1548 4585 1613 4643 und
1634 4585 1728 4643 kaurn
1749 4601 1811 4643 nur
1833 4582 2049 4655 ,Verderbunq‘
2066 4583 2148 4639 einer

601 4678 723 4752 Vorluqe
746 4677 794 4755 (n0
806 4681 882 4749 280,
908 4680 1045 4755 bestdtiyt
1066 4700 1122 4741 oon
1144 4684 1274 4760 Luduiy
1298 4685 1327 4747 ἄ.
1351 4686 1390 4745 D.
1415 4688 1480 4745 und
1501 4688 1630 4764 Inudwiy
1652 4689 1716 4759 111,
1739 4688 1933 4747 Mithlbocber
1956 4688 2027 4760 Rey.
2051 4688 2146 4755 1468,

595 4785 704 4857 1520),
742 4783 795 4841 ἄεν
823 4783 1001 4859 Verleihunq
1024 4786 1077 4845 der
1102 4788 1233 4848 Zetntcn
1256 4793 1289 4851 de
1312 4790 1391 4850 villis
1414 4792 1550 4852 eeclesiae
1573 4811 1599 4853 s.
1623 4792 1773 4865 Bonifatii,
1804 4791 1895 4853 servis
1918 4790 2003 4849 etiam
2032 4788 2147 4868 (yenen-

435 4898 469 4945 oo
595 4887 670 4944 uber
691 4889 805 4946 tantum
829 4889 863 4945 in
883 4893 919 4945 n⁰
931 4889 1009 4966 216)
1034 4893 1063 4950 et
1084 4893 1203 4967 colonis,
1228 4897 1284 4968 ist,·
1318 4897 1488 4956 einreihbor
1510 4901 1683 4958 809-812
1704 4898 1776 4957 oder
1797 4899 1976 4957 bestimmter
1996 4895 2073 4953 nach
2095 4892 2148 4951 ἄεν

592 5006 654 5048 nur
679 4992 754 5049 noct
781 4992 815 5049 in
836 4996 871 5050 n⁰
888 4996 954 5053 213
983 4993 1194 5066 uustretenden
1216 4999 1411 5074 Resona-itinn
1439 5020 1479 5060 eu
1502 5004 1580 5074 811,
1614 5003 1770 5063 Nucbroeis
1798 5018 1855 5061 oon
1885 4999 1980 5073 Tonyl
2012 5001 2045 5057 in
2072 4997 2146 5056 Mit-

592 5094 763 5169 tbeilunqen
797 5097 847 5157 des
876 5097 1018 5159 Instituta
1048 5099 1073 5172 t.
1104 5104 1158 5161 ost.
1186 5102 1252 5163 oF.
1279 5107 1333 5174 20,
1361 5107 1427 5163 242
1455 5105 1511 5178 νεὶ.
1542 5104 1640 5165 Sielrel
1666 5106 1763 5166 Beitr.
1785 5123 1812 5163 ν.
1836 5104 1921 5177 Dipl.
1945 5103 1998 5162 IV
2029 5104 2147 5163 Wiener

595 5198 655 5261 SB.
680 5203 731 5271 47,
756 5203 828 5264 625.

593 5368 633 5433 Iu
655 5370 787 5435 nomine
810 5374 914 5456 patris
942 5371 1239 5461 (omnipotentis)·
1261 5386 1294 5441 et
1316 5377 1374 5443 filii
1398 5386 1431 5442 et
1454 5380 1591 5465 spiritus
1608 5380 1726 5444 sancti.
1750 5377 1891 5444 Carolus
1916 5376 2146 5442 serenissimus

433 5487 468 5535 eo
491 5482 654 5556 augustus
677 5496 698 5538 a
714 5474 776 5540 deo
792 5486 970 5543 coronatus
993 5500 1133 5564 magnus
1149 5480 1308 5564 pacificus
1328 5482 1510 5567 imperator
1524 5480 1732 5548 Romanumb
1755 5481 1945 5567 gubernans
1961 5482 2143 5566 imperium,

489 5576 595 5662 quiet
617 5599 676 5663 per
691 5579 952 5647 misericordiam
975 5582 1028 5647 dei
1049 5606 1110 5649 rex
1126 5584 1332 5650 Francorum
1356 5595 1389 5650 et
1404 5585 1714 5672 Longoburdorum.
1803 5586 1967 5653 Omnibus
1990 5584 2143 5651 fidelibus

565 5764 626 5819 214.
645 5767 673 5832 d)
690 5768 814 5820 rideatur
832 5767 866 5831 Β,
885 5770 959 5821 videt
978 5769 1030 5823 OD
1100 5772 1126 5837 e)
1144 5773 1321 5839 Lendulpbus
1340 5772 1368 5826 Β
1446 5774 1574 5841 Qautsm
1594 5774 1622 5827 Β
1692 5774 1719 5841 g)
1738 5776 1775 5825 ibi
1793 5773 1821 5827 Β
1891 5775 1919 5840 b)
1936 5778 2052 5843 erodunt
2071 5775 2145 5828 scaen

642 5848 676 5888 nv
689 5838 744 5889 112
761 5836 1037 5905 697.116,117,121,
1054 5840 1225 5909 yewdbnlieb
1244 5840 1290 5896 die
1308 5842 1462 5896 erweiterte
1474 5842 1587 5898 Formel
1605 5846 1756 5912 inquietare
1774 5852 1821 5896 eut
1838 5845 2002 5897 calumniam
2015 5860 2144 5910 generare

645 5906 666 5971 i)
684 5906 821 5972 possidere
838 5910 968 5975 impediat
985 5908 1020 5973 B,
1047 5912 1185 5978 impediat,
1204 5909 1257 5965 dus
1276 5914 1308 5965 in
1327 5912 1379 5966 OD
1397 5912 1475 5977 fehlt,
1503 5912 1629 5979 offendor
1648 5912 1799 5981 Coniectur
1816 5928 1868 5966 rur
1886 5913 2076 5982 Einreulrunq
2094 5912 2143 5966 des

431 5974 466 6022 46
645 5972 810 6028 Sutesimeee
896 5979 926 6046 k)
943 5985 971 6031 st
988 5978 1016 6031 B
1103 5980 1124 6046 l)
1140 5980 1251 6033 firmiter
1269 5981 1296 6035 Β
1383 5984 1420 6049 m)
1438 5983 1553 6050 sigillari
1571 5982 1599 6035 Β
1685 5985 1713 6050 n)
1731 5984 1780 6033 XX
1798 5982 1826 6036 Β
1895 5984 1922 6049 o)
1939 5986 1968 6035 iu
1986 5983 2088 6049 palatio
2107 5981 2143 6035 Β.

562 6076 624 6132 216.
642 6078 670 6145 ε)
688 6079 746 6143 aus
760 6079 860 6134 Rusur
965 6084 993 6149 b)
1011 6085 1193 6136 Romanorum
1213 6084 1236 6138 0
