5642 7159
988 750 1109 811 uisu
1131 748 1220 809 ΗΕΒ
1242 748 1407 812 GROSSE
1432 747 1503 812 til.
2027 748 2067 813 91

539 936 675 1003 Karolus
698 937 807 1022 gratia
829 937 881 1002 del
904 961 965 1002 rex
987 938 1190 1003 Francorum
1217 939 1270 1003 vir
1291 938 1419 1003 illuster
1442 954 1565 1005 omnibns
1587 956 1729 1021 agentibus
1752 957 1849 1007 nostris
1872 960 2070 1028 temptassen-

374 1089 377 1094 <
440 1062 504 1110 tibus
525 1073 600 1123 quam
621 1063 648 1107 et
669 1057 767 1106 futuris
783 1059 892 1107 iuvante
915 1057 1031 1119 domino,
1049 1058 1096 1122 qui
1118 1050 1188 1107 nos⁸
1209 1059 1238 1106 in
1252 1058 1350 1107 solium
1372 1060 1447 1124 regni
1463 1060 1588 1109 instituit.
1692 1059 1721 1110 Si
1737 1060 1911 1126 petitionibus
1934 1075 2070 1111 servornm

435 1165 472 1213 vel
506 1161 691 1211 monachorum
725 1142 855 1224 dominil,
888 1160 960 1226 quod
993 1168 1053 1232 pro
1087 1177 1177 1212 eorum
1211 1163 1327 1227 quietem
1360 1162 1403 1212 vel
1431 1164 1556 1213 iuvamen
1589 1164 1711 1227 pertinet,
1745 1157 1880 1215 libenter⁸
1913 1164 2072 1215 obaudimus

430 1268 466 1317 vel
490 1266 531 1315 ad
557 1264 671 1315 effectum
693 1267 721 1314 in
743 1246 867 1315 dominil
889 1281 986 1316 nomen
1008 1266 1198 1330 mancipamus,
1221 1269 1319 1333 regium
1343 1267 1562 1318 consuetudinem
1585 1284 1739 1319 exercemus
1762 1274 1788 1319 et
1809 1269 1887 1319 nobis
1910 1267 1945 1318 ad
1967 1268 2070 1318 laudem

395 1371 409 1417 5
427 1372 464 1420 vel
481 1371 632 1421 stabilitate
647 1371 722 1434 regni
737 1370 821 1418 nostri
844 1371 873 1418 in
888 1350 1011 1419 dominil
1032 1385 1129 1419 nomen
1145 1371 1277 1434 pertinere
1293 1368 1461 1421 confidimns.
1483 1371 1600 1439 Ideoque
1615 1372 1776 1423 venerabilis
1798 1374 1840 1422 vir
1854 1354 2070 1442 Rablgttudus

423 1475 492 1524 abba
520 1475 560 1524 de
578 1475 735 1525 monasterio
750 1474 869 1537 Anisola,
892 1475 938 1539 qui
961 1478 1003 1525 est
1023 1475 1051 1523 in
1073 1489 1142 1539 pago
1166 1474 1363 1525 Cenomannico
1386 1481 1562 1538 constructus,
1586 1476 1632 1526 nbi
1655 1481 1765 1533 sanctus,
1786 1458 1942 1527 lderilefus‘1
1965 1476 1993 1524 in
2016 1492 2072 1526 cor-

421 1594 482 1641 pore
511 1580 659 1644 requiescit
679 1578 722 1629 vel
744 1581 803 1644 ipse
826 1578 897 1628 abba
910 1595 927 1627 s
950 1594 1010 1628 cum
1033 1580 1239 1645 congregatione
1261 1579 1451 1629 monachorum
1474 1581 1524 1629 aub
1547 1586 1639 1630 sancto
1663 1580 1755 1631 ordine
1778 1595 1935 1631 conversare
1958 1580 2071 1642 videtur,

420 1683 501 1731 missa
521 1684 651 1747 petitione
675 1683 832 1734 clementiae
846 1684 920 1749 regni
937 1684 1020 1733 nostri
1037 1684 1155 1749 expetiit,
1178 1689 1209 1732 nt
1223 1699 1284 1732 eum
1306 1683 1350 1733 vel
1373 1685 1460 1748 ipsum
1483 1686 1670 1735 monesterium
1693 1699 1823 1735 unacum
1847 1685 1971 1735 omnibus
1992 1684 2072 1734 rebus

420 1785 456 1833 vel
483 1786 616 1837 homines
642 1802 713 1850 snos,
747 1786 819 1853 quod
841 1789 975 1852 praesenti
1003 1793 1121 1853 tempore
1144 1788 1241 1838 habere
1272 1787 1378 1838 videtur
1400 1794 1447 1837 unt
1475 1790 1584 1839 inantea
1605 1804 1622 1838 a
1644 1781 1714 1839 deo⁸
1743 1790 1898 1840 timentibus
1920 1788 2073 1839 bominibus

376 1888 401 1934 ut
419 1888 530 1938 derint
557 1873 673 1940 collata
697 1884 755 1939 aul
777 1890 936 1954 condonata,
970 1893 1063 1942 amicis
1084 1890 1204 1957 gasindis
1234 1894 1365 1956 susceptis
1387 1892 1430 1941 vel
1453 1873 1535 1957 quie‘
1560 1899 1618 1959 per
1640 1894 1727 1957 ipsum
1756 1895 1944 1944 monasterium
1967 1878 2079 1957 sperare

418 1992 566 2058 videntur,
585 1996 656 2045 unde
677 1996 797 2062 legitimo
820 1989 946 2047 redebit‘
966 1998 1049 2059 mitio,
1072 1996 1122 2046 sub
1145 2011 1266 2047 sermone
1288 1996 1411 2046 tuitionis
1427 2000 1533 2046 nostrae
1555 1997 1598 2047 vel
1621 1998 1796 2047 immunitatis
1814 1998 1898 2061 ipsine
1921 1996 2074 2047 monasterii

416 2095 452 2144 vel
488 2100 685 2151 mundeburdo
707 2117 724 2149 s
746 2098 796 2149 tilii
822 2102 908 2150 nostri
930 2100 1024 2150 Karoli
1047 2091 1174 2165 [recipere
1202 2090 1376 2162 deberemusl,
1410 2101 1457 2165 qui
1486 2114 1580 2150 causas
1603 2101 1687 2165 ipsius
1715 2100 1821 2150 abbatis
1849 2100 1892 2151 vel
1920 2099 2074 2151 monasterii

417 2201 449 2249 sni
478 2201 577 2255 habet
602 2191 637 2254 in
660 2191 809 2254 tuitione·
825 2210 960 2270 receptas3
1005 2205 1049 2255 cui
1071 2220 1120 2254 nos
1142 2206 1193 2256 hoc
1226 2206 1342 2269 gratanti
1371 2205 1459 2255 animo
1482 2205 1645 2269 praestitisse
1674 2203 1716 2254 vel
1739 2204 1767 2253 in
1797 2203 1920 2254 omnibus
1942 2204 2073 2268 recepisse

416 2290 613 2367 cognosciul.
656 2309 826 2375 Quapropter
847 2292 909 2374 per¹
930 2316 1095 2374 praesentem
1124 2310 1290 2361 decrevimus
1313 2317 1353 2358 au
1375 2294 1527 2359 iubemus
1550 2314 1730 2374 praeceptum,
1757 2314 1788 2359 ut
1809 2324 1895 2375 neque
1918 2324 1965 2359 vos
1987 2323 2073 2374 neque

376 2408 400 2454 rt
417 2408 551 2463 iuniores
571 2430 788 2490 successoresque
816 2416 898 2465 vestri
920 2431 969 2465 nee
1002 2416 1076 2464 missi
1098 2414 1131 2464 de
1159 2414 1260 2479 palatio
1290 2418 1381 2463 nostro
1410 2413 1596 2475 discurrentes,
1625 2430 1641 2460 s
1664 2418 1695 2463 ut
1722 2414 1844 2478 inspecta
1870 2414 1930 2478 ipsa
1956 2413 2073 2477 priorum

415 2517 546 2580 legum
568 2520 713 2569 auctoritas
737 2502 895 2586 declarat,
919 2525 983 2567 nec
1004 2518 1078 2568 ullus
1100 2517 1228 2583 quislibet
1250 2516 1283 2567 de
1304 2517 1447 2567 iudiciaria
1468 2522 1600 2583 potestate
1622 2504 1656 2567 ln
1678 2520 1752 2569 vicos
1776 2523 1823 2569 aut
1845 2520 1873 2567 in
1895 2517 1973 2567 villas
1989 2518 2074 2582 ipsius

416 2624 585 2673 nonasterii
607 2622 641 2672 ad
670 2638 766 2673 causas
788 2622 950 2673 audiendum
978 2627 1038 2671 nec
1063 2605 1130 2670 ulla
1158 2620 1298 2671 inferenda
1326 2620 1475 2671 exactanda
1497 2606 1548 2670 vel
1579 2621 1654 2672 freda
1677 2623 1808 2688 exigenda
1835 2638 1883 2672 nec
1905 2620 2076 2671 fideiussores

417 2717 565 2776 tollendos
587 2743 636 2777 nec
657 2727 810 2777 mansiones
838 2731 886 2776 aut
906 2730 1014 2791 paratas
1043 2725 1180 2776 iaciendas
1202 2724 1293 2774 nullus
1317 2726 1458 2790 episcopus
1487 2741 1536 2776 nec
1559 2726 1631 2775 ullus
1654 2742 1742 2777 comes
1772 2742 1821 2777 neo
1843 2727 1960 2776 iuniores
1984 2741 2074 2776 eorum

417 2820 511 2875 nullas
549 2812 750 2881 ιιιίἰίιιιτίοιιιιιιι
778 2830 812 2880 ad
839 2829 1027 2896 requirendum
1049 2829 1148 2882 ibidem
1175 2830 1314 2897 ingredere
1337 2846 1391 2881 non
1420 2836 1598 2895 praesumant,
1633 2831 1679 2881 sed
1702 2833 1771 2882 sicut
1796 2834 1883 2896 ipsum
1917 2830 2075 2881 beneficium

378 2924 403 2972 ²⁰
418 2930 628 2984 ²ntttettssorum
649 2950 741 3000 regum
764 2934 799 2984 ad
819 2936 873 2984 iam
896 2934 995 2984 dictum
1011 2936 1200 2984 monasterium
1222 2949 1307 2999 usque
1321 2949 1394 2984 nnnc
1417 2934 1469 2985 fuit
1483 2939 1678 2997 conservatum,
1700 2935 1739 2984 ita
1751 2934 1876 2999 deinceps
1898 2950 1945 2999 per
1959 2940 2076 2985 nostram

418 3034 615 3089 auctoritatem
636 3038 797 3103 generaliter
819 3043 926 3088 maneat
947 3037 1143 3099 inconvulsum,
1166 3039 1217 3088 nisi
1240 3028 1289 3098 [ut]
1311 3039 1391 3089 liceat
1414 3040 1452 3089 eis
1474 3038 1524 3089 sub
1548 3054 1668 3089 sermone
1690 3040 1812 3090 tuitionis
1834 3044 1941 3089 nostrae
1964 3040 2008 3089 vel
2030 3042 2077 3089 irn-

419 3136 569 3190 nunitatis
598 3135 730 3191 noemae
753 3147 780 3191 et
807 3140 992 3192 mundeburdo
1020 3141 1157 3218 praedicto
1190 3126 1258 3192 filio
1281 3136 1394 3193 nostro
1423 3126 1535 3191 valeat
1557 3144 1646 3208 quiete
1675 3144 1765 3193 vivere
1787 3158 1820 3193 ac
1848 3141 1962 3193 residere
1985 3148 2012 3191 et
2034 3142 2077 3193 die

420 3241 566 3308 noctuque
587 3261 635 3310 pro
657 3246 736 3295 nobie
758 3246 802 3295 vel
824 3236 990 3305 [stabilitate]
1012 3248 1087 3313 regni
1109 3248 1193 3297 nostri
1215 3230 1266 3296 vel
1290 3253 1349 3317 pro
1373 3240 1555 3296 memorato
1571 3230 1637 3295 fillo
1662 3240 1773 3296 nostro
1792 3246 1900 3308 Karolo,
1923 3246 1970 3311 qui
1986 3260 2077 3295 eorum

421 3352 524 3395 susae
551 3350 630 3401 babet
644 3355 773 3415 receptas,
795 3352 894 3416 iugiter
909 3331 1032 3401 dominib
1046 3351 1260 3413 ,misericordiam
1284 3357 1311 3402 et
1327 3353 1444 3401 omnium
1460 3357 1611 3402 sanctorum
1630 3352 1781 3417 deprecare.
1804 3351 1840 3401 nt
1858 3353 1879 3401 si
1897 3351 1963 3402 tales
1979 3366 2076 3401 causae

386 3439 410 3486 u
425 3440 565 3504 adversus
594 3437 695 3520 ipsnm¹
725 3456 914 3505 monesterium
941 3461 989 3505 aut
1011 3459 1104 3505 contra
1132 3455 1242 3506 abbates
1263 3440 1453 3505 monasterii
1484 3440 1663 3526 supradicti
1693 3460 1766 3505 ortae
1793 3455 1893 3505 luerint
1922 3460 1969 3505 ant
1992 3470 2077 3505 surre-

424 3549 524 3617 xerint,
552 3574 618 3624 quas
639 3575 656 3609 a
677 3559 756 3610 vobis
778 3563 826 3609 aut
848 3574 865 3608 ιι
892 3560 1041 3610 iunioribus
1063 3560 1158 3609 vestris
1189 3559 1289 3625 absque
1312 3576 1403 3609 eorum
1431 3560 1523 3624 iniquo
1547 3558 1686 3624 dispendio
1714 3560 1870 3609 terminatae
1893 3574 1947 3608 non
1968 3558 2076 3621 fuerint,

424 3663 511 3715 usque
540 3664 568 3711 in
586 3668 702 3712 nostram
730 3664 908 3727 praesentiam
931 3664 974 3713 vel
1002 3670 1064 3715 ente
1087 3648 1190 3713 fillum
1218 3655 1367 3713 nostrum
1390 3663 1520 3713 Kerolum
1550 3662 1708 3713 omnimodis
1730 3668 1899 3713 reserventur
1926 3666 1952 3711 et
1974 3661 2074 3712 ibidem

425 3750 535 3812 finit-iva
565 3768 696 3817 sententia
717 3782 765 3831 per
786 3766 872 3833 legem
901 3772 927 3818 et
948 3769 1078 3817 iustitiam
1102 3750 1270 3817 debeantm
1294 3768 1414 3831 accipere
1438 3772 1465 3817 et
1493 3767 1638 3833 unicnique
1668 3765 1700 3816 de
1724 3766 1853 3830 reputatis
1876 3764 2073 3816 conditionibus

426 3856 562 3919 iu“itiam
584 3870 696 3921 reddent
727 3875 754 3921 et
776 3870 810 3921 ab
840 3870 900 3921 aliis
922 3871 1002 3921 simili
1031 3870 1109 3922 modo
1132 3872 1270 3921 veritatem
1301 3873 1440 3935 recipient.
1483 3871 1520 3920 Et
1542 3876 1572 3920 ut
1594 3871 1660 3921 haec
1688 3871 1833 3921 auctoritas
1855 3868 1954 3919 firmior
1976 3870 2011 3919 sit
2033 3870 2076 3920 vel

391 3954 466 4021 llllr
493 3972 622 4039 tempora
642 3975 738 4027 melius
762 3974 926 4040 observetur,
947 3990 1043 4025 manus
1064 3980 1171 4027 nostrae
1194 3976 1285 4025 subter
1306 3974 1452 4041 signaculis
1475 3974 1641 4025 decrevimus
1662 3966 1818 4026 roboraren.

536 4097 674 4183 Signum
695 4096 815 4164 Karoli
837 4097 1067 4185 gloriosissimi
1090 4098 1188 4184 regis.

535 4234 674 4302 Idberus
695 4237 883 4323 recognovi.

537 4372 628 4439 Data
649 4396 760 4440 mense
784 4375 863 4440 iulio
887 4393 1052 4458 snn0111;
1076 4383 1184 4440 actum
1208 4358 1461 4456 Valentianss⁰3
1484 4372 1634 4439 feliciter.

1230 4665 1291 4742 63.

414 4829 438 4878 u
453 4809 537 4889 Korl
554 4828 613 4897 der
635 4825 762 4898 Grosse
789 4826 1013 4912 beurkundet
1041 4827 1123 4897 does
1149 4824 1220 4895 Aut
1236 4824 1373 4896 Sturmi
1399 4848 1465 4896 oon
1491 4824 1637 4895 Fuldo
1663 4822 1772 4893 wider
1789 4820 1927 4893 &eloris
1946 4821 2080 4912 (Depo-

458 4932 623 5033 1161)ιίιί
655 4947 750 5019 Villo
783 4947 944 5019 Umstodt
970 4970 1033 5020 nor
1058 4947 1131 5018 idm
1155 4947 1356 5038 pericbtlicb
1382 4945 1560 5017 erstrittcn
1586 4943 1681 5015 boba.

1565 5082 1708 5157 Lmtqlier
1734 5084 1797 5142 771
1820 5080 1985 5139 November
2006 5084 2036 5140 3.

552 5273 608 5333 Cod.
631 5276 803 5336 Eterbordi
824 5293 881 5335 aas
910 5275 962 5333 der
984 5276 1072 5334 Mitte
1100 5276 1148 5335 des
1171 5279 1223 5338 12.
1247 5275 1273 5335 J
1274 5277 1300 5333 b.
1325 5279 1347 5335 2
1369 5275 1393 5345 f.
1420 5275 1461 5333 67
1488 5276 1530 5332 im
1554 5272 1757 5333 Staotsarcbiv
1782 5289 1823 5329 ru
1845 5270 1992 5344 Morbum
2017 5266 2080 5348 (0).

554 5410 688 5476 Qunam
711 5418 791 5476 Hor.
810 5417 902 5477 Fora.
920 5419 950 5487 2,
974 5420 1014 5477 79
1036 5416 1104 5475 „⁰5
1129 5432 1165 5473 ec
1186 5412 1276 5473 deteri
1298 5432 1401 5488 apogr.
1414 5414 1453 5471 od
1476 5417 1591 5485 autogr.
1614 5409 1753 5482 confecto,
1777 5408 1997 5481 onvollstdndip
2013 5405 2078 5488 (D).

559 5548 585 5560 -
608 5521 726 5581 &onte
748 5521 815 5582 01).
839 5522 931 5581 Fuld.
953 5524 996 5581 26
1018 5527 1053 5579 0⁸⁰
1075 5522 1116 5579 41
1139 5538 1196 5579 aas
1219 5519 1243 5579 G
1266 5540 1308 5573 =
1332 5518 1444 5577 Ldrscb
1473 5516 1536 5575 ond
1565 5514 1707 5575 Sebrddcr
1738 5512 1900 5575 Urltunden
1921 5529 1949 5572 e.
1977 5510 2079 5573 Gescb.

556 5618 595 5679 des
615 5624 768 5685 deutschen
790 5626 953 5685 Restituit
974 5630 1009 5683 ιιο
1021 5628 1074 5696 26,
1099 5627 1127 5686 2.
1145 5625 1181 5682 A.
1197 5627 1239 5684 20
1255 5629 1289 5681 n⁰
1303 5626 1354 5683 31.
1378 5654 1416 5665 —
1444 5622 1596 5694 Sclrdttgcu
1619 5623 1646 5677 et
1668 5619 1794 5693 Kreysiq
1809 5616 2035 5690 Drplomotaria
2053 5616 2081 5686 1,

557 5726 1004 5801 tn⁰12ausdbscbriftvou
1028 5728 1059 5789 0.
1086 5761 1123 5772 -
1148 5728 1435 5799 subtractorum.
1462 5727 1525 5785 142
1549 5720 1648 5803 (139).

552 5906 584 5961 11
600 5914 623 5978 ι)
638 5914 724 5975 nobis,
741 5930 790 5964 nos
808 5910 1051 6048 dberpmcbmbm
1068 5911 1095 5965 Β
1182 5912 1209 5976 b)
1226 5912 1269 5962 dei
1287 5910 1314 5962 B
1401 5910 1427 5975 c)
1445 5910 1559 5959 liberum
1578 5905 1658 5960 BCD
1753 5906 1781 5973 d)
1799 5904 1952 5957 Obarileins
1969 5900 1998 5954 B

448 6030 470 6079 ω
599 5982 623 6047 e)
637 5980 783 6034 domin00
905 5983 952 6049 qui
969 5981 996 6033 B
1065 5982 1094 6049 g)
1110 5982 1218 6033 redebet
1235 5978 1285 6031 ΒΟ
1370 5979 1399 6044 1)
1417 5979 1587 6044 cognoscitur
1605 5974 1656 6028 BG
1740 5976 1762 6045 i)
1779 5970 1891 6041 scuto
1958 5970 1987 6055 1)
2005 5973 2082 6053 retri-

601 6051 717 6102 tationes
734 6049 787 6104 Bc
870 6051 892 6119 l)
907 6053 996 6117 ipsum
1014 6049 1067 6105 Bo
1150 6050 1188 6117 m)
1204 6049 1303 6101 debent
1321 6047 1372 6101 ΒΟ
1458 6047 1487 6114 ιι)
1504 6046 1667 6097 roborandas
1685 6044 1736 6098 130
1815 6043 1842 6109 ο)
1858 6042 2028 6095 valentianis
2047 6039 2083 6093 Β.

1880 6144 1930 6193 12·
