5642 7159
1221 650 1380 710 PIPPIN
1403 645 1475 712 755.
2133 645 2175 708 47

529 855 648 917 inissent,
678 852 784 918 legibus
812 844 947 903 deliendi‘l
974 845 1124 917 poterant'.
1149 869 1165 901 a
1188 851 1357 902 Centesimus
1381 837 1482 901 eiiam
1505 852 1596 901 villam
1619 858 1736 903 nostram
1759 869 1810 919 que
1839 854 1936 904 dicitur
1958 853 2074 904 Fiscella
2103 861 2178 903 eunt

529 943 668 1028 ecelesia
692 941 732 1006 de
755 941 923 1028 Regnum·
945 950 978 1006 et
1001 940 1177 1006 ecclesiam
1200 940 1241 1005 de
1258 939 1476 1006 Ambariaco²
1498 963 1571 1007 cum
1594 941 1675 1007 villa
1694 951 1727 1007 et
1749 942 1897 1008 mansisu
1918 960 2109 1010 rourecensis
2127 975 2178 1026 quq

529 1063 623 1112 dicitur
646 1066 738 1112 sancta
761 1060 892 1112 Columba
914 1055 968 1111 ei'
991 1046 1098 1111 saneti
1123 1044 1356 1130 Symphoriani
1380 1075 1434 1109 unu
1457 1077 1517 1110 cum
1541 1053 1611 1110 iota
1634 1060 1731 1112 foreste
1746 1068 1838 1112 nostra
1858 1079 1910 1129 quq
1925 1065 2077 1113 nominatur
2096 1064 2177 1112 Prun-

529 1160 649 1218 demiat'.
694 1149 798 1215 Simili
822 1165 901 1216 mono
930 1165 1022 1215 villam
1044 1159 1203 1232 nostram,
1239 1148 1294 1213 ubi
1319 1150 1555 1214 monasterium
1583 1153 1830 1216 construximus
1864 1153 1896 1217 iu
1924 1152 2048 1217 honore
2072 1153 2177 1217 sancti

491 1271 507 1317 5
530 1255 686 1338 Quintini,
720 1285 772 1336 que
796 1253 917 1320 (licitur
939 1270 1084 1331 Galliacus,
1119 1285 1179 1319 cum
1208 1269 1349 1333 mancipiis
1371 1273 1398 1318 et
1427 1269 1550 1318 omnibus
1574 1270 1740 1335 appendiciis
1768 1273 1832 1322 suis.
1876 1271 2053 1322 concedimus
2076 1258 2177 1339 etiam

529 1366 669 1425 similiter¹
685 1374 752 1424 alias
767 1374 846 1424 villas
862 1380 966 1425 nostras
982 1375 1115 1425 Ornacum
1135 1379 1161 1424 et
1177 1372 1321 1424 Cuciscum
1337 1389 1442 1423 necnon
1456 1357 1672 1424 Batrinaeum
1696 1368 1729 1425 ei
1744 1360 1955 1426 Liniiliaeum
1978 1391 2038 1426 cum
2054 1375 2178 1426 omnibus

529 1493 616 1528 earum
639 1472 835 1544 appendiciisy.
879 1464 974 1528 Pari⁸
995 1463 1094 1528 inodo
1123 1461 1320 1527 aecclesiam
1343 1493 1395 1543 quq
1424 1478 1577 1527 nominatur
1600 1472 1806 1544 Golumiargas⁸
1828 1496 1887 1529 cum
1910 1464 1984 1529 aliis
2008 1479 2113 1530 duabus
2136 1464 2178 1529 (le

528 1564 747 1634 Soloienaeob
769 1599 822 1649 quq
845 1583 971 1633 dicuntur
993 1588 1102 1633 sanctus
1125 1581 1275 1646 Stephanus
1299 1587 1325 1632 et
1347 1586 1456 1631 sanctus
1479 1565 1709 1651 Sigismuntlus
1732 1598 1846 1632 unacum
1869 1582 1997 1634 mansello
2012 1585 2058 1649 qui
2081 1583 2178 1633 dicitur

528 1667 677 1736 Ouanias
701 1678 780 1736 οιιιιιο
803 1688 874 1736 omni
896 1672 1084 1756 integritate
1107 1692 1236 1753 eorum3
1276 1680 1308 1735 et
1331 1669 1446 1736 codem
1470 1669 1568 1735 modo
1593 1671 1788 1736 aecclesiam
1816 1671 1857 1736 de
1881 1671 2076 1738 Senaliuco‘¹
2103 1695 2178 1739 curu

475 1791 507 1840 ιο
529 1784 599 1840 tota
621 1785 713 1841 curte
739 1785 772 1840 et
795 1773 994 1840 hominibus.
1034 1776 1077 1840 Et
1100 1793 1127 1840 in
1150 1776 1222 1860 ipso
1245 1805 1314 1855 pago
1339 1790 1431 1841 eodem
1453 1794 1545 1840 tenore
1568 1773 1765 1840 aecclesiam
1789 1774 1830 1840 de
1853 1773 2013 1840 Gorcias'
2035 1797 2177 1841 unacum

528 1878 584 1943 illa
607 1879 648 1944 de
671 1877 863 1944 Soseiraco‘
884 1888 917 1944 et
939 1879 1030 1943 illam
1050 1879 1094 1944 de
1118 1879 1276 1944 Lioiaeos
1299 1899 1372 1942 cum
1396 1877 1582 1942 hominibus
1607 1887 1640 1942 et
1662 1900 1737 1943 cum
1753 1887 1911 1964 quantum
1934 1878 1977 1944 ad
1999 1881 2090 1966 ipsas
2106 1902 2178 1966 per-

529 1985 631 2048 iinere
653 1981 814 2048 videinrh.
845 1981 916 2046 Has
939 1999 1046 2063 quidem
1069 1999 1196 2065 ecclesias
1219 1997 1262 2048 vel
1284 2013 1390 2048 mansos
1414 1992 1447 2047 ei
1470 1980 1545 2056 alia,
1569 2013 1621 2063 quq
1643 1997 1770 2048 moderno
1793 2002 1911 2064 tempore
1934 2004 2026 2050 tenent
2046 1983 2099 2048 vel
2122 1983 2177 2048 atl-

529 2087 676 2174 quisituri
700 2095 775 2152 suni
797 2104 866 2152 iuste
888 2086 917 2152 F
918 2087 1061 2172 igiacum
1083 2096 1243 2174 regentes,
1274 2103 1374 2168 absque
1397 2103 1511 2153 alicuius
1540 2085 1742 2154 contrarietate¹
1764 2109 1811 2153 aut
1837 2105 2007 2156 infestatione
2033 2098 2179 2157 deincebs¹¹

529 2208 656 2273 perpetim
679 2188 835 2257 teneant*
858 2189 983 2276 absque
1006 2207 1063 2257 ulle
1085 2207 1218 2257 calumnia
1241 2200 1274 2255 et
1296 2191 1489 2277 possideant
1512 2210 1538 2256 et
1559 2206 1688 2272 quicquid
1709 2208 1743 2258 ob
1766 2207 1909 2259 utilitatem
1931 2191 1973 2260 et¹
1995 2212 2178 2261 necessitatem

476 2313 508 2361 15
530 2311 646 2362 eiusdem
669 2312 822 2363 monasterii
846 2316 873 2362 et
895 2313 1110 2378 congregationis
1133 2312 1232 2362 ibidem
1254 2310 1304 2362 deo
1327 2310 1482 2361 famulantis
1505 2310 1644 2375 disponere
1675 2317 1702 2362 et
1724 2312 1846 2364 ordinare
1869 2313 2010 2376 voluerint,
2044 2315 2128 2366 libero
2151 2317 2179 2363 in

529 2417 653 2467 omnibus
681 2417 791 2467 arbitrio
818 2409 1027 2482 perfruanturm.
1073 2401 1157 2465 lieni
1187 2415 1290 2480 placuit
1318 2420 1425 2466 nostrae
1452 2415 1589 2465 serenitati
1617 2398 1795 2465 heremitas
1819 2398 2028 2467 conchenses
2063 2402 2178 2467 abbati

528 2505 716 2590 Figieoensi
740 2504 1003 2587 commendarei,
1027 2514 1189 2591 quatenus
1213 2527 1255 2569 ex
1280 2526 1340 2568 sua
1363 2501 1591 2569 habundantia
1613 2503 1743 2568 illorum
1767 2505 1913 2590 inopiam
1937 2505 2099 2592 suppleat.
2135 2507 2180 2571 Et

624 2729 664 2783 ³³.
685 2729 712 2796 q)
725 2729 751 2781 A
820 2730 844 2796 r)
856 2735 966 2794 possent
978 2727 1012 2781 B.
1032 2727 1172 2782 Derateelt
1185 2727 1293 2782 Ζιιεαίι
1305 2726 1336 2780 ita
1348 2726 1388 2781 B:
1408 2728 1532 2779 Castrum
1550 2743 1614 2779 vero
1627 2725 1798 2789 Seriniolum,
1816 2726 1887 2792 qnod
1900 2732 2082 2778 antecessores
2095 2729 2180 2778 nostri

681 2800 792 2849 lauanti
809 2798 869 2850 loco
888 2799 922 2849 ad
940 2814 969 2849 se
987 2814 1088 2864 suaque
1106 2800 1206 2850 tuenda
1223 2799 1451 2861 condonaverunt,
1470 2813 1504 2849 ne
1516 2800 1624 2865 pagani,
1643 2798 1690 2863 qui
1707 2798 1845 2863 regionem
1863 2794 2032 2864 [religionem
2044 2795 2081 2864 Β]
2100 2799 2180 2848 istam

683 2870 829 2935 irrumpere
847 2867 979 2930 solebant,
997 2874 1053 2919 tam
1065 2868 1192 2920 humilem
1212 2867 1301 2919 locum
1320 2874 1400 2934 atque
1418 2867 1636 2918 indefensibilem
1655 2868 1764 2917 omnino
1782 2865 1936 2931 diriperent,
1955 2867 2042 2917 eidem
2055 2867 2180 2917 Piscensi

682 2937 741 2988 loco
760 2937 793 2988 ad
812 2939 1007 2988 munimentum
1025 2943 1053 2989 et
1071 2939 1212 2989 tuitionem
1230 2943 1359 3005 perpetuo
1378 2939 1436 2988 iure
1454 2938 1605 2988 subiectum
1623 2951 1682 2987 esse
1699 2937 1870 3002 precipimus,
1888 2941 1919 2986 ut
1936 2936 2072 3002 perhanc
2089 2943 2180 2986 nostre

683 3008 850 3058 auctoritatis
878 3006 1108 3059 confirmationem
1134 3007 1244 3058 tirmiter
1276 3013 1304 3058 et
1340 3008 1431 3072 quiete
1457 3012 1574 3057 rectores
1604 3013 1631 3057 et
1659 3006 1775 3056 ministri
1807 3007 2021 3071 supranominati
2054 3006 2180 3056 Fiaceusi

684 3077 840 3127 monasterii
853 3091 958 3142 semper
970 3083 1081 3128 teneant
1092 3082 1120 3127 et
1133 3078 1293 3142 possideant
1314 3074 1484 3128 Conterimns
1504 3078 1585 3126 etiam
1597 3076 1661 3126 huic
1678 3074 1809 3125 eeclesiae
1827 3089 1844 3123 a
1855 3075 1905 3126 deo
1924 3075 2068 3126 sublimate
2086 3075 2180 3125 villam

683 3151 802 3196 nostram
812 3161 873 3195 curn
888 3149 1059 3211 monasterio,
1072 3147 1141 3212 quod
1159 3149 1355 3196 construximus
1367 3147 1396 3195 in
1409 3145 1509 3195 honore
1522 3147 1609 3195 sancti
1621 3143 1753 3207 Quintini,
1767 3143 1838 3209 quod
1849 3144 1949 3195 dicitur
1960 3144 2106 3206 Gellianus,
2119 3160 2179 3194 cum

683 3217 825 3280 mancipiis
844 3221 872 3265 et
895 3215 1019 3266 omnibus
1037 3215 1202 3282 appendiciis
1220 3218 1284 3278 suis,
1312 3216 1355 3265 cui
1374 3215 1577 3280 superaddimus
1595 3211 1708 3264 castella
1725 3219 1818 3263 nostra
1835 3213 2089 3265 circumadiacentia
2106 3214 2180 3263 ride·

683 3285 747 3335 licet
765 3283 919 3346 Bedorium,
936 3284 1097 3347 Petruoiam,
1115 3283 1205 3334 Altam
1223 3283 1336 3350 Rupem,
1364 3284 1485 3334 Parisius
1503 3286 1584 3334 etiam
1607 3283 1716 3348 longius
1743 3284 1831 3332 situm.
1869 3281 1959 3333 Simili
1982 3284 2059 3335 modo
2086 3283 2179 3332 villam

683 3359 802 3404 nostram
829 3369 881 3420 que
907 3353 1005 3404 dicitur
1032 3352 1179 3405 Fiscella..
1211 3351 1271 3405 also
1294 3351 1443 3405 tbeilweise
1469 3351 1640 3419 Umstciieup
1665 3349 1727 3403 etad
1750 3349 1949 3420 Erweiteruaq
2069 3352 2093 3418 s)
2110 3352 2180 3418 Reg-

683 3438 770 3473 naneo
788 3420 816 3474 Β
922 3421 942 3486 t)
960 3423 1126 3487 Ambayraco
1145 3422 1172 3474 B
1284 3424 1311 3490 u)
1329 3423 1431 3473 mansis
1448 3429 1477 3473 et
1495 3422 1647 3473 hominibus
1666 3419 1693 3473 Β
1801 3421 1829 3485 r)
1846 3427 1874 3471 et
1890 3421 2032 3472 ecclesiam
2050 3419 2077 3473 Β

683 3493 718 3559 ιι)
735 3491 898 3542 Prendemia
916 3489 943 3543 B
1063 3493 1090 3558 ιι)
1108 3491 1285 3543 Concedimus
1312 3493 1412 3558 pariter
1429 3488 1457 3542 Β
1576 3492 1605 3556 y)
1623 3505 1728 3542 necnon
1755 3489 1940 3554 Filcimacum,
1967 3490 2129 3541 Baicnacum
2153 3495 2181 3540 et

683 3560 869 3611 Leuciliacunr
880 3575 940 3611 oum
950 3560 1074 3611 omuibus
1086 3561 1253 3627 appendiciis
1265 3567 1293 3612 et
1304 3562 1460 3612 hominibus
1472 3575 1564 3610 earum
1577 3559 1604 3611 B
1707 3560 1732 3625 a)
1744 3559 1806 3609 Pari
1820 3558 1966 3626 quoqueB
2068 3560 2094 3627 a)
2108 3559 2179 3610 Coli-

683 3632 818 3696 miarguas
837 3627 865 3681 Β
952 3629 979 3694 b)
997 3628 1139 3680 Soltenaco
1158 3628 1185 3682 Β
1272 3631 1423 3698 meumque
1442 3628 1469 3682 B
1564 3630 1592 3695 d)
1604 3628 1747 3680 Senelraco
1766 3627 1793 3680 Β
1885 3629 2033 3693 e)Goraiaa
2051 3628 2077 3680 B

683 3697 783 3764 sicus
797 3697 897 3752 Rasur
914 3712 968 3751 vota
987 3697 1129 3752 derselben
1148 3698 1239 3752 Hand
1258 3699 1291 3764 Δ,
1311 3700 1454 3750 Sosseraco
1472 3697 1500 3752 B
1609 3699 1638 3765 g)
1654 3698 1796 3748 Liriniaco
1815 3696 1842 3748 B
1950 3697 1979 3764 h)
1996 3714 2057 3748 cum
2075 3699 2180 3749 cunctis

683 3783 735 3835 que
753 3768 786 3819 ad
805 3770 878 3834 ipsas
896 3767 1021 3818 videntur
1048 3769 1180 3833 pertinere
1199 3768 1233 3820 Β.
1270 3767 1409 3822 Darnucb
1432 3769 1541 3822 Zusots
1563 3767 1615 3820 mit
1633 3766 1803 3833 Beritaeep
1827 3765 1876 3817 der
1902 3764 2035 3820 Urbursds
2058 3766 2180 3835 lippias

683 3851 738 3890 oasa
756 3835 948 3903 Aquitaniae:
977 3835 1108 3888 Similiter
1126 3839 1296 3890 concedimus
1319 3839 1448 3890 ecclesias
1475 3854 1528 3904 que
1550 3840 1676 3889 dicuntur
1701 3837 1816 3888 Sanctus
1840 3835 1993 3902 Stephanus
2016 3843 2043 3888 et
2066 3837 2181 3888 Sanctus

684 3907 797 3973 anpus
809 3921 924 3958 unacum
938 3906 1069 3957 mansello
1082 3905 1225 3974 [mancello
1237 3906 1275 3976 Β]
1294 3911 1340 3974 qui
1352 3909 1451 3959 dicitur
1468 3909 1547 3958 Mons
1560 3908 1677 3958 Serenus
1695 3913 1796 3958 etcum
1815 3907 1888 3958 omni
1907 3908 2062 3973 integritate
2080 3922 2179 3958 earum.

682 3977 724 4028 Eo
743 3991 850 4042 quoque
878 3982 970 4026 tenore
993 3977 1021 4025 in
1049 3991 1119 4042 pago
1141 3977 1290 4028 Rutenensi
1317 3978 1487 4028 concedimus
1514 3977 1609 4027 villam
1638 3976 1824 4027 Flaicinacum
1851 3991 1911 4026 cum
1939 3977 2023 4026 tribus
2051 3976 2181 4038 eeclesiis,

684 4061 797 4111 quarum
815 4045 938 4096 unasub
958 4046 1059 4096 honore
1078 4051 1170 4098 sancte
1188 4047 1282 4109 Mario,
1301 4047 1356 4097 alia
1379 4048 1429 4097 sub
1447 4047 1549 4097 honore
1567 4048 1653 4097 sancti
1672 4047 1815 4111 Jobannis,
1834 4045 1890 4096 alia
1907 4045 1957 4096 sub
1975 4046 2076 4096 honore
2095 4047 2181 4095 sancti

682 4116 794 4165 Martini
807 4120 920 4179 constat,
937 4130 1043 4166 necnon
1061 4117 1142 4166 etiam
1156 4131 1277 4168 mansum
1297 4118 1342 4182 qui
1360 4116 1458 4166 dicitur
1471 4117 1624 4166 Adonsinaa
1642 4131 1703 4166 cum
1721 4118 1795 4167 omni
1813 4117 1968 4180 integritate
1988 4130 2086 4165 eorum.
2123 4114 2181 4165 Has

683 4185 767 4247 igitur
779 4184 907 4252 eeclesias
919 4183 964 4235 rel
976 4184 1147 4235 castellanen
1159 4201 1296 4236 mansos..
1354 4187 1373 4252 i)
1386 4185 1488 4251 absque
1499 4187 1573 4236 omni
1585 4186 1700 4237 alicuius
1709 4185 1919 4236 contradictione
1932 4181 1959 4234 Β
2011 4183 2041 4249 k)
2054 4190 2181 4250 perpetuo

683 4259 795 4304 teneant
815 4259 842 4304 et
860 4251 887 4305 Β
1007 4253 1029 4318 l)
1047 4253 1090 4304 rel
1103 4252 1130 4304 Β
1250 4254 1287 4318 ιιι)
1304 4257 1411 4320 proprio
1430 4257 1459 4305 in
1477 4255 1602 4305 omnibus
1620 4257 1730 4306 arbitrio
1748 4255 1833 4306 libere
1886 4250 2068 4305 rirnanturB.
2103 4251 2181 4304 Dor-

684 4321 758 4374 aeob
771 4321 878 4374 Ζιιιαίι
896 4319 999 4374 wieder
1017 4320 1067 4374 mit
1087 4320 1250 4374 tbeilweiscr
1263 4321 1432 4391 Baratauup
1450 4322 1511 4375 arrd
1533 4323 1746 4392 Veruoecbtmtq
1765 4322 1814 4375 der
1860 4321 1970 4375 rturrdc
1988 4321 2111 4389 Pippa'ns
2129 4335 2181 4373 υοιι

685 4390 875 4458 Aquitartt'an:
910 4392 971 4442 Non
990 4391 1078 4442 solum
1097 4397 1185 4442 antem
1214 4393 1313 4443 bonurn
1335 4392 1468 4443 libertatis
1493 4392 1585 4444 abbati
1607 4399 1635 4443 et
1661 4394 1801 4443 monachis
1825 4392 2003 4452 concedimus,
2031 4392 2078 4442 sed
2100 4392 2181 4441 etiam

684 4475 777 4512 omues
789 4462 875 4527 ipsius
893 4460 947 4511 loci
958 4461 1123 4512 habitatores
1136 4462 1322 4528 undecumque
1340 4462 1514 4513 advenientes
1533 4463 1567 4513 ab
1581 4464 1655 4512 omni
1673 4465 1802 4514 servitute
1814 4462 1932 4511 humana
1950 4460 2049 4510 liberos
2063 4475 2122 4510 esse
2135 4474 2182 4508 ecs

683 4531 845 4596 precipimus
869 4545 919 4580 nec
937 4531 970 4580 ab
995 4527 1086 4596 aliquo
1105 4545 1224 4597 uuquam
1248 4532 1333 4598 repeti
1351 4531 1394 4583 rel
1414 4531 1535 4597 quolibet
1558 4532 1636 4582 modo
1658 4533 1804 4597 inquietari
1827 4530 1950 4580 volumus
1973 4527 2117 4596 [voluimus
2141 4527 2181 4594 Β),

685 4599 730 4650 sed
750 4599 834 4649 solius
862 4599 967 4650 abbatis
985 4606 1013 4650 et
1031 4599 1221 4651 monachorum
1251 4603 1375 4651 servituti
1393 4607 1421 4651 et
1443 4603 1550 4651 iusticie
1576 4615 1681 4667 semper
1703 4601 1781 4651 subdi
1806 4608 1833 4652 et
1858 4599 1975 4651 subesse.
2013 4598 2182 4664 Precipimus

683 4669 773 4730 otiam,
800 4668 925 4718 utnulla
951 4674 1070 4734 potestas
1088 4671 1280 4735 cuiuscumque
1310 4669 1410 4719 ordinis
1438 4676 1485 4720 aut
1506 4670 1646 4735 dignitatis
1672 4669 1716 4720 vel
1743 4669 1858 4736 quilibet
1884 4683 1917 4719 ex
1936 4669 2066 4718 ministris
2089 4683 2181 4717 eorum

683 4753 733 4788 nec
751 4737 806 4788 alia
833 4737 952 4802 quelibet
975 4743 1039 4787 nota
1058 4738 1101 4788 rel
1129 4743 1256 4789 extranea
1283 4754 1397 4804 persona
1424 4741 1452 4788 in
1471 4739 1589 4804 predicto
1617 4742 1777 4791 monasterio
1802 4739 1886 4789 Fiaco
1913 4743 1960 4787 aut
1985 4739 2014 4787 in
2041 4738 2120 4787 rebus
2138 4736 2182 4786 vel

684 4807 826 4872 mancipiis
853 4807 886 4856 ad
905 4822 933 4858 se
961 4807 1156 4872 pertinentibus
1175 4807 1294 4874 aliquam
1321 4807 1533 4858 dominationem
1552 4805 1731 4875 [donatiouem
1750 4807 1786 4876 B]
1814 4814 1861 4858 aut
1882 4812 2041 4873 potestatem
2059 4819 2183 4856 exercere

685 4881 840 4943 presumant
857 4891 906 4926 nec
925 4875 1010 4925 ullam
1028 4876 1210 4943 calumpniam
1229 4882 1276 4927 aut
1294 4877 1495 4927 infestationem
1513 4877 1612 4927 inferre
1630 4893 1680 4928 nec
1699 4885 1805 4943 paratas
1824 4893 1873 4929 nec
1892 4875 2044 4942 paravcllas
2067 4874 2109 4942 [ιίι
2132 4873 2182 4926 der

691 4943 807 5012 Vorlapc
824 4943 1011 5012 paraveredos]
1029 4945 1073 4995 vel
1092 4948 1259 5011 receptiones
1278 4953 1325 4996 aut
1343 4947 1425 4996 etiam
1443 4945 1519 4996 freda
1536 4946 1579 4995 vel
1598 4949 1738 4997 rotaticum
1764 4948 1820 4998 sire
1848 4946 1984 4997 teloneum
2003 4950 2049 4995 aut
2075 4944 2180 5008 aliquas

683 5014 857 5066 redibitiones
875 5014 1061 5065 habitantibus
1080 5015 1109 5063 iu
1128 5015 1220 5065 eodem
1240 5015 1299 5066 loco
1318 5017 1441 5080 ingerere
1460 5015 1565 5078 audeat,
1592 5015 1638 5066 sed
1656 5015 1737 5066 liceat
1750 5022 1903 5070 ,memorato
1927 5015 2019 5064 abbati
2037 5014 2181 5063 Anastasio

684 5089 711 5133 et
729 5084 866 5134 monachis
885 5098 1030 5150 eorumque
1049 5085 1247 5135 successoribus
1265 5099 1307 5135 res
1321 5090 1348 5134 et
1368 5086 1503 5150 mancipia
1515 5084 1627 5149 predicti
1646 5087 1800 5135 monasterii
1813 5102 1872 5136 cum
1891 5084 2015 5136 omnibus
2027 5082 2182 5133 hominibus

686 5153 719 5202 ad
737 5167 766 5202 se
784 5153 979 5217 pertinentibus
998 5151 1048 5202 sub
1071 5157 1207 5204 nostrast
1230 5153 1344 5204 Romani
1371 5152 1505 5220 pontificis
1533 5155 1651 5204 tuicione
1674 5160 1754 5219 atque
1777 5155 1933 5205 defensione
1952 5150 2072 5220 [remota]
2096 5153 2183 5202 tocius

685 5221 824 5272 iudiciaria
852 5224 992 5288 potestatis
1019 5223 1207 5287 inquietudine
1234 5225 1325 5289 quieto
1353 5224 1447 5274 ordine
1474 5223 1611 5288 possidere
1628 5228 1656 5273 et
1682 5231 1772 5274 nostro
1800 5229 1880 5289 atque
1906 5223 2022 5273 Romani
2050 5221 2183 5287 pontificis

685 5305 920 5357 successorumque
939 5297 1090 5342 nostrorum
1108 5292 1284 5356 solummodo,
1303 5295 1326 5343 si
1345 5294 1491 5343 necessitas
1510 5295 1638 5355 evenerit,
1657 5291 1772 5344 fideliter
1789 5307 1882 5359 parere
1900 5294 2020 5358 imperio.
2052 5290 2183 5341 Volumus

684 5361 767 5410 etiam
784 5365 813 5409 et
830 5361 999 5411 concedimus
1018 5361 1105 5411 eidem
1126 5364 1297 5424 monasterio,
1315 5369 1353 5421 ut,
1373 5362 1500 5428 quicquid
1524 5361 1557 5412 de
1576 5363 1654 5413 rebus
1673 5369 1700 5412 ct
1713 5363 1854 5428 mancipiis
1873 5363 1957 5427 ipsius
1971 5361 2126 5410 monasterii
2140 5360 2182 5408 ius

685 5427 743 5478 fisci
761 5430 868 5494 exigere
886 5436 997 5495 poterat,
1015 5435 1101 5481 totum
1120 5445 1169 5480 nos
1188 5436 1215 5481 et
1228 5431 1364 5481 Romanus
1384 5431 1505 5496 pontifex
1522 5433 1551 5480 in
1564 5433 1697 5496 stipendia
1716 5431 1906 5481 monachorum
1924 5430 2024 5480 ibidem
2042 5430 2092 5479 deo
2110 5427 2179 5478 mili·

685 5498 799 5548 tantiam
827 5504 854 5548 et
881 5498 1036 5549 alimoniam
1057 5514 1205 5565 pauperum
1232 5503 1330 5550 nostris
1357 5499 1509 5565 futurisque
1533 5502 1697 5565 temporibus
1721 5507 1848 5566 perpetuo
1872 5501 1989 5550 retinere
2012 5500 2181 5565 precipimus.

755 5565 784 5633 u)
801 5565 898 5617 abbate
910 5567 1078 5633 Figiacensia
1091 5569 1249 5619 comendare
1262 5569 1303 5635 A;
1322 5567 1445 5636 dapepen
1463 5568 1495 5618 ιἰι
1507 5566 1549 5619 B:
1567 5569 1634 5618 Item
1653 5569 1755 5634 placuit
1773 5575 1863 5620 nostre
1882 5570 2020 5619 serenitati
2038 5567 2183 5619 heremitas

686 5633 858 5687 Conchenses
876 5642 904 5686 et
921 5636 1009 5687 locum
1029 5653 1106 5687 suum
1134 5644 1215 5704 atque
1239 5641 1338 5699 omnia,
1365 5653 1418 5704 que
1436 5638 1469 5686 ad
1497 5638 1559 5687 illos
1576 5639 1721 5703 pertinent,
1748 5639 1862 5688 consilio
1887 5636 2011 5705 [concilio
2031 5635 2067 5703 B]
2091 5637 2183 5686 domni

685 5704 782 5771 prefati
794 5703 924 5771 Stephani
941 5721 1011 5772 pape
1029 5706 1091 5756 huic
1105 5706 1231 5757 Fisceusi
1250 5707 1364 5757 ecclesie
1383 5707 1513 5771 subicere,
1531 5714 1561 5757 ut
1579 5708 1763 5772 dispositionis
1776 5707 1851 5758 illius
1869 5708 2033 5757 ordinationi
2046 5713 2183 5772 tamquam

687 5776 804 5824 matricis
822 5774 935 5825 ecclesis
954 5790 1058 5840 semper
1076 5776 1231 5826 obedientes
1250 5778 1374 5826 existant
1405 5776 1446 5825 Ad
1464 5776 1514 5826 hec
1532 5777 1641 5827 tandem
1665 5777 1794 5828 adicimus
1812 5777 1932 5842 predicta
1950 5775 2138 5826 confirmantes
2157 5780 2184 5823 et

688 5849 773 5894 metas
789 5846 965 5896 terminorum
983 5845 1063 5895 huius
1082 5851 1174 5896 sancte
1193 5845 1306 5896 ecclesie
1325 5846 1541 5910 possessionibus
1560 5848 1730 5911 assignantes
1749 5849 1899 5908 statuimus,
1918 5852 1948 5896 ut
1967 5847 2065 5907 omnia,
2084 5859 2136 5911 que
2149 5844 2183 5893 ab

685 5911 801 5964 ecclesia
818 5915 905 5964 sancti
924 5914 1060 5965 vincentii
1078 5921 1107 5965 et
1124 5914 1173 5966 ills
1192 5917 1278 5968 sancti
1296 5913 1421 5965 Sanctini
1439 5923 1510 5978 sunt,
1537 5917 1639 5966 eisdem
1657 5922 1747 5967 tamen
1767 5932 1821 5967 non
1839 5915 1956 5966 exclusis
1974 5920 2002 5965 et
2020 5931 2036 5965 a
2053 5921 2132 5980 portu
2150 5913 2184 5963 de

686 5981 781 6050 Agrea,
808 5997 887 6048 quem
905 5989 1058 6035 anmcessor
1081 5991 1172 6036 noster
1189 5985 1322 6052 gloriosus
1346 5999 1392 6036 rex
1410 5983 1561 6036 Clodoreus
1581 5986 1692 6036 quenti
1716 5988 1878 6037 monasterio
1902 5985 2019 6047 dederat,
2047 5983 2184 6049 usquead
