5642 7159
657 647 721 712 478
1225 649 1231 663 ‘
1269 650 1694 710 Knlsuuunruunnn.

655 854 796 920 legiptimi,
820 857 847 903 et
868 852 939 902 filios
961 843 1123 916 adoptlivlos
1146 856 1173 902 et
1194 851 1296 903 iudices
1319 851 1469 903 ordinarios
1492 855 1519 903 et
1541 853 1660 903 notarios
1683 859 1710 903 et
1733 854 1813 904 etiam
1829 855 1950 920 accipere
1973 860 2000 906 et
2015 857 2104 908 eluere
2127 862 2156 908 et
2173 856 2332 908 extrahere

655 959 723 1010 duos
750 958 872 1009 homines
900 955 1109 1021 condempnatos
1137 957 1165 1006 in
1193 971 1308 1021 persona
1330 962 1358 1008 et
1379 960 1408 1007 in
1435 959 1551 1022 pecunia
1579 956 1612 1009 de
1634 957 1723 1008 banuo
1754 963 1781 1009 et
1803 949 1975 1020 [carcerJibns
2003 961 2152 1015 cuiuslibet
2182 963 2330 1026 comunis,

656 1064 775 1114 civitatis
789 1061 833 1112 vel
849 1062 930 1111 castri
945 1059 980 1110 ad
994 1059 1161 1111 voluntatem
1185 1067 1319 1111 suorum
1334 1045 1492 1111 heredum
1509 1063 1566 1112 sine
1582 1061 1779 1112 contraditione
1793 1063 1836 1112 vel
1852 1062 2038 1116 molestatione
2054 1066 2174 1117 alicuine
2190 1083 2329 1132 persone,

655 1169 817 1232 ubicumque
831 1165 932 1216 fuerint
946 1180 995 1230 per
1008 1168 1094 1215 totum
1116 1165 1266 1215 Romanum
1281 1167 1432 1231 imperium,
1455 1166 1513 1216 sine
1528 1171 1621 1216 nostra
1642 1171 1847 1234 nostrorumque
1862 1164 2065 1221 successorumr
2087 1155 2139 1222 vel
2157 1171 2328 1238 aliquarum

655 1263 848 1336 personarum·
870 1269 1067 1320 contraditione
1088 1269 1148 1336 lege
1171 1269 1263 1336 aliqua
1284 1285 1338 1320 non
1361 1271 1486 1321 obstante
1514 1275 1541 1320 et
1562 1270 1610 1320 illa
1632 1271 1767 1336 precipue,
1797 1287 1849 1338 que
1871 1271 2033 1340 legiptimari
2055 1261 2180 1341 spnri0s¹
2201 1277 2260 1326 nisi
2288 1292 2325 1328 ex
2352 1279 2370 1326 5

655 1381 728 1426 certa
749 1375 862 1425 scientia
883 1390 938 1425 non
952 1374 1095 1440 permictit,
1117 1375 1209 1440 itaque
1230 1390 1413 1440 quoscumque
1434 1367 1579 1438 fecerintl,
1601 1375 1706 1440 possint
1727 1376 1871 1428 succedere
1891 1371 2056 1428 hereditati'
2077 1380 2163 1444 petris
2188 1385 2217 1431 et
2242 1383 2326 1430 omni

655 1480 702 1530 alii
724 1493 773 1530 suo
796 1480 849 1528 iuri
877 1484 1012 1545 tamqnam
1035 1479 1092 1530 veri
1114 1484 1142 1530 et
1168 1478 1301 1544 legiptimi
1323 1481 1396 1530 cives
1419 1479 1533 1530 Romani
1556 1483 1583 1530 et
1605 1481 1695 1530 omnia
1718 1479 1808 1531 cilicia
1837 1473 1881 1542 [et]
1904 1481 2039 1534 indicetne
2067 1488 2094 1535 et
2115 1489 2178 1534 acta
2200 1485 2325 1550 publica

655 1588 808 1635 contractus
837 1583 1005 1634 conscribere
1034 1587 1115 1648 atque
1137 1581 1269 1635 conficere
1291 1588 1319 1634 et
1340 1585 1430 1634 omnia
1451 1583 1540 1635 iacere
1568 1588 1596 1635 et
1617 1576 1767 1648 exlercelre,
1801 1602 1853 1652 que
1881 1586 1916 1637 ad
1944 1588 2032 1653 ipsum
2060 1587 2262 1640 tabellionatus
2293 1596 2323 1642 et

655 1689 790 1740 iudicatus
813 1688 902 1740 officia
924 1688 957 1740 de
972 1690 1030 1740 inre
1053 1691 1185 1754 pertinere
1201 1694 1356 1753 noscuntur,
1379 1691 1408 1739 in
1423 1704 1584 1756 quacunque
1605 1695 1682 1756 parte
1696 1690 1798 1740 inerint
1819 1691 1924 1756 imperii
1939 1694 2085 1756 memorati,
2108 1694 2181 1745 sicut
2196 1709 2213 1744 a
2231 1695 2321 1745 nobis

655 1795 713 1844 sire
734 1797 827 1844 nostra
848 1793 973 1858 largitate
988 1784 1079 1854 [dicta]
1102 1792 1192 1844 officia
1207 1794 1367 1857 obtinerent,
1389 1798 1422 1844 nt
1436 1793 1469 1845 de
1491 1809 1580 1860 penna
1595 1799 1622 1845 et
1644 1788 1815 1845 calamariow
1838 1801 1865 1846 et
1879 1796 2001 1848 iudicatu
2023 1800 2127 1864 possint
2148 1804 2176 1851 et
2199 1799 2320 1850 valeant
2345 1800 2382 1850 10

654 1899 783 1949 investire
806 1896 921 1959 eosdem,
950 1902 977 1948 et
999 1912 1016 1947 a
1037 1901 1129 1948 nostra
1152 1898 1236 1962 curia,
1257 1898 1413 1964 ubicunqne
1436 1898 1543 1962 inerint,
1572 1899 1601 1948 in
1623 1899 1698 1950 victu
1721 1905 1748 1950 et
1769 1901 1868 1951 vestitu
1891 1906 1918 1952 et
1939 1893 2121 1963 [nutrim]eut0
2144 1895 2319 1964 al[imon]ias

654 2017 704 2068 pro
720 2016 748 2051 se
764 2002 873 2067 suisque
888 2001 1064 2052 servitoribus
1086 2006 1114 2052 et
1128 1993 1231 2077 [equisL
1247 2003 1479 2069 quotienscunque
1494 2003 1545 2052 sibi
1560 2001 1720 2068 placuerint,
1743 1998 1905 2071 condignis¹
1928 2010 1954 2056 et
1969 2005 2164 2057 sufficientibus
2185 2009 2319 2073 accipere

656 2111 684 2158 et
704 2105 884 2172 qnadraginta
906 2120 1009 2156 marcas
1030 2106 1095 2156 boui
1118 2111 1146 2157 et
1166 2105 1214 2156 lini
1237 2108 1341 2174 argenti
1364 2110 1436 2158 omni
1460 2123 1530 2158 anno
1553 2123 1602 2173 pro
1625 2108 1753 2158 adiuncta
1774 2108 1848 2159 feudi
1871 2103 2074 2176 suprascriptil.
2107 2127 2125 2160 ιι
2151 2109 2318 2164 Statuentes

656 2220 683 2266 et
704 2213 815 2265 tirmiter
836 2213 1022 2278 precipientes,
1045 2229 1079 2263 ne
1102 2213 1193 2279 aliqua
1215 2211 1367 2264 omnimodo
1389 2227 1506 2278 persona
1528 2213 1584 2263 alta
1605 2213 1648 2264 vel
1671 2211 1787 2276 humilis,
1816 2214 1998 2264 ecclesiastica
2020 2214 2062 2266 rel
2085 2214 2216 2266 secularis
2240 2216 2318 2268 hauc

656 2322 747 2370 nostre
769 2317 950 2368 concessionis
973 2320 1000 2367 et
1021 2308 1240 2377 confir[matiouis
1262 2309 1384 2378 formam]
1407 2317 1552 2384 infringere
1575 2317 1617 2368 vel
1633 2319 1658 2368 ei
1681 2333 1749 2368 aneu
1772 2318 1912 2368 temerario
1935 2317 2032 2369 debeat
2046 2313 2211 2384 contraire¹3
2234 2320 2315 2386 quod
2341 2322 2377 2371 lb

656 2424 703 2490 qui
730 2423 818 2474 iacere
841 2422 1020 2473 adtentaverit
1048 2426 1095 2472 aut
1117 2422 1209 2488 aliquo
1238 2421 1317 2472 modo
1340 2423 1526 2474 contravenire
1554 2423 1752 2488 presumpserit,
1786 2422 1859 2473 mille
1880 2423 1964 2473 libras
1986 2423 2047 2487 puri
2070 2423 2130 2472 anri
2152 2432 2315 2491 componat,

656 2528 825 2579 medietatem
847 2518 959 2589 calmere
981 2531 1072 2578 nostre
1094 2519 1236 2593 aliamque]
1259 2526 1428 2578 medietatem
1451 2529 1575 2578 iniuriam
1599 2529 1685 2593 passis
1707 2521 1873 2578 soluturue⁸.
1902 2527 1944 2577 Ad
1967 2529 2044 2578 cuius
2065 2527 2104 2577 rei
2127 2531 2229 2578 certam
2253 2532 2314 2580 evi·

657 2633 783 2695 dentiam,
805 2632 982 2698 roboratque
1005 2633 1159 2682 memoriam
1174 2631 1226 2682 boc
1248 2631 1562 2707 scriptumpririlegium
1585 2633 1623 2682 eis
1638 2623 1808 2692 i[ndnlsimus
1830 2623 1922 2692 au]rea
1936 2631 2012 2681 bulla
2034 2637 2123 2683 nostre
2138 2634 2313 2698 magiestatis

657 2736 857 2788 communitum.
890 2735 944 2798 Qui
959 2718 1100 2806 predicti
1116 2737 1226 2786 comites
1241 2736 1354 2801 palatini
1368 2719 1599 2794 Frederichus,
1623 2718 1796 2804 Ugolinus,
1812 2718 2060 2804 Brandalixiuq
2076 2719 2311 2806 Ubraudinus,

656 2823 888 2910 Lanqeloctus,
922 2823 1108 2908 Numerius,
1142 2823 1386 2907 Bartholoctns,
1422 2823 1601 2910 Lodoycns
1625 2833 1657 2888 ct
1681 2822 1877 2889 Guillclmus
1907 2823 1995 2889 dicto
2019 2823 2152 2889 domino
2174 2825 2313 2892 Karulo
2338 2843 2375 2892 ιο

655 2929 778 3015 Magno
801 2928 871 3015 regi
897 2946 1054 2995 iuraverunt
1075 2926 1254 2995 fidelitatemb
1284 2950 1377 2995 contra
1399 2960 1503 2995 omnem
1526 2945 1659 2996 homiuem
1683 2942 1717 2994 de
1743 2941 1842 2993 mundo
1865 2947 1976 3008 excepto
2000 2941 2134 2994 dominum
2159 2957 2259 3009 papam
2286 2951 2315 2996 et

655 3050 796 3102 ecclesiam
817 3049 973 3113 Romanam,
995 3048 1143 3100 secundum
1165 3048 1237 3115 quod
1260 3050 1288 3099 in
1303 3049 1430 3115 capitulis
1452 3049 1589 3100 fidelitatis
1613 3041 1649 3110 [in
1666 3039 1798 3109 om]nibus
1822 3053 1848 3099 et
1870 3063 1918 3113 per
1933 3039 2041 3108 [omnia]
2064 3049 2227 3112 continetur,
2251 3067 2314 3101 cor-

655 3154 783 3220 poraliter
804 3154 913 3222 abipso
936 3153 1047 3218 prestito
1063 3158 1230 3204 sacramento
1246 3153 1333 3204 eidem
1347 3153 1437 3205 delato
1460 3169 1507 3219 per
1524 3136 1749 3224 Greppinum⁸
1771 3137 2019 3217 archiepiscopum
2034 3151 2180 3217 imperialis
2203 3152 2277 3204 aule.
2296 3171 2314 3203 e

655 3260 746 3309 Huius
767 3259 806 3309 roi
828 3262 909 3310 tostos
929 3262 993 3308 sunt
1015 3240 1205 3307 Gheriunus
1228 3241 1269 3308 de
1284 3241 1453 3328 Ardenna,
1477 3243 1563 3309 Octo
1587 3241 1760 3325 Dalorcus,
1783 3240 1884 3307 Nam.
1897 3290 1905 3304 .
1919 3289 1926 3304 .
1942 3238 1975 3304 ,ά
1997 3239 2099 3320 ucria,
2123 3239 2313 3324 Ricqardus

657 3348 698 3414 de
720 3346 861 3430 Vienna,
887 3345 1003 3412 Genus
1027 3345 1067 3411 dc
1090 3345 1214 3428 Scotia,
1238 3347 1411 3412 Ramerius
1436 3346 1476 3412 de
1499 3345 1662 3434 anobra,
1685 3345 1854 3412 Danixius
1877 3344 2050 3430 quorius.
2337 3363 2372 3412 25

761 3501 873 3569 signum
895 3516 991 3552 monus
1013 3484 1132 3551 Karuli
1154 3502 1201 3551 inv
1345 3487 1435 3573 regis
1460 3485 1676 3571 [Francorum
1701 3494 1734 3550 et
1756 3484 2098 3570 Langobardorum]⁸.

760 3607 887 3674 Datum
919 3631 979 3694 per
1006 3630 1124 3674 manus
1154 3608 1287 3696 dompni
1311 3607 1504 3692 He[n0]aldi
1532 3607 1815 3675 archicancellarii
1844 3629 1931 3674 anno
1960 3611 2058 3674 tertio
2092 3608 2317 3694 patriciatus¹

658 3710 788 3796 Karuli,
811 3712 992 3778 indictione
1016 3711 1159 3796 decima3
1190 3713 1349 3778 Ravenna
1371 3712 1405 3777 in
1428 3713 1522 3778 curia
1544 3711 1681 3798 palatii⁸
1702 3712 1901 3778 Theoderici
1923 3713 2020 3797 regis.

734 3900 794 3956 310.
812 3900 837 3966 r)
854 3902 1039 3954 subcessornm
1057 3900 1084 3954 Β
1102 3899 1154 3954 wie
1171 3901 1204 3953 Z.
1222 3903 1240 3954 6
1257 3901 1402 3954 subcedere
1488 3901 1512 3966 s)
1529 3916 1641 3968 persone
1660 3899 1687 3953 Β
1773 3901 1796 3966 t)
1813 3907 1922 3969 sputeos
1940 3899 1967 3953 Β
2044 3902 2074 3967 ιι)
2090 3901 2191 3952 inerint
2209 3901 2238 3953 B

814 3972 843 4038 v)
859 3973 1034 4023 hereditatem
1052 3969 1080 4024 Β
1168 3971 1202 4038 w)
1219 3971 1377 4023 calamanno
1396 3969 1424 4024 Β
1518 3973 1546 4037 x)
1564 3987 1623 4021 cnm
1643 3970 1751 4037 dingnis
1769 3969 1796 4023 Β
1886 3971 1915 4037 y)
1932 3970 2047 4022 adinnca
2064 3971 2138 4022 ieudi
2155 3986 2204 4022 seu
2223 3971 2313 4024 dissbi
2339 3972 2374 4022 30

813 4039 866 4095 mii
883 4039 1126 4109 Kslrmysstriclr
1146 4040 1173 4094 Β
1241 4040 1267 4107 a)
1284 4042 1453 4093 contrabiere
1471 4039 1498 4093 Β
1568 4040 1594 4104 a)
1612 4040 1659 4091 sed
1677 4047 1707 4091 ut
1725 4038 1752 4092 Β
1826 4040 1853 4104 b)
1870 4039 2009 4092 felicitatis
2027 4038 2054 4092 Β
2123 4042 2148 4105 c)
2166 4038 2218 4093 der
2237 4046 2315 4096 crate

813 4110 974 4164 Bucbatubc
990 4110 1130 4176 enemim,
1148 4110 1181 4162 in
1199 4108 1249 4163 der
1271 4109 1329 4164 VU.
1347 4126 1395 4177 per
1412 4126 1455 4162 me
1474 4110 1626 4162 Conradum
1644 4107 1792 4161 Metensem
1810 4111 1974 4178 episcopum,
1999 4109 2147 4178 imperialis
2165 4109 2229 4162 aule
2248 4127 2314 4162 can-

814 4181 954 4232 cellarium
1024 4180 1051 4246 d)
1069 4179 1115 4232 dic
1129 4179 1210 4232 Tirste
1223 4179 1385 4248 obpcrs'cbm
1455 4181 1481 4246 e)
1498 4194 1550 4233 con
1564 4177 1617 4232 deu
1630 4176 1889 4247 cinqctlammcrtcn
1907 4177 2020 4233 Worten
2036 4193 2094 4232 nur
2108 4177 2183 4232 metr
2197 4176 2314 4247 Sporus

814 4251 836 4311 f)
852 4253 1035 4316 patrocinatus
1054 4248 1081 4302 Β
1150 4250 1179 4317 g)
1196 4250 1303 4317 palatus
1320 4248 1355 4303 Β.
