5642 7159
673 642 738 708 462
1281 650 1710 714 ΚΑΙΒΕΒΠΒΚΠΝΒΕΝ.

674 835 841 899 nationem
864 832 1048 900 dimisimus
1071 857 1144 900 eum
1167 847 1349 920 monentes,
1375 847 1410 903 ut
1433 839 1465 902 in
1489 837 1673 924 edificando
1697 838 1872 903 inhonore
1894 833 2160 902 beatiGermani
2183 831 2341 920 cenobio

674 948 830 1026 precepto
859 938 1102 1025 obtemperaret
1132 949 1257 1005 nostro.
1302 941 1445 1008 Proinde
1474 943 1676 1029 precipimus
1705 941 1802 1007 vobis
1825 957 1949 1007 omnibus
1971 949 2041 1006 tam
2064 955 2199 1022 episcopis
2225 959 2338 1024 quam

675 1059 826 1122 abbatibus,
858 1075 874 1107 a
897 1059 1039 1109 comitibus
1061 1043 1114 1108 vel
1136 1060 1253 1120 vicariis,
1284 1045 1450 1112 iudicibus
1474 1056 1573 1133 atque
1596 1062 1765 1125 centenariis,
1794 1051 1949 1112 actionariis
1972 1054 2005 1109 et
2027 1061 2114 1110 missis
2136 1059 2250 1122 nostris,
2276 1043 2341 1126 qui

674 1150 707 1213 in
724 1147 854 1213 illarum
878 1148 1021 1232 partium
1037 1146 1182 1234 marchie
1205 1159 1317 1235 nostre
1333 1151 1527 1233 consistitis,
1549 1160 1587 1216 ut
1601 1150 1812 1233 adiutorium,
1835 1151 1869 1214 in
1887 1157 2046 1234 quantum
2068 1146 2165 1213 vobis
2180 1146 2339 1213 facultas

675 1253 831 1337 suppetit,
854 1253 1036 1339 prescripto
1059 1252 1184 1318 famulo
1202 1253 1325 1320 Christi
1348 1256 1391 1320 ad
1415 1256 1678 1322 constituendum
1696 1254 1895 1342 prelibatum
1918 1255 2156 1320 monasterium
2178 1255 2336 1320 faciatis.
2363 1269 2383 1318 o

673 1356 808 1421 Interim
831 1373 977 1438 comperiat
999 1375 1116 1424 omnium
1139 1379 1289 1425 vestrorum
1311 1392 1328 1423 ι
1350 1376 1478 1441 sollertia,
1513 1361 1601 1448 quod
1624 1360 1774 1426 chartam
1806 1360 1996 1425 donationis
2020 1383 2062 1428 ex
2090 1369 2206 1426 nostro
2233 1361 2336 1442 fisco,

674 1460 763 1546 quod
786 1483 881 1527 secus
905 1460 1091 1528 Coxianum
1114 1463 1225 1530 locum
1256 1464 1378 1531 habere
1402 1467 1613 1550 dinoscimur,
1648 1488 1708 1551 per
1735 1465 1824 1531 hano
1853 1465 2052 1551 scripturam
2081 1465 2143 1531 deo
2167 1474 2200 1530 et
2224 1464 2335 1530 beato

673 1563 842 1630 Germano
871 1565 1016 1650 faciatis,
1051 1567 1178 1633 scilicet
1199 1569 1233 1633 in
1263 1568 1356 1634 silvis
1380 1579 1412 1635 et
1440 1572 1578 1656 garricis
1607 1571 1703 1658 aquis
1733 1591 1960 1656 aquarumque
1983 1567 2138 1635 ductibus
2169 1567 2273 1633 simul
2297 1577 2336 1633 et

584 1741 589 1749 ⁸
672 1669 806 1754 pascuis
829 1690 905 1735 cum
935 1669 1028 1736 illum
1051 1670 1095 1736 ab
1119 1672 1246 1758 integro
1276 1672 1403 1759 absque
1426 1673 1494 1738 nlla
1516 1675 1740 1740 reservatione
1762 1673 1942 1757 fluviolum,
1979 1673 2035 1759 qui
2057 1681 2197 1738 vocatur
2220 1673 2332 1738 Litte-

672 1794 773 1836 ranus
796 1780 828 1838 et
845 1773 999 1838 discurrit
1021 1796 1042 1839 a
1064 1777 1187 1841 vertice
1204 1776 1383 1862 Oategonis
1406 1779 1529 1843 montis
1551 1801 1657 1866 usque
1680 1779 1714 1843 in
1736 1778 1857 1843 flumen
1873 1778 1966 1859 Tete,
1989 1798 2066 1842 cum
2089 1777 2200 1842 omnia
2226 1776 2331 1842 simul
2359 1795 2393 1844 10

671 1876 800 1941 fiscalia
831 1876 1013 1943 abeodem
1040 1878 1303 1966 flumineusque
1332 1884 1365 1946 in
1389 1882 1538 1948 eiusdem
1561 1885 1682 1948 montis
1711 1882 1883 1948 cacumine
1906 1881 1950 1946 ad
1976 1890 2126 1947 nostrum
2148 1882 2331 1968 imperium

671 1983 879 2067 pertinentia.
904 1980 1161 2049 Commonemus
1185 1986 1321 2072 insuper
1343 1995 1443 2073 atque
1467 1989 1709 2074 compescimus
1731 2008 1791 2073 pro
1815 1994 1926 2052 nostro
1950 1987 2021 2051 iure
2042 1985 2157 2072 regali,
2181 1993 2218 2050 ut
2241 1984 2330 2050 nulli

672 2086 773 2153 liceat
794 2087 952 2173 episeopo
976 2087 1091 2153 abbati
1115 2088 1167 2154 vel
1190 2093 1305 2156 comiti
1329 2114 1387 2157 seu
1409 2091 1532 2157 vicario
1556 2093 1626 2156 sive
1648 2091 1750 2156 iudici
1766 2089 1897 2175 nlleque
1922 2090 2054 2155 omnino
2078 2111 2218 2176 persone
2235 2089 2329 2155 hunc

672 2199 821 2257 nostrum
845 2191 968 2257 donum
991 2195 1147 2259 evacuari
1171 2215 1211 2259 ac
1234 2197 1360 2262 irritum
1384 2197 1505 2279 facere,
1541 2196 1599 2261 sed
1623 2195 1771 2281 prefatus
1794 2194 1901 2262 abbas
1930 2196 2045 2281 suique
2068 2197 2101 2259 in
2128 2202 2329 2279 perpetuum

673 2317 883 2362 successores
908 2319 983 2363 cum
1005 2299 1177 2365 monachis
1201 2302 1319 2367 futuris
1349 2310 1548 2388 potestatem
1571 2300 1717 2366 habeant
1746 2310 1858 2365 tenere
1880 2320 1985 2366 neone
2009 2300 2078 2365 sine
2106 2297 2174 2364 ulla
2196 2298 2327 2384 inquie-
2357 2319 2388 2366 15

673 2401 785 2467 tudine
808 2402 853 2467 ad
874 2425 956 2468 usus
978 2408 1186 2471 necessarios
1209 2408 1381 2493 possidere
1397 2416 1431 2472 et
1453 2406 1573 2473 exinde
1591 2404 1747 2492 quicquid
1769 2402 1935 2471 voluerint
1950 2405 2070 2486 facere,
2095 2413 2259 2490 quatenus
2276 2433 2328 2482 pro

673 2503 785 2583 [stertuib
807 2528 898 2589 sancte
921 2524 964 2575 dei
987 2525 1107 2592 ecclesie,
1141 2543 1158 2574 s
1179 2532 1271 2577 nostro
1301 2513 1401 2578 totius
1426 2511 1583 2597 imperi0⁸
1611 2519 1865 2596 nostrorumque
1894 2508 2115 2594 prosperitate
2144 2528 2184 2573 ac
2215 2505 2329 2572 salute

673 2633 749 2676 cum
773 2613 882 2697 quiete
905 2622 938 2677 et
961 2614 1139 2680 securitate
1169 2632 1269 2681 domini
1290 2632 1500 2683 misericordiam
1529 2637 1657 2702 semper
1681 2623 1804 2700 queant
1826 2644 1946 2680 exorare.
1991 2613 2111 2679 Predia
2134 2622 2246 2678 autem
2271 2599 2328 2677 vel

673 2713 797 2799 alodes,
822 2737 904 2801 quos
928 2719 1153 2804 praescriptus
1170 2719 1222 2785 dei
1246 2720 1353 2787 cultor
1369 2721 1542 2787 Protasius
1567 2719 1700 2784 domino
1717 2728 1751 2783 et
1772 2717 1871 2783 beato
1889 2717 2056 2784 Germano
2082 2718 2192 2800 donat,
2215 2717 2329 2784 idest

672 2819 856 2904 Fangiano,
879 2820 1061 2905 Pomarios,
1085 2822 1240 2909 Urgeres,
1263 2825 1387 2906 Iovale,
1410 2824 1577 2891 Furnulos
1601 2825 1690 2889 etin
1713 2824 1854 2890 Cuxano
1877 2822 1930 2888 vel
1952 2824 1986 2887 in
2009 2823 2080 2888 eius
2104 2822 2326 2904 adiacentias,
2353 2841 2389 2889 20

673 2921 757 2987 sicut
780 2922 812 2987 in
836 2926 1006 3011 scripturis
1030 2928 1101 2993 eius
1123 2927 1301 3011 resonat¹),
1336 2952 1412 2994 cum
1436 2929 1520 2995 alios
1551 2928 1677 3010 alodes,
1713 2950 1796 3013 quos
1820 2926 1926 2992 abbas
1957 2925 2007 2991 vel
2030 2926 2183 2992 monachi
2206 2925 2327 3013 adqui·

673 3027 798 3092 sierunt
820 3050 840 3093 a
863 3027 1028 3114 religiosis
1051 3031 1104 3097 vel
1121 3032 1267 3097 honestis
1289 3031 1479 3098 hominibus
1495 3055 1554 3119 per
1577 3034 1774 3118 scripturam
1797 3031 1984 3096 donationis
2008 3052 2066 3096 seu
2090 3039 2122 3095 et
2144 3053 2203 3116 per
2226 3052 2327 3095 suam

672 3130 967 3217 apprehensionem
984 3144 1016 3199 et
1031 3157 1089 3221 per
1105 3139 1387 3222 comparationem
1410 3137 1463 3203 vel
1480 3137 1628 3224 quolibet
1650 3135 1747 3202 modo
1764 3137 1796 3200 in
1815 3136 1866 3201 dei
1884 3135 2016 3201 servitio
2034 3144 2067 3200 et
2082 3134 2171 3200 beati
2188 3134 2326 3219 Andree

672 3235 882 3321 possiderant
904 3259 945 3303 ac
967 3259 1027 3323 per
1041 3249 1233 3325 preceptum
1257 3241 1331 3326 dive
1348 3242 1502 3326 memorie
1525 3241 1744 3326 progenitoris
1761 3240 1864 3304 nostri
1887 3239 2043 3304 roborata
2057 3237 2236 3318 habebant,
2261 3260 2326 3305 nos

671 3337 770 3405 modo
793 3363 901 3407 rerum
918 3343 1063 3408 omnium
1086 3346 1227 3408 creatori
1245 3353 1277 3410 et
1299 3343 1398 3411 beato
1416 3345 1582 3410 Germano
1606 3343 1850 3431 preclarissimo
1866 3343 1936 3408 eius
1959 3342 2140 3408 confessori
2157 3363 2216 3427 per
2234 3341 2325 3407 hanc
2350 3361 2386 3408 as

671 3455 820 3510 nostram
842 3447 1047 3532 imperialem
1078 3450 1277 3535 scripturam
1299 3450 1468 3515 firmamus
1500 3459 1599 3536 atque
1622 3450 1784 3514 immunes
1814 3446 1857 3513 ab
1882 3449 2027 3513 omnium
2050 3446 2220 3512 hominum
2243 3448 2324 3531 iugo

672 3573 744 3615 esse
768 3550 983 3616 decernimus.
1008 3553 1092 3617 Sunt
1114 3562 1223 3617 autem
1247 3554 1366 3640 prefati
1390 3553 1505 3619 alodes
1528 3554 1562 3618 in
1585 3552 1667 3618 locis
1692 3551 1805 3617 subter
1828 3553 1954 3637 positis,
1978 3551 2012 3616 id
2035 3560 2136 3616 estin
2150 3565 2325 3628 Tresvalles,

671 3673 699 3720 in
721 3670 863 3733 Oncenias,
897 3672 925 3720 in
948 3670 1109 3722 Canabellas
1133 3688 1193 3721 cum
1215 3672 1314 3723 finibus
1336 3674 1401 3734 suis,
1435 3673 1512 3722 terris
1535 3677 1562 3723 et
1584 3672 1678 3735 vineis,
1713 3673 1741 3721 in
1764 3673 1836 3734 Lari,
1869 3673 1898 3720 in
1926 3656 1993 3720 iam
2017 3652 2105 3720 dicto
2130 3669 2260 3734 coxiano,
2296 3672 2325 3719 in

672 3775 803 3837 Cotaleto,
831 3791 847 3822 s
870 3776 897 3824 in
921 3773 1037 3838 Saltone,
1071 3777 1099 3824 in
1121 3776 1296 3839 blarasianas,
1325 3778 1354 3826 in
1375 3758 1525 3842 Agnerrel,
1559 3777 1587 3825 in
1609 3775 1773 3826 Tauriuiano
1797 3781 1824 3826 et
1848 3777 1877 3824 in
1900 3780 1989 3824 monte
2011 3773 2147 3840 hliberga
2191 3757 2325 3824 Cuncta

672 3874 782 3930 autem
805 3864 865 3949 hec
881 3864 934 3928 vel
958 3866 1068 3929 omnia
1090 3865 1123 3928 in
1139 3863 1202 3929 hac
1226 3864 1343 3930 charta
1359 3865 1508 3951 superius
1531 3867 1655 3930 inserta
1671 3874 1704 3929 et
1727 3886 1747 3928 a
1765 3866 1845 3929 viris
1869 3863 2021 3929 fidelibus
2039 3865 2182 3928 omnium
2202 3864 2324 3930 factori
2349 3883 2386 3930 ao

672 3968 733 4033 deo
758 3977 790 4033 ct
812 3968 910 4034 beato
929 3968 1059 4052 Andree
1083 3968 1237 4054 apostolo
1254 3969 1377 4035 donata
1401 3978 1435 4034 et
1456 3991 1515 4054 per
1537 3977 1730 4055 preceptum
1754 3969 1904 4055 quamvis
1927 3968 2093 4054 perditum
2116 3967 2275 4032 roborata
2292 3978 2326 4035 et

672 4071 739 4137 alia
762 4094 861 4158 quam
884 4071 980 4157 plura
1002 4073 1083 4138 fisco
1107 4083 1220 4138 nostro
1244 4074 1443 4159 pertinentia
1471 4093 1532 4137 nos
1555 4081 1670 4138 nostra
1693 4081 1809 4160 sponte
1839 4073 1945 4138 eidem
1968 4071 2102 4137 domino
2125 4073 2324 4159 plasmatori

671 4186 866 4242 cunctorum
896 4186 996 4262 atque
1025 4178 1233 4243 sanctissimo
1263 4176 1386 4244 Christi
1416 4179 1598 4244 confessori
1627 4177 1795 4244 Germano
1825 4175 1920 4241 simul
1955 4177 1989 4240 in
2018 4197 2117 4240 unum
2149 4175 2324 4251 donamus,

670 4281 872 4347 conferimus
895 4291 928 4348 et
951 4283 1021 4347 sine
1044 4281 1114 4347 ulla
1137 4284 1363 4348 reservatione
1387 4282 1553 4367 perhanc
1579 4282 1777 4367 scripturam
1794 4280 1982 4345 donationis
2006 4279 2039 4343 in
2065 4287 2228 4364 potestate
2244 4279 2325 4345 Pro·

672 4387 747 4451 tasii
772 4396 806 4452 et
820 4386 1058 4452 monachorum
1080 4389 1272 4473 conspectui
1289 4397 1402 4452 nostro
1427 4387 1607 4452 astantium
1625 4385 1796 4468 tradimus,
1820 4393 1857 4449 ut
1873 4404 2029 4448 mansuro
2054 4404 2157 4469 usque
2173 4384 2207 4446 in
2222 4383 2323 4448 finem
2348 4403 2383 4449 eo

672 4489 783 4576 seculo
807 4499 940 4555 maneat
971 4489 1089 4555 stabile
1113 4500 1145 4556 et
1174 4492 1304 4557 firmum
1327 4490 1454 4577 absque
1483 4490 1687 4577 disruptione
1712 4490 1855 4556 omnium
1878 4487 2058 4571 hominum,
2094 4485 2183 4573 quod
2205 4497 2323 4554 nostro

672 4595 758 4660 dono
774 4594 877 4680 regali
901 4595 1103 4681 possiderint
1118 4599 1150 4660 in
1176 4597 1310 4661 servitio
1328 4595 1450 4661 domini
1475 4606 1507 4661 et
1524 4595 1682 4662 Germani
1706 4595 1786 4661 dicti
1802 4593 1953 4659 monachi
1976 4593 2125 4657 viventes
2141 4590 2325 4656 secundum

672 4702 755 4765 scita
778 4701 855 4765 almi
879 4701 1062 4767 Benedicti.
1108 4703 1283 4788 Episcopis
1306 4710 1427 4782 autem,
1457 4700 1662 4786 adquorum
1686 4699 1842 4764 diocesim
1866 4698 2029 4783 pertinere
2057 4696 2206 4761 noscitur
2229 4695 2325 4762 locus

672 4805 866 4890 prelibatus,
901 4816 934 4871 et
956 4805 1130 4872 comitibus
1154 4829 1193 4872 ac
1217 4805 1382 4871 iudicibus
1406 4805 1536 4870 illarum
1561 4804 1706 4890 partium
1733 4802 1850 4867 vicinis
1874 4800 2015 4887 aliisque
2041 4797 2195 4864 fidelibus
2217 4802 2323 4885 preci-

671 5015 817 5100 perditas
842 5014 983 5100 diripere
1006 5015 1238 5100 possessiones
1260 5015 1462 5096 monasterii,
1486 5035 1552 5078 non
1576 5013 1769 5099 permittant
1791 5013 1839 5076 eis
1862 5011 2031 5095 invadere,
2057 5010 2116 5076 sed
2137 5011 2325 5099 perquisita

671 5128 770 5205 atque
793 5121 927 5184 inventa
942 5120 990 5183 rei
1013 5119 1151 5184 veritate
1167 5117 1263 5182 iuxta
1279 5119 1498 5183 assertionem
1520 5118 1752 5183 honestorum⁸
1776 5117 1919 5180 virorum
1936 5115 2130 5200 prohibeant
2152 5113 2325 5201 prevalere

671 5221 871 5288 voluntatem
889 5244 1075 5309 pravorum.
1103 5218 1339 5287 Celsitudinis¹
1352 5223 1438 5288 enim
1462 5231 1575 5308 nostre
1591 5231 1792 5308 preceptum,
1818 5223 1902 5286 utin
1918 5218 2146 5286 honorabeati
2164 5218 2324 5285 Germani

671 5327 867 5393 fundaretur
895 5328 929 5392 in
953 5327 1104 5393 Coxiano
1140 5325 1325 5411 cenobium,
1360 5347 1525 5391 unacum
1555 5327 1665 5391 omnia
1687 5327 1720 5391 in
1749 5325 1812 5390 hae
1836 5324 1988 5391 chartula
2015 5325 2138 5390 inserta
2162 5323 2323 5409 scriptum

746 5499 807 5555 atto
826 5501 854 5566 b)
872 5503 987 5567 medicat
1005 5513 1059 5552 aaa
1078 5498 1129 5552 der
1150 5498 1215 5553 Uria
1234 5497 1325 5551 Karta
1344 5497 1370 5551 d.
1389 5499 1426 5553 K.
1532 5499 1556 5562 c)
1574 5498 1713 5551 satwcder
1731 5496 1810 5551 sollte
1829 5512 1857 5551 es
1875 5497 1985 5550 baiesen
2007 5495 2111 5565 arratoe
2129 5493 2179 5548 der
2203 5493 2288 5546 Varla
2309 5511 2324 5548 e
2347 5494 2380 5541 45

826 5587 872 5636 pro
892 5570 1039 5620 stabilitate
1058 5571 1143 5620 nostri
1162 5571 1245 5620 totius
1263 5570 1369 5634 imperii
1387 5568 1455 5621 oder
1474 5575 1564 5619 nostro
1585 5575 1641 5619 toto
1659 5571 1772 5634 imperio
1877 5568 1904 5633 d)
1922 5566 1953 5619 irs
1972 5563 2022 5619 der
2043 5563 2109 5619 Urk.
2127 5563 2217 5618 Karta
2237 5563 2264 5616 d.
2316 5603 2323 5614 .

826 5638 872 5690 die
889 5637 1101 5691 obroeichsndea
1120 5636 1354 5700 Ncmcnsformerr
1373 5639 1489 5689 Ocenias
1507 5637 1560 5702 (bct
1578 5635 1683 5690 Murra
1702 5639 1757 5690 810
1774 5647 1807 5690 rr⁰
1821 5639 1854 5690 41
1875 5636 2024 5702 0ccsuias),
2052 5636 2129 5697 Lare,
2147 5633 2324 5698 Maridianaa

824 5711 947 5774 Agnerra
1016 5710 1042 5774 e)
1060 5708 1213 5759 bonestiurn
1231 5706 1258 5760 B
1327 5708 1522 5774 {loelsitudini
1540 5706 1567 5759 B

705 5813 725 5876 ¹)
743 5811 780 5865 Ia
799 5811 849 5865 der
871 5811 1005 5866 Urtorrde
1023 5811 1071 5865 des
1091 5810 1162 5866 Abts
1181 5810 1333 5865 Pretorius
1350 5810 1412 5863 arrd
1433 5809 1576 5864 Gerrcssea
1595 5825 1647 5864 vora
1665 5813 1728 5872 878,
1751 5807 2022 5873 collustratos,
2041 5810 2095 5862 479
2112 5817 2146 5860 ao
2160 5809 2184 5869 5,
2212 5803 2325 5884 werdere

743 5898 800 5934 aar
818 5887 945 5950 peccaut
963 5884 1104 5948 Fangauo,
1122 5883 1283 5944 Pommaria
1303 5882 1423 5943 Corano,
1443 5880 1488 5933 dic
1507 5879 1625 5949 ebriens
1643 5879 1743 5948 schiera,
1762 5880 1885 5948 doeepea
1903 5876 2000 5944 findat
2018 5876 2077 5932 sicis
2091 5875 2193 5930 noch&
2211 5879 2325 5928 uertere
2348 5875 2383 5924 50

744 5950 863 6006 Norunt.
