5642 7159
1077 717 1197 776 KABIr
1220 716 1308 776 nnn
1330 716 1495 776 unossn
1518 747 1569 774 -.
2078 709 2142 772 469

500 906 586 972 illuri
616 906 726 971 animo
755 919 933 982 concedimus,
968 924 999 969 ut
1020 921 1049 968 in
1071 918 1223 970 elemosinis
1250 932 1397 983 pauperum
1420 922 1447 969 et
1468 917 1497 967 in
1519 917 1658 984 stipendiis
1680 917 1870 969 monachorum
1892 899 1991 968 ibidem
2013 915 2063 968 deo
2087 898 2142 967 (le-

503 1010 712 1076 servientium
736 1008 870 1073 cottidie
898 1021 1070 1087 proficiatis
1092 1028 1264 1088 augmentum
1293 1014 1391 1093 atque
1420 1028 1532 1072 eorum
1563 1007 1667 1071 oratio
1691 1026 1752 1093 pro
1782 1005 1878 1072 nobis
1906 1004 2143 1092 acceptabilior

500 1118 699 1181 interveniat
721 1113 765 1178 ad
789 1113 967 1178 (lominum.
1001 1127 1038 1178 Et
1059 1113 1087 1177 si
1111 1127 1217 1193 quando
1233 1144 1249 1177 s
1272 1127 1363 1177 divina
1385 1111 1590 1176 institutione
1613 1124 1782 1190 supradictus
1805 1125 1888 1176 abbas
1910 1125 1954 1176 rel
1975 1141 2142 1178 successores

501 1238 558 1285 sius
580 1251 597 1282 s
619 1235 652 1283 ab
674 1234 726 1284 hac
746 1233 807 1284 lues
829 1233 1009 1299 migraverint
1043 1215 1161 1280 fratres
1184 1239 1227 1280 ex
1251 1237 1311 1280 aua
1339 1215 1595 1299 congregatione
1622 1214 1837 1284 communiter
1860 1230 1992 1292 abusum,
2027 1233 2073 1296 qui
2096 1247 2142 1283 sos

463 1339 479 1388 b
501 1337 647 1389 secundum
668 1336 788 1403 regulam
809 1353 826 1384 s
847 1351 939 1402 regere
962 1334 1057 1398 valeat,
1081 1335 1196 1402 eligendi
1218 1334 1355 1386 licentiam
1377 1335 1501 1385 habeant
1536 1318 1760 1386 Admonemus
1784 1320 1883 1384 etiam
1907 1319 2063 1386 abbatem
2087 1321 2142 1407 qui

501 1436 611 1512 presto
629 1435 679 1492 est
695 1428 829 1511 eiusque
846 1424 1096 1490 suecessoribus
1114 1423 1329 1510 imperialiter
1344 1423 1613 1502 contradicimus,
1636 1445 1677 1489 ne
1692 1446 1745 1488 res
1762 1423 1993 1510 stipendiariae
2013 1422 2142 1490 alendis

500 1529 670 1596 monachis
694 1528 864 1594 dedicatas
889 1527 929 1594 de
946 1529 1018 1594 sinu
1040 1528 1233 1593 monasterii
1247 1525 1400 1614 raptenth
1423 1538 1456 1593 et
1472 1526 1677 1592 secularibus
1699 1526 1751 1592 vel
1775 1526 1874 1591 alicui
1895 1529 1930 1592 in
1952 1526 2141 1594 benefitium

501 1634 656 1715 tribuant,
680 1633 759 1718 quia
781 1634 837 1718 pia
859 1631 973 1716 religio
998 1631 1192 1718 proclamat,
1216 1654 1258 1696 ne
1282 1632 1369 1697 servi
1393 1631 1445 1696 dei
1467 1629 1641 1696 tabescant
1662 1630 1776 1716 iuopia
1799 1639 1831 1696 et
1854 1631 1909 1717 qui
1932 1653 1998 1696 non
2021 1631 2142 1698 debent

501 1738 663 1803 ditescant
678 1738 786 1822 copia.
810 1736 845 1801 Si
862 1736 936 1822 quis
952 1744 1062 1800 autem
1085 1733 1192 1800 abbas
1207 1735 1340 1800 incaute
1362 1743 1421 1800 aut
1436 1731 1624 1800 temerarie¹
1648 1733 1736 1819 quod
1752 1734 1921 1800 sanximus
1937 1735 2140 1821 perfregerit,

447 1860 479 1908 ιο
502 1840 589 1928 quod
613 1842 733 1906 iniuste
756 1838 880 1917 tribuit,
914 1840 999 1904 iuste
1020 1839 1149 1905 auferat
1171 1848 1204 1904 et
1225 1838 1408 1904 membrum
1431 1838 1572 1904 fractum
1596 1834 1775 1903 diminute¹¹
1804 1837 1997 1905 consolidet.
2044 1840 2142 1921 Quod

500 1947 527 2010 si
550 1944 637 2010 male
659 1945 750 2010 facta
773 1945 806 2008 in
829 1944 945 2009 melius
967 1944 1147 2008 reformare
1169 1941 1310 2008 voluerit
1333 1952 1366 2007 et
1381 1942 1575 2028 nequiverit,
1600 1951 1765 2030 superstes
1784 1944 1854 2009 eius
1877 1953 1991 2010 nostra
2012 1955 2140 2011 nostro·

499 2072 636 2135 rumque
653 2071 884 2116 successorum
900 2049 1063 2114 sententia
1078 2047 1253 2113 roboratus
1270 2047 1430 2122 emendet,
1448 2048 1536 2133 quod
1553 2070 1633 2113 suus
1649 2057 1839 2114 antecessor
1853 2048 1998 2114 admisit.
2024 2049 2141 2115 Adhuc

500 2154 599 2218 etiam
626 2152 751 2238 placuit
778 2151 874 2217 nobis
898 2151 938 2216 de
966 2150 1098 2217 famulis
1126 2150 1272 2217 eiusdem
1300 2153 1493 2217 monasterii
1522 2151 1733 2217 diffinitiones
1763 2153 1880 2226 facere,
1916 2152 2072 2219 videlicet
2100 2154 2141 2220 de

499 2259 628 2323 feminis
651 2256 764 2322 liberis
786 2255 839 2321 vel
862 2255 1051 2321 famulabus
1075 2257 1213 2321 aliarum
1237 2255 1455 2321 ecclesiarum
1471 2255 1598 2321 scilicet
1621 2257 1781 2320 maiorum
1804 2255 1858 2320 vel
1880 2258 2053 2339 minorum,
2078 2280 2140 2344 que

447 2378 478 2427 in
501 2385 543 2428 ex
565 2361 695 2428 famulis
724 2361 870 2446 predicte
893 2360 1031 2426 ecclesie
1057 2360 1131 2444 [vel]
1164 2362 1356 2425 monasterii
1377 2360 1563 2426 voluntarie
1592 2359 1840 2446 copulaverunt,
1876 2359 1936 2445 [ut]
1961 2383 2021 2446 per
2041 2361 2140 2427 huius

499 2466 603 2530 nostri
634 2465 779 2551 precepti
804 2465 1034 2529 auctoritatem
1065 2466 1134 2530 sine
1158 2466 1302 2530 omnium
1333 2464 1594 2529 contradictione
1622 2474 1756 2530 sanetus
1785 2464 1879 2531 locus
1906 2453 2140 2532 inviolabiliter

499 2568 680 2654 possideat.
705 2569 827 2634 Verum
842 2585 865 2633 si
880 2585 940 2649 quis
963 2568 1093 2651 amodo,
1118 2567 1205 2655 quod
1221 2570 1367 2635 futurum
1390 2589 1456 2633 non
1479 2566 1653 2642 credimus,
1677 2567 1867 2654 patriarcha
1889 2568 1941 2634 vel
1964 2571 2141 2656 episcopus

498 2672 551 2737 vel
574 2673 642 2737 dux
664 2672 716 2737 vel
732 2671 877 2736 marchio
901 2671 953 2736 vel
977 2693 1088 2739 comes
1111 2695 1168 2737 seu
1191 2672 1310 2759 aliquis
1333 2671 1485 2756 publicus
1509 2670 1757 2739 administrator
1772 2681 1832 2738 ant
1854 2673 1985 2759 privata
2000 2694 2142 2760 persona

500 2775 659 2841 adversus
687 2777 791 2840 nostri
822 2777 969 2862 precepti
998 2777 1123 2863 scripta
1150 2777 1319 2861 insurgere
1347 2785 1405 2842 aut
1434 2774 1580 2860 qualibet
1609 2777 1784 2842 occasione
1815 2792 1916 2844 molare
1942 2795 2140 2859 presumpserit,
2259 2825 2263 2832 -

445 2898 479 2947 20
501 2880 740 2965 quinquaginta
762 2894 837 2945 libris
858 2897 918 2944 suri
944 2882 1017 2967 puri
1047 2889 1080 2945 et
1101 2879 1324 2967 probatissimi
1348 2901 1383 2945 se
1406 2888 1586 2964 cognoscat
1608 2901 1682 2944 esse
1698 2881 1908 2965 puniendum,
1931 2880 2140 2948 medietatem

500 2983 604 3048 eidem
633 2983 771 3048 ecclesie
800 2983 959 3049 solvendo
983 2993 1016 3047 et
1043 2983 1252 3049 medietatem
1281 2983 1406 3070 palatio
1436 2990 1560 3049 nostro.
1603 2997 1639 3048 nt
1661 3003 1692 3049 ut
1713 3000 1763 3050 hes
1790 2985 1971 3071 imperialis
1994 2989 2139 3073 precepti

499 3089 669 3153 concessio
694 3089 815 3153 certius
844 3102 968 3154 credatur
989 3109 1017 3154 st
1038 3112 1097 3173 per
1121 3090 1231 3154 futura
1253 3097 1405 3174 tempora
1433 3103 1587 3170 diligentius
1616 3109 1743 3154 summa
1766 3104 1951 3156 observatione
1981 3098 2139 3174 teneatur,

499 3222 580 3258 maun
601 3208 710 3273 propria
733 3190 989 3276 subscripsimus
1012 3213 1039 3259 et
1061 3208 1135 3258 anuli
1157 3209 1240 3259 nostri
1263 3209 1437 3273 impressione
1460 3207 1572 3275 sigillari
1595 3209 1730 3258 iussimus.

603 3362 714 3428 Signum
736 3350 803 3429 (dl.)
827 3362 917 3414 domni
939 3348 1058 3414 Kuruli
1081 3364 1265 3431 gloriosissimi
1288 3350 1505 3435 imperatoris.

443 3504 477 3553 aa
601 3503 697 3554 Petrus
719 3503 895 3555 cauceusrius
917 3490 950 3553 in
974 3491 1140 3574 presentia
1162 3490 1266 3576 ipsius
1289 3490 1499 3575 imperatoris
1523 3491 1650 3575 scripsi.

599 3643 671 3692 naus
699 3630 812 3714 quinto
841 3629 915 3694 idue
944 3645 1036 3710 aprilis
1059 3659 1129 3695 anno
1158 3629 1321 3704 dominice
1353 3629 1590 3694 incarnationis
1621 3628 1911 3715 septingentesimo
1942 3631 2065 3715 quinto,
2100 3646 2137 3693 in-

498 3746 614 3797 dictione
638 3732 751 3817 quinta
775 3731 917 3816 decima,
941 3754 1030 3799 ectum
1052 3734 1085 3797 in
1108 3732 1300 3820 Aquilsgiit3
1336 3750 1365 3799 in
1388 3749 1431 3800 dei
1453 3749 1560 3800 nomine
1582 3748 1696 3799 feliciter
1718 3763 1802 3800 amen.

1274 4063 1361 4139 312.

1225 4222 1407 4302 (nascit.)

445 4398 479 4448 ao
500 4378 595 4449 Karl
622 4381 685 4451 der
716 4378 844 4453 Grosse
870 4328 1008 4453 temnit
1034 4382 1099 4452 mit
1124 4382 1203 4453 dem
1229 4379 1368 4471 Herzog
1389 4379 1578 4470 Nortepert
1604 4380 1682 4451 dem
1709 4376 1853 4452 Kloster
1879 4378 1922 4450 N
1925 4381 2140 4451 ascutula

498 4500 590 4571 seiae
611 4500 706 4590 Hise
731 4504 768 4573 iu
796 4503 889 4574 seclus
922 4501 1172 4592 Grcfsebuliea
1196 4503 1361 4574 Passieno
1387 4504 1452 4574 mit
1478 4499 1645 4587 sirenes,
1674 4501 1762 4573 Zius
1788 4503 1863 4574 aad
1883 4501 2038 4574 chmteu
2064 4503 2139 4573 aad

498 4623 694 4694 unterstellt
719 4645 754 4695 es
780 4623 1006 4696 uomittelbcr
1032 4626 1097 4697 der
1122 4623 1315 4696 simbolica
1341 4623 1483 4696 Kirebe.

602 4914 760 4988 Abacbrist
782 4915 832 4976 des
857 4921 907 4978 13.
932 4916 985 4977 Jb.
1009 4919 1052 4977 im
1074 4917 1246 4977 Aretissa
1267 4917 1445 4977 Nonuntula
1469 4917 1533 4996 (B).

601 5056 758 5115 Muratori
780 5055 852 5115 Ant.
875 5056 945 5116 Ital.
968 5057 998 5127 5,
1022 5059 1086 5116 647
1108 5073 1143 5116 ec
1165 5059 1324 5131 antiquiss.
1348 5073 1452 5130 apogr.
1476 5057 1535 5115 tub.
1559 5055 1691 5152 Noscant.
1715 5053 1769 5134 (Β)
1794 5078 1835 5111 =
1857 5055 1950 5115 Lami
1971 5055 2055 5114 Meu.
2073 5054 2138 5114 ecci.

599 5158 840 5230 Florentinum,
858 5160 922 5220 542
940 5159 1170 5233 uuoollstundiq,
1194 5182 1236 5215 =
1258 5161 1362 5234 Mipm
1376 5159 1490 5219 Patrai.
1507 5164 1559 5237 97,
1583 5163 1669 5220 1002
1682 5165 1716 5217 πθ
1730 5163 1760 5219 3.
1786 5191 1825 5203 —
1852 5159 2024 5220 iirubosolu'
2039 5158 2141 5220 Storio

601 5263 879 5333 ctiNouuutoioi,
901 5267 1136 5324 27a⁰12ass
1159 5264 1197 5325 B.
1222 5296 1263 5308 -
1286 5264 1480 5324 Msbibaoher
1501 5265 1572 5339 Res.
1595 5267 1658 5325 369
1683 5262 1783 5342 (360).

601 5402 630 5461 B
658 5405 697 5462 ist
720 5402 847 5476 oiclsach
875 5404 1016 5463 verbiusst
1044 5403 1108 5462 aad
1135 5403 1323 5474 uuleseriicb,
1358 5421 1407 5462 am
1430 5404 1523 5463 Raeti
1549 5422 1590 5463 au
1611 5403 1699 5463 Estde
1721 5403 1785 5462 aad
1806 5401 1934 5475 Aafaap
1961 5402 2014 5461 der
2039 5401 2140 5460 Zeileo

602 5507 777 5579 beschddipt,
801 5508 868 5567 seir
889 5508 983 5567 ticine
1000 5506 1115 5580 Sebrift
1137 5510 1191 5566 mit
1214 5508 1335 5567 sterben
1350 5508 1554 5580 Rursusque,-
1577 5507 1624 5566 die
1639 5509 1825 5581 Eruimuup
1848 5507 1901 5566 der
1915 5508 1991 5580 jetst
2006 5507 2139 5566 uniuer-

602 5609 697 5669 lichen
719 5612 826 5683 Worte,
849 5614 949 5671 soweit
970 5614 1066 5670 eicite
1089 5612 1215 5670 auderes
1238 5611 1363 5670 bomem
1386 5613 1436 5682 ist,
1460 5629 1516 5671 aas
1540 5611 1596 5670 deu
1619 5613 1732 5670 ditores
1752 5611 1892 5670 Drucisea
1914 5629 1970 5671 oon
1985 5611 2140 5670 Muratori

602 5714 666 5774 aad
683 5715 864 5775 Yiraboscbi.
892 5748 928 5758 -
953 5716 1125 5789 nauseasse
1148 5716 1222 5774 ohne
1230 5714 1300 5788 Jede
1322 5714 1399 5772 ecbte
1420 5715 1543 5788 Vorlaye
1565 5733 1619 5775 oon
1642 5715 1806 5775 demselbee
1820 5715 1972 5788 Fulscber,
1996 5717 2048 5774 der
2062 5716 2139 5774 auch

603 5817 651 5876 die
678 5819 787 5876 andem
814 5819 986 5893 Fulscbuny
1014 5817 1079 5890 auf
1102 5818 1158 5877 den
1179 5818 1298 5879 Numen
1325 5817 1420 5876 Karia
1444 5817 1472 5878 ct.
1500 5818 1553 5879 Gr.
1576 5826 1611 5877 u⁰
1629 5823 1693 5880 313
1720 5818 1792 5890 aad,
1825 5821 1880 5877 wie
1906 5819 2050 5880 sacbiiclre
2075 5819 2139 5878 aad

576 6002 636 6058 811.
654 6003 682 6071 h)
702 6010 809 6071 reptant
826 6002 854 6056 B
922 6005 943 6072 i)
962 6007 1071 6057 temerie
1089 6004 1117 6058 B
1185 6006 1215 6071 k)
1235 6006 1367 6056 diminuto
1385 6003 1421 6057 B.
