5642 7159
1093 737 1212 797 KABlr
1236 736 1323 796 ΗΕΒ
1345 735 1515 796 θΒΟΒΒΕ
1539 730 1610 797 781.
2112 732 2172 798 189

628 921 773 988 Karolus
796 924 905 1007 gratia
928 923 980 987 dei
1002 896 1073 987 rex‘
1084 923 1288 987 Francorum
1311 931 1344 986 et
1365 919 1663 1005 Langobardorum
1691 942 1731 987 ac
1756 922 1914 1004 patricius
1937 922 2171 989 Romanorum.

629 1025 713 1093 (lum
739 1049 801 1092 nos
825 1029 859 1091 in
888 1026 940 1092 dei
968 1029 1101 1093 nomine
1125 1027 1294 1092 Curisiaco
1322 1025 1400 1091 villa
1428 1025 1554 1112 palatio
1582 1034 1696 1090 nostro
1727 1025 1772 1091 ad
1799 1027 2029 1092 universorum
2051 1049 2171 1093 causas

525 1131 709 1197 audiendas
732 1141 765 1196 et
786 1141 876 1197 recto
900 1130 1022 1196 iudicio
1045 1131 1269 1196 terminandas
1297 1130 1516 1196 resideremus
1539 1129 1650 1216 ibique
1678 1131 1837 1196 veniens·
1859 1130 2042 1196 advocatus
2065 1134 2171 1198 sancti

523 1236 677 1321 Dyonisii
701 1236 754 1302 vel
776 1236 913 1302 Fulradi
936 1233 1069 1301 abbatis
1092 1236 1224 1300 nomine
1247 1235 1321 1300 Ado
1346 1233 1441 1300 nobis
1465 1233 1664 1320 suggerebat
1688 1233 1810 1318 dicens,
1838 1256 1876 1300 eo
1901 1235 1990 1321 quod
2012 1236 2096 1302 inter
2117 1236 2171 1301 Ri-

484 1337 722 1427 opheronemb
744 1342 899 1405 comitem
922 1338 974 1404 vel
998 1360 1076 1403 suos
1100 1340 1286 1425 escapinios
1309 1340 1445 1423 inpage
1470 1338 1606 1404 Tellauo
1622 1341 1655 1403 in
1678 1339 1779 1404 mallo
1798 1338 1930 1426 publico
1955 1341 2011 1427 qui
2035 1350 2173 1405 vocatur

523 1444 702 1509 Turcarias
719 1443 908 1510 advenisset
931 1451 965 1509 et
979 1442 1128 1508 homines
1150 1442 1279 1530 aliquos
1301 1443 1353 1508 his
1368 1441 1573 1508 nominibus:
1598 1443 1786 1509 Goduinum
1807 1451 1839 1509 et
1861 1465 2052 1530 germanum
2077 1467 2171 1510 suum

522 1546 721 1612 Flodoinum
744 1557 778 1613 et
800 1567 992 1632 germanam
1016 1567 1128 1612 eorum
1153 1545 1424 1629 Damascianam,
1450 1546 1508 1612 sed
1532 1557 1564 1612 et
1579 1547 1786 1634 Andgarium
1808 1557 1842 1614 et
1864 1549 2115 1615 Ercammarum
2139 1559 2172 1614 et

521 1651 712 1730 Jonatham,
747 1651 991 1738 interpellasset
1013 1659 1165 1735 repetens
1195 1649 1310 1714 abeis
1339 1658 1372 1715 et
1396 1650 1519 1731 dicens,
1549 1673 1587 1716 eo
1617 1651 1705 1738 quod
1732 1675 1802 1717 rem
1832 1654 1937 1718 sancti
1960 1653 2115 1740 Dyonisii
2138 1655 2170 1718 in

522 1759 594 1842 ipso
617 1778 704 1843 pago
721 1756 860 1823 'Pellauo
876 1758 910 1822 in
933 1754 1006 1820 loco
1023 1756 1078 1841 qui
1096 1755 1215 1820 dicitur
1231 1753 1437 1840 Sonarciaga
1453 1754 1531 1820 villa
1550 1777 1649 1840 super
1663 1755 1798 1822 fluvium
1814 1756 1891 1838 ltta,
1915 1777 2012 1842 quem
2034 1765 2170 1821 sanctus

469 1876 500 1925 ιο
522 1860 705 1947 Dyonisius
728 1883 903 1947 persuum
932 1859 1103 1925 brachium
1127 1861 1337 1946 conquisivit,
1371 1869 1449 1946 post
1473 1881 1508 1924 se
1538 1859 1725 1926 retinebant
1746 1863 1779 1926 in
1809 1884 1869 1926 sua
1895 1869 2059 1948 potestate
2082 1860 2169 1926 malo

522 1964 645 2030 ordine.
675 1963 741 2029 Sed
756 1965 820 2051 ipsi
836 1964 1019 2030 Flodoinus
1043 1974 1077 2030 et
1093 1962 1268 2029 Goduinus
1291 1973 1324 2028 et
1340 1984 1452 2029 eorum
1469 1985 1627 2050 germana
1643 1965 1832 2049 Damascia,
1857 1964 1915 2030 sed
1931 1973 1964 2030 et
1978 1963 2170 2049 Andgarius

521 2078 555 2133 et
576 2068 812 2134 Ercammarus
836 2078 869 2134 et
890 2066 1055 2135 Jonathas
1078 2069 1112 2133 in
1135 2069 1280 2154 presenti
1304 2067 1442 2133 aderant
1465 2078 1498 2133 et
1525 2090 1599 2132 cum
1623 2068 1881 2154 interrogaretur
1903 2068 1946 2133 ab
1970 2069 2026 2150 eis,
2060 2077 2169 2133 utrum

521 2171 600 2257 quid
616 2172 657 2238 de
673 2172 736 2237 bac
751 2194 854 2238 causa
877 2182 993 2237 contra
1009 2171 1173 2238 hominem
1196 2172 1329 2236 nomine
1345 2171 1507 2254 Adonem,
1531 2170 1731 2238 advocatum
1748 2173 1854 2238 sancti
1872 2172 2036 2258 Dyonisii,
2060 2171 2169 2237 dicere

520 2275 652 2360 vellent,
675 2299 854 2362 numquam
872 2284 1049 2363 potuerunt
1064 2275 1196 2341 tradere
1212 2274 1263 2339 vel
1281 2274 1444 2340 deducere
1460 2276 1630 2358 rationem,
1654 2298 1828 2363 perquam
1851 2277 1956 2362 ipsam
1972 2298 2041 2341 rem
2061 2277 2169 2341 sancti

467 2395 498 2443 15
520 2381 675 2466 Dyonisii
700 2379 938 2466 Sonarciagam
961 2378 1076 2444 villam
1099 2378 1220 2444 habere
1244 2379 1441 2464 potuissent,
1477 2378 1536 2442 sed
1558 2380 1621 2465 ipsi
1650 2402 1709 2466 per
1731 2400 1809 2444 suos
1839 2381 1962 2445 wadios
1990 2377 2113 2444 ibidem
2136 2379 2169 2442 in

519 2486 663 2570 presenti
686 2486 849 2571 prefatum
872 2485 1034 2566 Adonem,
1059 2483 1258 2549 advocatum
1283 2484 1391 2548 sancti
1408 2482 1575 2568 Dyonisii,
1600 2484 1840 2549 investiverunt
1862 2494 1895 2550 et
1916 2483 2015 2549 fldem
2038 2483 2168 2566 exinde,

519 2589 605 2652 sicut
619 2587 674 2653 lex
691 2589 863 2672 continuit,
886 2587 1009 2653 ibidem
1027 2589 1185 2652 fecerunt.
1209 2586 1352 2652 Proinde
1370 2594 1567 2671 oportunum
1583 2587 1645 2652 fuit
1659 2589 1721 2674 ipsi
1738 2588 1858 2671 Adoni,
1881 2587 2045 2653 advocato
2063 2589 2170 2652 sancti

519 2691 688 2778 Dyonisii,
723 2701 760 2756 ut
776 2690 888 2758 ‚talem
919 2693 1076 2757 noticiam
1108 2689 1272 2757 bonorum
1300 2691 1469 2771 hominum
1498 2712 1598 2756 manu
1632 2692 1797 2758 firmatam
1824 2693 1877 2758 vel
1905 2693 2011 2779 ipsius
2039 2692 2169 2757 comitis

518 2796 650 2859 nomine
673 2795 821 2881 Ripherii
844 2817 902 2861 seu
926 2795 981 2881 qui
1005 2794 1128 2860 ibidem
1150 2797 1283 2861 fuerunt
1305 2795 1458 2860 sedentes
1482 2795 1643 2882 prendere
1665 2807 1698 2863 et
1721 2799 1871 2885 accipere
1895 2797 2044 2879 deberet;
2080 2796 2170 2882 quod

463 2917 497 2965 ao
519 2900 566 2964 ita
589 2909 622 2964 et
644 2900 731 2982 fecit,
760 2911 796 2966 ut
819 2900 863 2964 ad
886 2899 1021 2984 longum
1045 2909 1175 2987 tempus
1198 2902 1308 2986 ipsam
1336 2922 1405 2964 rem
1430 2899 1665 2986 Sonarciagam
1688 2902 1801 2967 villam
1829 2911 1945 2967 contra
1971 2903 2037 2966 iam
2061 2901 2168 2968 dictos

517 3003 665 3070 homines
688 3005 732 3070 ad
755 3013 882 3090 partem
907 3006 1014 3070 sancti
1038 3005 1190 3092 Dyonisii
1215 3004 1337 3071 habeat
1360 3005 1592 3071 evendicatam
1615 3016 1648 3071 et
1670 3005 1871 3096 elidigatam.
1895 3004 1991 3071 Unde
2014 3014 2047 3070 et
2069 3005 2168 3070 advo·
2215 3043 2217 3047 ι

518 3116 614 3173 catus
643 3111 748 3173 sancti
772 3108 926 3196 Dyonisii
960 3108 1013 3174 vel
1036 3108 1172 3175 Fulradi
1202 3109 1345 3192 abbatis,
1379 3109 1534 3175 videlicet
1557 3109 1642 3193 Ado,
1680 3131 1773 3174 suam
1803 3111 1968 3192 noticiam,
2003 3130 2102 3195 quam
2133 3130 2168 3174 se

517 3215 690 3299 proposuit
712 3211 844 3296 habere,
873 3223 950 3279 ante
973 3235 1033 3278 nos
1057 3213 1186 3300 legibus
1210 3215 1328 3302 optulit
1350 3213 1402 3279 vel
1427 3213 1677 3300 adpresentavit
1699 3212 1743 3278 ad
1764 3212 1987 3298 relegendum.
2032 3211 2167 3277 Relecta

518 3318 593 3403 ipsa
615 3318 739 3382 noticia
760 3319 997 3402 interrogatum
1020 3318 1083 3383 fuit
1105 3318 1148 3383 ab
1171 3318 1245 3402 ipso
1268 3316 1411 3403 Riphero
1436 3317 1567 3401 comite,
1601 3318 1630 3381 si
1653 3316 1713 3382 hec
1737 3338 1840 3380 causa
1862 3315 1915 3381 vel
1949 3317 2023 3401 ipsa
2044 3316 2167 3380 noticia

461 3434 495 3484 25
517 3444 596 3486 vera
619 3432 651 3488 et
674 3445 777 3488 verax
801 3432 872 3488 erat
895 3432 954 3488 aut
975 3444 1057 3504 non3
1082 3421 1141 3487 sed
1163 3422 1235 3507 ipse
1251 3421 1413 3509 Ripherus
1437 3443 1547 3486 comes
1569 3420 1664 3486 nobis
1680 3421 1791 3487 taliter
1814 3442 1909 3487 suum
1932 3418 2064 3506 prebuit
2078 3418 2167 3484 testi-

517 3526 673 3608 monium,
698 3526 787 3613 quod
810 3524 871 3592 hcc
895 3548 996 3591 causa
1020 3527 1072 3592 vel
1094 3528 1171 3612 ipsa
1193 3527 1315 3590 noticia
1337 3548 1417 3592 vera
1433 3535 1465 3592 et
1486 3549 1592 3592 verax
1608 3537 1706 3592 esset.
1735 3525 1875 3592 Proinde
1891 3547 1950 3591 nos
1974 3524 2085 3591 taliter
2100 3545 2167 3589 una

517 3651 592 3694 cum
615 3628 768 3695 fidelibus
791 3631 913 3696 nostris
937 3631 972 3696 id
994 3639 1045 3696 est
1067 3629 1232 3695 Richardo
1257 3632 1387 3713 comite,
1424 3629 1620 3697 Gunthardo
1644 3633 1772 3706 comite,
1801 3630 2011 3696 Theutbaldo
2036 3630 2165 3712 comite,

517 3732 697 3820 Griphone,
732 3733 889 3818 Geroldo,
923 3734 1118 3819 Nortboldo,
1149 3734 1333 3820 Winegiso,
1363 3734 1549 3819 Walberto,
1583 3734 1748 3821 Gisloldo,
1777 3735 1913 3819 Aroino,
1946 3732 2166 3815 Theutboldo,

517 3835 702 3902 Constabili
731 3849 763 3904 et
786 3839 946 3905 Waraldo
976 3841 1095 3906 comite
1123 3839 1240 3926 palatii
1268 3839 1371 3905 nostri
1398 3839 1452 3904 vel
1480 3839 1615 3926 reliquis
1645 3861 1744 3926 quam
1775 3839 1924 3926 pluribus
1954 3838 2018 3903 visi
2047 3838 2167 3903 fuimus

460 3956 494 4004 ao
516 3939 692 4024 iudicasse,
714 3951 751 4006 ut
770 3941 847 4007 dum
871 3944 943 4029 ipse
958 3942 1142 4029 Ripherus⁰
1165 3965 1275 4010 comes
1299 3943 1409 4009 taliter
1432 3943 1529 4009 nobis
1554 3966 1649 4009 suum
1672 3943 1803 4030 prebuit
1819 3945 2053 4027 testimonium,
2078 3939 2168 4029 quod

517 4042 577 4107 hec
600 4065 702 4108 causa
725 4044 778 4111 vel
801 4047 875 4132 ipsa
898 4048 1023 4113 noticia
1045 4070 1150 4113 verax
1174 4057 1271 4131 esset,
1294 4056 1469 4134 propterea
1492 4047 1653 4132 iubemus,
1678 4057 1724 4122 ut,
1749 4049 1827 4134 quia
1850 4047 1935 4113 hanc
1958 4068 2094 4112 causam
2118 4048 2167 4111 sic

516 4154 626 4213 actam
642 4146 695 4212 vel
710 4157 932 4234 perpetratam
950 4171 1024 4216 esse
1040 4152 1267 4237 cognovimus,
1292 4153 1538 4239 suprascriptus
1554 4151 1737 4219 advocatus
1755 4153 1861 4218 sancti
1877 4152 2031 4239 Dyonisii
2051 4159 2166 4216 contra

517 4258 594 4337 sepe
617 4250 723 4316 dictos
746 4252 894 4318 homines
917 4254 1067 4340 inspecta
1092 4278 1152 4321 sua
1180 4257 1304 4321 noticia
1326 4257 1393 4321 ium
1423 4256 1546 4322 dictam
1569 4256 1683 4322 villam
1706 4256 1944 4342 Sonarciagam
1973 4255 2018 4321 ad
2038 4265 2166 4342 partem

517 4357 623 4419 sancti
645 4355 800 4442 Dyonisii
826 4358 913 4422 omni
937 4367 1083 4446 tempore
1106 4358 1230 4425 habeat
1251 4359 1481 4425 evendicatam
1510 4370 1610 4447 atque
1633 4360 1824 4446 elidigatam
1849 4369 1882 4425 et
1904 4362 1947 4426 sit
1969 4361 2053 4425 inter
2074 4361 2165 4445 ipsos

460 4475 494 4525 as
517 4459 551 4523 in
574 4459 784 4545 postmodum
808 4483 850 4526 ex
874 4460 937 4526 bac
957 4486 993 4528 re
1017 4464 1106 4528 omni
1129 4472 1276 4550 tempore
1299 4467 1408 4550 sopita
1437 4475 1470 4530 et
1493 4463 1630 4531 definita
1653 4474 1753 4552 atque
1783 4464 1976 4530 inconvulsa
2003 4464 2165 4529 causatio.

619 4597 690 4684 Ego
714 4597 896 4665 Witherius
921 4602 1070 4668 notarius
1094 4602 1243 4669 advicem
1265 4601 1443 4670 Chrotardi
1465 4605 1653 4691 recognovi.

617 4719 708 4785 Data
730 4743 843 4788 mense
874 4722 1041 4788 decembri
1070 4723 1122 4789 die
1144 4743 1205 4789 xvr
1230 4747 1315 4791 anno
1339 4744 1418 4790 xr111
1440 4725 1533 4812 regni
1562 4727 1685 4807 nostri;
1722 4724 1833 4791 iudei
1862 4725 1992 4791 nomine
2017 4723 2164 4790 feliciter.

1297 4985 1382 5059 139.

514 5121 609 5193 Karl
635 5124 700 5194 der
731 5122 859 5196 Grossc
885 5125 1025 5196 solicolt
1052 5127 1129 5196 dom
1156 5127 1300 5199 Kloster
1325 5129 1472 5201 Fuldo
1498 5128 1563 5199 dos
1591 5127 1764 5216 Httnfcld.

458 5256 493 5306 40
1714 5251 1844 5327 Quierry
1868 5254 1927 5310 781
1953 5250 2120 5311 December.

623 5399 760 5473 Ortpinol
782 5403 824 5460 im
848 5401 1052 5462 Stoutsurclrio
1073 5422 1113 5462 aa
1135 5404 1283 5478 Marcum
1307 5404 1372 5483 (A).

618 5520 769 5581 Senserat
795 5523 885 5584 Trod.
909 5523 1002 5585 Falci.
1026 5529 1068 5584 34
1090 5531 1124 5584 n⁰
1139 5530 1181 5586 67
1203 5544 1259 5585 uus
1283 5527 1311 5585 A
1336 5549 1376 5582 =
1399 5529 1505 5602 Minue
1529 5531 1641 5591 Putrol.
1666 5535 1717 5601 97,
1742 5533 1827 5590 1063
1849 5536 1883 5588 n⁰
1903 5531 1954 5590 15.
1981 5563 2019 5572 —
2045 5530 2165 5589 Dronkc

618 5623 682 5688 OD.
698 5627 789 5687 Fuld,
814 5632 855 5688 45
878 5634 912 5687 a⁰
928 5633 971 5689 72
991 5647 1048 5689 aas
1071 5631 1109 5692 A.
1133 5665 1174 5674 -
1198 5631 1331 5705 Herquet
1355 5633 1437 5705 Sper.
1454 5633 1527 5705 dipl.
1544 5633 1636 5692 Fuld.
1653 5639 1695 5693 13
1718 5651 1775 5692 aas
1798 5634 1835 5693 A.
1860 5667 1902 5677 —
1925 5634 2013 5695 Fors.
2031 5635 2164 5708 Herquet

617 5730 636 5789 l.
660 5749 683 5790 c.
711 5732 743 5791 T.
768 5736 797 5802 4,
822 5733 1001 5794 Kaiserurlt.
1026 5736 1059 5791 ιἰι
1083 5734 1198 5794 Abbild.
1230 5734 1297 5806 VII,
1323 5738 1351 5796 1.
1376 5767 1416 5779 -
1440 5737 1635 5795 nllu'tlrlbaclrer
1658 5738 1729 5810 Περ.
1752 5742 1817 5798 248
1842 5737 1964 5820 (239).Ι

457 5897 491 5946 ⁴5
595 5900 651 5957 tm.
671 5903 697 5968 a)
714 5919 767 5970 que
784 5919 817 5954 ve
835 5919 888 5956 oon
908 5905 998 5958 Haud
1017 5904 1065 5958 des
1084 5908 1125 5957 16.
1138 5905 1184 5959 Jo.
1204 5921 1250 5957 αιιι
1263 5905 1351 5960 Rond
1369 5907 1575 6028 ssocprlpetrcqea
1644 5907 1757 5961 brtbcr
1776 5907 1823 5961 dic
1841 5908 2042 5974 Numeussorm
2061 5909 2163 5975 Ripher

666 5972 738 6038 (vom
751 5971 857 6026 Stumm
868 5975 921 6040 rip)
932 5974 1085 6044 pepcrsstber
1103 5973 1153 6027 der
1165 5975 1195 6027 F
1193 5991 1253 6028 orm
1266 5977 1341 6028 Riter
1358 5975 1401 6030 bei

1450 5976 1556 6030 obillon
1568 5977 1617 6047 opt.
1632 5977 1824 6031 Fdrstemoau
1838 5979 2081 6032 Personeunomca
2093 5979 2166 6030 1058

669 6042 696 6107 e)
712 6042 828 6108 Riperns
847 6042 882 6096 Β.
1833 6061 1836 6068 ·
