5642 7159
668 751 735 817 232
1267 754 1702 816 nsrssnusruunnr.
1781 725 1787 744 '

668 942 833 1008 credimus
855 942 1104 1024 munimentum,
1139 943 1166 1006 si
1194 942 1356 1008 beneficia
1391 952 1555 1029 oportuna
1581 940 1686 1008 locisl
1714 940 1927 1028 qcclesiarum
1957 943 2111 1010 benivola
2141 943 2315 1010 devotione

668 1045 880 1112 concedimus
903 1067 944 1110 ac
967 1045 1098 1110 domino
1122 1056 1315 1132 protegente
1339 1046 1500 1114 stabiliter
1523 1047 1720 1133 perdurare⁸
1735 1047 1986 1114 conscribimus.
2013 1049 2120 1135 Igitur
2135 1058 2250 1115 notum
2272 1049 2317 1114 sit
2426 1032 2430 1041 ¹

669 1150 820 1216 omnibus
843 1150 1007 1238 episcopis
1031 1149 1210 1217 abbatibus
1238 1152 1417 1217 comitibus
1444 1151 1729 1238 <vicecomitibus>
1763 1152 1895 1218 vicariis
1924 1153 2120 1218 centenariis
2149 1151 2316 1219 iudicibus

669 1277 727 1320 seu
750 1253 902 1321 omnibus
916 1254 1070 1324 fidelibus
1092 1255 1300 1343 presentibus
1317 1254 1445 1321 scilicet
1467 1266 1500 1322 et
1515 1257 1646 1338 futuris,
1671 1255 1813 1343 qualiter
1828 1256 1877 1321 vir
1899 1255 2096 1322 venerabilis
2114 1257 2315 1323 Benedictus

669 1357 757 1425 abba
780 1382 822 1424 ex
845 1362 1057 1443 monasterio,
1081 1360 1169 1446 quod
1192 1362 1263 1446 ipse
1280 1382 1365 1429 nouo
1390 1382 1488 1447 opere
1504 1361 1537 1425 in
1560 1384 1595 1426 re
1611 1357 1843 1447 proprietatis'
1862 1383 1883 1424 a
1899 1361 2120 1428 fundamentis
2143 1364 2177 1428 in
2192 1362 2355 1428 honores

669 1461 791 1528 domini
808 1462 883 1528 dei⁸
904 1460 967 1528 uc¹¹
991 1463 1171 1529 salvatoris
1194 1465 1299 1530 nostri
1319 1465 1394 1529 Iesu
1411 1461 1536 1530 Christi
1561 1487 1620 1529 seu
1637 1473 1772 1550 sanctq⁸
1794 1487 1989 1551 semperque
2010 1466 2146 1551 virginis
2170 1464 2316 1531 eiusdem

669 1564 736 1631 dei¹
757 1567 927 1653 genitricis
949 1567 1054 1633 Maria
1078 1590 1136 1633 seu
1159 1567 1296 1634 aliorum
1320 1577 1509 1634 sanctorum
1532 1567 1723 1633 hedificavit
1744 1569 1777 1633 in
1801 1568 1874 1633 loco
1897 1579 2109 1655 nuncupante
2126 1570 2259 1636 Aniano
2283 1571 2317 1634 in

668 1693 755 1759 pago
771 1670 1031 1756 Magdaloneuse
1059 1670 1193 1758 <subtus
1216 1681 1327 1737 castro
1344 1672 1457 1738 Monte
1474 1670 1680 1756 Calmense),
1705 1671 1749 1738 ad
1771 1681 1921 1738 nostram
1944 1674 2086 1738 accessit
2109 1673 2317 1739 clementiam

668 1786 701 1842 et
723 1776 910 1863 predictum
931 1778 1169 1842 monasterium
1193 1799 1269 1842 cum
1293 1776 1446 1842 omnibus
1469 1776 1568 1842 rebus
1593 1786 1625 1842 et
1649 1778 1851 1841 ornamentis
1875 1776 2013 1862 ecclesie
2032 1799 2089 1842 seu
2113 1777 2317 1864 appendiciis

668 1879 721 1945 vel
744 1881 941 1947 adiacentiis
965 1883 1032 1947 suis
1055 1883 1088 1946 in
1111 1881 1264 1949 manibus
1287 1883 1408 1947 nostris
1432 1881 1624 1968 plenissima
1647 1881 1884 1946 deliberatione
1899 1883 1990 1946 visus
2014 1891 2065 1947 est
2087 1881 2259 1968 delegasse
2283 1891 2316 1947 et
2340 1901 2371 1948 10

668 1987 779 2070 ipsum
807 1995 957 2051 sanctum
980 1986 1090 2051 locum
1123 1984 1182 2051 sub
1207 1996 1320 2052 nostra
1348 1985 1540 2053 defensione
1564 1995 1663 2072 atque
1692 1985 1917 2050 dominatione
1946 1985 1990 2050 ad
2017 1985 2197 2071 regendum
2221 1985 2318 2052 nobis

668 2089 761 2154 visus
777 2099 828 2155 est
843 2090 1032 2156 tradidisse.
1057 2091 1185 2156 Idcirco
1201 2091 1246 2157 ad
1269 2092 1340 2157 eius
1354 2091 1547 2178 petitionem
1572 2089 1671 2154 talem
1688 2111 1747 2176 pro
1764 2099 1876 2174 eterna
1891 2088 2107 2155 retributione
2122 2088 2317 2157 beneficium

669 2216 749 2280 erga
772 2197 880 2280 ipsum
904 2205 1056 2260 sanctum
1079 2195 1187 2260 locum
1203 2196 1266 2260 visi
1289 2196 1410 2262 fuimus
1426 2195 1617 2278 indulsisse,
1641 2194 1726 2259 utin
1751 2193 1901 2260 ecclesiis
1924 2202 1957 2258 et
1972 2193 2054 2259 locis
2076 2193 2129 2258 vel
2152 2196 2242 2280 agris
2259 2217 2318 2260 seu

669 2296 827 2385 reliquis¹²
849 2299 1116 2385 possessionibus
1138 2300 1241 2386 ipsius
1264 2295 1467 2381 monasterii,
1503 2320 1586 2384 quas
1610 2297 1767 2363 moderno
1792 2305 1940 2384 tempore
1963 2319 2022 2383 per
2044 2307 2193 2363 nostram
2216 2298 2317 2363 dona·

670 2405 791 2469 tionem
816 2425 855 2468 ac
869 2404 1152 2470 confirmationem
1177 2425 1236 2468 seu
1250 2412 1434 2468 ceterorum
1457 2401 1603 2467 fidelium
1619 2403 1705 2467 iuste
1727 2401 1898 2488 possidere
1914 2402 2044 2467 videtur
2066 2404 2101 2466 in
2116 2401 2317 2489 quibuslibet
2347 2417 2379 2467 to

670 2507 762 2590 locis,
786 2506 958 2593 quicquid¹
979 2507 1101 2574 ibidem
1124 2518 1259 2594 propter
1282 2508 1427 2574 divinum
1451 2530 1596 2574 amorem
1620 2506 1779 2572 collatum
1803 2508 1865 2572 fuit
1886 2530 2014 2594 queque
2037 2509 2137 2594 etiam
2160 2507 2317 2593 deinceps

669 2611 703 2675 iu
736 2611 807 2676 iure
834 2611 939 2698 ipsius
963 2614 1070 2678 sancti
1099 2612 1163 2677 loci
1197 2620 1255 2677 aut
1281 2634 1340 2698 per
1368 2632 1430 2676 nos
1455 2621 1513 2677 aut
1540 2634 1599 2698 per
1632 2610 1715 2676 alios
1745 2611 1886 2677 voluerit
1916 2611 2027 2677 divina
2059 2612 2166 2697 pietas
2193 2612 2318 2698 augeri,

673 2713 912 2800 <precipientes
936 2715 1088 2781 iubemus
1117 2725 1151 2781 et
1172 2718 1479 2798 anatematizamus,
1509 2713 1562 2800 ut)
1601 2715 1711 2780 nullus
1745 2715 1872 2802 (comes
1901 2739 2008 2804 neque
2037 2715 2228 2804 episcopus)
2261 2725 2319 2781 aut

671 2817 738 2883 ulla
760 2817 935 2885 iudiciaria
958 2829 1105 2906 potestas
1129 2820 1173 2886 ad
1196 2841 1316 2885 causas
1340 2820 1522 2885 audiendas
1550 2820 1604 2885 vel
1627 2819 1750 2886 fredar
1778 2820 1943 2904 exigenda
1973 2828 2031 2885 aut
2054 2822 2242 2885 mansiones
2265 2821 2318 2885 vol

670 2933 805 3007 paratas
821 2923 991 2990 faciendas
1007 2935 1066 2990 aut
1080 2925 1291 2990 fideiussores
1308 2923 1470 2990 tollendos
1486 2945 1546 2990 nec
1562 2924 1712 2989 homiues
1736 2925 1839 3011 ipsius
1855 2925 2047 2990 monasterii
2070 2934 2139 2989 tam
2158 2926 2317 3011 ingenuos
2341 2940 2374 2989 to

672 3047 834 3114 quamque
851 3051 977 3113 servos,
1001 3030 1055 3116 qui
1073 3051 1174 3115 supra
1189 3039 1311 3094 terram
1328 3030 1500 3093 memorati
1517 3028 1708 3093 monasterii
1724 3026 1868 3094 residere
1885 3027 2048 3110 videntur,
2073 3027 2318 3113 distringendos

671 3152 732 3194 nec
748 3128 831 3195 ullas
848 3131 1063 3198 redibitiones
1085 3141 1143 3196 aut
1156 3132 1323 3198 inlicitas¹¹
1347 3133 1542 3197 occasiones
1556 3131 1791 3217 requirendas⁰
1818 3129 1893 3211 (aut
1909 3131 2012 3197 ullum
2029 3133 2160 3196 omnino
2184 3152 2319 3197 censum

671 3233 920 3321 inquirendum)
948 3237 1015 3302 ullo
1037 3259 1196 3324 umquam
1226 3248 1373 3324 tempore
1396 3237 1523 3324 ingredi
1547 3235 1670 3302 audeat
1703 3235 1754 3300 vel
1779 3243 1935 3300 exactare
1964 3245 2140 3321 presumat,
2176 3235 2234 3300 sed
2255 3235 2319 3300 hoc

671 3341 742 3425 ipse
766 3340 873 3407 abbas
896 3341 949 3407 vel
974 3363 1181 3408 successores
1206 3343 1257 3407 sui
1279 3351 1337 3407 aut
1358 3342 1516 3408 monachi
1542 3342 1713 3407 memorati
1736 3339 1801 3406 loci
1820 3349 1990 3427 presentes
2013 3338 2141 3404 scilicet
2163 3349 2196 3404 et
2217 3339 2319 3405 futuri

672 3453 806 3530 propter
828 3467 946 3512 nomen
977 3447 1099 3514 domiui
1124 3447 1185 3514 sub
1215 3450 1362 3534 integrae
1385 3448 1597 3530 emunitatis?
1625 3446 1756 3510 nomine
1780 3444 1906 3530 absque
1933 3443 2109 3509 cuiuslibet
2138 3445 2318 3530 inquietate
2346 3459 2380 3509 25

672 3556 731 3612 aut
745 3550 981 3616 contrarietate
1004 3552 1136 3617 valeant
1152 3553 1321 3619 dominare
1341 3552 1393 3637 <et
1408 3550 1489 3616 nulli
1506 3572 1661 3636 umquam
1679 3549 1803 3615 homini
1820 3571 1879 3635 pro
1897 3548 2128 3635 qualicumque
2142 3571 2178 3613 re
2194 3547 2318 3613 nullum

671 3674 804 3718 censum
829 3654 960 3719 omnino
984 3656 1129 3722 audeant
1150 3657 1348 3743 impendere,
1384 3666 1434 3721 set
1456 3657 1565 3742 ipsum
1594 3664 1744 3719 sanctum
1767 3653 1876 3718 locum
1908 3652 1968 3719 sub
1991 3663 2106 3718 nostra
2129 3650 2319 3718 defensione

618 3767 622 3774 '
672 3742 772 3842 atque
796 3757 1018 3823 dominatione
1040 3758 1192 3826 volumus
1216 3759 1402 3845 constare).
1428 3760 1619 3826 Statucutes
1642 3780 1720 3842 ergo
1739 3757 1919 3840 iubemuss,
1943 3767 1979 3822 ut
2001 3780 2107 3844 neque
2130 3753 2190 3821 vos
2214 3779 2319 3842 nequc

671 3860 815 3926 iuniores
843 3884 901 3926 seu
925 3884 1134 3928 successores
1163 3866 1283 3929 vestrir
1315 3864 1366 3929 vel
1394 3863 1550 3950 quislibet
1580 3887 1622 3928 ex
1651 3862 1824 3927 iudiciaria
1852 3870 2017 3947 potestate
2045 3863 2079 3926 in
2109 3861 2259 3946 ccelesiis
2288 3870 2321 3926 et

671 3963 754 4028 locis
784 3964 837 4029 vel
861 3968 949 4051 agris
979 3988 1036 4032 seu
1058 3968 1191 4054 reliquis
1221 3967 1489 4054 possessionibus
1521 3969 1738 4054 suprascripti
1769 3967 1958 4031 monasterii
1988 3965 2041 4030 vel
2070 3964 2111 4031 de
2139 3965 2318 4049 omnibus',
2343 3982 2376 4030 uo

673 4090 735 4153 que
759 4090 858 4154 supra
887 4070 1012 4156 scripta
1035 4081 1121 4153 sunt,
1156 4072 1246 4138 nullo
1276 4094 1432 4158 umquam
1457 4082 1606 4158 tempore
1635 4071 1818 4156 inquietare
1842 4077 1900 4134 aut
1929 4078 2083 4134 exactare
2110 4070 2318 4155 presumatis,

674 4169 732 4235 sed
760 4171 848 4257 quod
870 4182 955 4238 n0s⁸
981 4184 1115 4260 propter
1137 4198 1257 4241 nomen
1286 4176 1408 4242 domini
1433 4186 1466 4242 et
1489 4187 1603 4261 eterna
1634 4176 1897 4240 remuneratione
1920 4172 1963 4238 ad
1990 4175 2056 4239 iam
2079 4174 2184 4239 fatum
2208 4197 2319 4240 mona-

673 4275 808 4338 sterium
830 4274 1035 4360 indulsimus,
1059 4279 1229 4364 perenuis‘
1251 4280 1456 4365 temporibus
1479 4280 1633 4366 proficiat
1655 4279 1688 4342 in
1712 4279 1905 4363 augmentis.
1940 4278 1986 4343 Et
2009 4277 2140 4362 quando
2165 4278 2320 4364 quidemu

673 4377 785 4442 divina
807 4381 980 4445 vocatione
1005 4386 1249 4470 suprascriptus
1272 4384 1470 4450 venerabilis
1493 4384 1696 4451 Benedictus
1719 4381 1848 4448 abbas'
1875 4380 1928 4446 vel
1952 4403 2159 4447 successores
2184 4383 2254 4447 eius
2279 4382 2320 4448 dc

672 4481 735 4547 hac
759 4480 831 4548 lnce
854 4483 897 4547 ad
921 4482 1090 4551 dominum
1113 4489 1334 4573 migraverint,
1358 4488 1490 4576 qualem
1513 4488 1680 4554 meliorem
1705 4496 1738 4552 et
1759 4485 1855 4551 nobis
1878 4508 1937 4571 per
1961 4486 2071 4551 omnia
2093 4485 2224 4551 fidelem
2247 4489 2321 4573 ipsa
2342 4502 2376 4552 ³5

675 4596 790 4652 saneta
817 4591 1029 4675 congregatio
1061 4591 1101 4656 dc
1125 4594 1349 4680 suprascripto
1373 4592 1575 4658 monasterio
1610 4591 1685 4676 (aut
1708 4590 1748 4656 de
1772 4589 2005 4676 qualicumque
2035 4586 2127 4673 loco)
2159 4590 2322 4656 voluerint

673 4691 794 4777 eligere
832 4691 1029 4776 abbatem',
1068 4697 1123 4782 qui
1157 4699 1265 4784 ipsam
1301 4707 1451 4762 sanctam
1485 4697 1775 4782 congregationem
1814 4693 1992 4759 secundum
2027 4692 2175 4779 regulam
2214 4694 2320 4760 sancti

673 4796 844 4862 Benedicti
859 4820 973 4883 regere
988 4798 1108 4882 valeat,
1125 4823 1184 4888 per
1199 4801 1284 4867 hanc
1301 4810 1448 4867 nostram
1465 4801 1695 4866 auctoritatem
1708 4809 1741 4865 et
1758 4801 1919 4886 permissa
1935 4798 2139 4884 indulgentia
2154 4798 2319 4864 licentiam

672 4897 819 4965 habeant
846 4898 897 4985 <et
912 4901 1111 4989 ubicumque
1134 4904 1299 4970 voluerint
1315 4906 1460 4971 ordinari
1484 4914 1543 4970 aut
1557 4905 1620 4991 ipsi
1644 4913 1702 4968 aut
1717 4901 1870 4967 monachi
1894 4904 2040 4988 ipsorum
2055 4901 2109 4967 vel
2131 4924 2151 4967 a
2175 4901 2323 4989 quolibet

673 5003 840 5088 pontifice,
876 5027 919 5069 ex
942 5017 1098 5092 precepto
1122 5017 1155 5072 et
1178 5031 1342 5075 consensu
1364 5019 1478 5074 nostro
1507 5016 1705 5095 potestatem
1729 5005 1903 5091 habeant),
1939 5007 2094 5093 quatinus
2124 5008 2188 5094 ipsi
2214 5008 2321 5073 servi¹
2343 5023 2377 5072 40

674 5106 736 5191 dei,
761 5108 816 5193 qui
837 5107 960 5174 ibidem
983 5109 1044 5175 deo
1068 5111 1223 5178 famulari
1239 5112 1401 5198 videntur,
1425 5134 1484 5201 pro
1508 5111 1605 5177 nobis
1628 5132 1669 5176 ac
1693 5111 1831 5196 coniuge
1847 5110 2005 5197 proleque
2028 5118 2142 5175 nostra
2165 5121 2198 5176 et
2222 5110 2322 5177 stabi·

673 5209 765 5276 litate
782 5213 888 5276 tocius
905 5215 996 5299 regni
1012 5235 1033 5278 a
1049 5213 1110 5280 deo
1127 5216 1225 5281 nobis
1241 5219 1409 5283 commissi
1427 5217 1478 5283 vel
1501 5214 1718 5282 conservandi
1735 5216 1893 5280 attentius
1917 5215 2041 5280 domini
2061 5215 2321 5281 misericordiam

674 5337 813 5380 exorare
836 5313 1050 5383 delectentur.
1077 5318 1123 5387 Et
1144 5330 1180 5385 ut
1196 5320 1256 5385 hec
1280 5323 1465 5386 auctoritas
1482 5319 1740 5386 confirmationis
1763 5319 1887 5383 nostris
1910 5319 2094 5405 futurisque
2117 5318 2321 5403 temporibus

750 5525 1226 5595 173.d)rorHanooa17.Jt.
1249 5543 1321 5583 corr.
1339 5543 1394 5581 aas
1412 5529 1473 5580 loca
1490 5527 1518 5580 B
1621 5527 1648 5593 a)
1664 5534 1692 5579 et
1709 5526 1852 5592 perdurare
1875 5540 1928 5578 ocu
1948 5524 2037 5579 Herod
2062 5523 2321 5578 declamator
2400 5537 2421 5584 ι

829 5598 878 5652 der
897 5600 973 5656 Zeile
989 5600 1124 5722 aocbqptr
1161 5614 1196 5652 ess
1214 5597 1250 5651 B'
1352 5598 1643 5684 oiure'propristario
1662 5594 1733 5662 BB',
1752 5594 1784 5647 irs
1803 5593 1852 5648 der
1871 5593 2060 5678 Restatipuaq
2071 5591 2209 5661 Ludwips
2229 5591 2258 5644 d.
2270 5591 2319 5644 Fr.
2343 5592 2376 5640 45

826 5686 917 5791 litalde
931 5668 1249 5810 pigidiilsminliuiiibeerr
1256 5667 1323 5790 Iridis
1337 5668 1497 5790 &deidodis
1516 5662 2106 5802 13i)ddllieliquish)et1l)quilinidlBtB'
2142 5661 2323 5797 nibli-iiiii

829 5809 910 5874 preda
927 5758 971 5877 Β,
989 5811 1071 5877 preda
1088 5807 1116 5860 Β
1202 5808 1232 5874 n)
1250 5808 1360 5859 illicitas
1378 5805 1413 5858 B'
1492 5807 1519 5873 o)
1536 5806 1727 5872 perquirendas
1746 5801 1809 5855 BB‘
1914 5804 1943 5870 p)
1960 5807 2065 5870 integra
2083 5802 2266 5853 emmanitatis
2285 5799 2321 5865 B,

828 5880 1014 5943 immunitatis,
1033 5878 1088 5932 das
1106 5881 1178 5931 erate
1196 5879 1206 5927 i
1224 5893 1296 5931 corr.
1315 5891 1369 5929 aaa
1387 5891 1410 5936 e,
1429 5875 1465 5928 B'
1546 5877 1574 5948 q)
1592 5881 1672 5942 atque
1690 5874 1813 5925 iubentes
1832 5871 1896 5926 BB'
1976 5872 2000 5940 r)
2018 5873 2103 5924 nostri
2120 5869 2147 5923 Β
2217 5871 2241 5933 s)
2260 5886 2321 5922 oms

828 5947 879 6000 mit
897 5946 1142 6016 Kurranpsstriclr
1159 5946 1187 5999 B
1267 5947 1290 6013 t)
1306 5961 1360 5999 voa
1373 5942 1510 6013 jurrqerer
1529 5942 1619 5996 Haud
1637 5957 1707 5996 corr.
1726 5958 1761 5995 aa
1779 5943 1943 6010 perennibus
1962 5941 1996 5999 B.
2015 5941 2197 6008 perhennibus
2216 5934 2250 5992 Β
2344 5939 2378 5989 50

828 6017 857 6080 u)
874 6031 927 6070 voa
945 6017 1087 6071 derselbea
1105 6014 1196 6069 Humi
1215 6030 1286 6068 corr.
1306 6029 1360 6067 aas
1378 6015 1472 6064 divina
1489 6012 1516 6065 B
1594 6013 1621 6080 r)
1640 6010 1730 6065 durch
1746 6010 1956 6078 aochtrripls'clrc
1971 6011 2128 6080 Aresitqaap
2146 6025 2201 6064 von
2219 6027 2231 6060 s
2251 6024 2323 6064 corr.

827 6101 864 6140 aa
882 6087 965 6138 abbas
981 6085 1010 6140 Β
1112 6086 1148 6152 w)
1165 6086 1276 6137 abbates
1294 6083 1357 6138 BB'
1461 6084 1489 6150 x)
1507 6097 1578 6136 corr.
1598 6095 1651 6135 aas
1670 6083 1736 6148 ipsis
1755 6084 1840 6132 servis
1857 6079 1920 6134 ΒΒ’
