5642 7159
1056 750 1177 808 KABL
1198 749 1286 809 aas
1308 750 1472 811 GROSSE
1495 747 1568 813 810.
2074 754 2137 820 281

594 934 697 995 saun
725 936 826 998 anst.
849 931 896 1007 5⁶,
933 940 994 996 rer
1024 943 1094 998 ne
1123 936 1193 1018 (aas
1221 938 1378 1013 nornen
1406 940 1458 1000 nes
1486 943 1538 1002 re.
1561 942 1626 1014 rs,
1662 942 1723 1004 ca.
1747 946 1854 1004 rasae
1883 943 1907 1016 f.
1931 948 1994 1004 rso
2023 949 2056 1006 n
2088 929 2141 1006 ner

591 1038 895 1099 Nationulbibliotlrelr
916 1057 957 1099 sn
971 1041 1076 1118 Paris)
1101 1064 1142 1095 =
1164 1042 1305 1116 Bonqnet
1320 1046 1350 1115 5,
1376 1046 1438 1105 775
1452 1050 1487 1103 n⁰
1502 1047 1543 1106 95
1568 1069 1607 1100 ;-.
1632 1047 1737 1121 Minna
1751 1047 1866 1108 Patrol.
1882 1052 1934 1120 97,
1958 1053 2023 1110 997
2037 1056 2071 1110 n⁰
2086 1054 2138 1112 67.
2192 1061 2193 1064 ’

593 1175 631 1185 -
659 1142 845 1203 Grandidier
859 1145 940 1205 Hiet.
957 1141 1254 1225 demembraret,
1274 1150 1337 1209 151
1352 1154 1387 1206 n⁰
1401 1151 1443 1210 86
1459 1166 1516 1209 ans
1530 1148 1570 1208 A.
1594 1183 1635 1194 -
1658 1151 2138 1234 Mtthlbucherlteu.150(410).

591 1281 668 1341 Eone
689 1281 738 1340 die
766 1286 841 1340 erate
866 1282 945 1341 Zeile
967 1283 1001 1341 in
1027 1283 1228 1359 sennenn
1251 1284 1366 1358 schrift
1393 1289 1448 1347 mit
1472 1285 1644 1347 Invocation
1665 1288 1730 1347 nnd
1754 1290 1838 1361 Titet,
1873 1290 1922 1350 die
1944 1292 2138 1366 Recounition

591 1386 656 1445 nnd
676 1386 832 1461 Datirnnp
853 1389 941 1446 sowie
963 1387 1016 1446 das
1039 1387 1107 1447 selrr
1125 1391 1181 1462 ynt
1203 1389 1352 1448 erlraltene
1374 1389 1479 1464 Sieyet,
1511 1391 1563 1449 ἄεν
1582 1408 1678 1465 pense
1702 1391 1824 1453 Contect
1847 1395 1903 1453 mit
1924 1394 1977 1453 der
1999 1395 2138 1471 Sipnnrn-

592 1489 665 1548 scite
687 1491 727 1549 ist
749 1490 927 1566 oollndndip
949 1492 1050 1551 radiet
1071 1491 1136 1550 nnd
1152 1491 1272 1565 durusss
1289 1510 1346 1551 eon
1367 1495 1450 1552 einer
1463 1493 1558 1552 Hand
1580 1494 1630 1554 des
1654 1497 1705 1558 12.
1722 1495 1787 1566 Jt„
1811 1497 1914 1556 welche
1935 1500 1969 1557 in
1991 1503 2138 1574 stamper-

592 1593 693 1666 nester
722 1595 819 1655 Weiss
841 1595 889 1654 die
911 1596 970 1655 alte
993 1595 1109 1669 schrift
1130 1598 1354 1656 nccbsnclsmen
1376 1599 1470 1669 anelat,
1505 1599 1558 1657 ἄεν
1576 1597 1739 1673 pefdlselste
1763 1601 1837 1660 Text
1864 1605 1919 1660 mit
1942 1603 1994 1661 ἄεν
2015 1612 2137 1679 annoy-

590 1697 687 1758 lichen
702 1698 901 1773 Siynnmseile
920 1700 1108 1774 peeclsrs'eben
1129 1701 1184 1774 rel.
1208 1702 1285 1761 uncle
1302 1701 1398 1762 Sicleel
1421 1703 1463 1761 im
1484 1702 1589 1762 Nenen
1605 1704 1716 1762 Archiv
1729 1708 1760 1774 3,
1786 1707 1858 1764 657.
1882 1705 1941 1764 Die
1963 1711 2038 1766 erate
2056 1708 2137 1767 Zeile

593 1805 674 1863 ronst
697 1805 763 1862 eine
784 1803 894 1863 andere
916 1805 1011 1864 Hand
1032 1805 1095 1876 aas
1113 1806 1159 1865 cte
1181 1805 1230 1864 die
1245 1806 1447 1880 Recouns‘tion,
1472 1807 1521 1865 die
1539 1807 1765 1884 anebcriplseit
1787 1808 1840 1867 der
1862 1809 1895 1867 in
1911 1810 2140 1885 Baebersctn'ft

588 1907 812 1980 qceclsriebenen
833 1907 989 1981 Dutirnny
1009 1928 1051 1969 an
1073 1909 1127 1968 der
1148 1912 1234 1969 einen
1255 1911 1327 1970 oder
1349 1911 1480 1970 anderen
1502 1913 1596 1970 Hand
1618 1914 1657 1971 iet
1680 1911 1818 1987 fronticis
1846 1947 1886 1957 -
1909 1914 1973 1973 Der
1998 1916 2070 1975 Teet
2090 1934 2139 1990 qe-

592 2009 701 2084 fdlscht
723 2014 765 2070 im
783 2012 1043 2087 Znsammenbunq
1067 2015 1122 2073 mit
1144 2014 1202 2073 den
1223 2014 1356 2074 anderen
1371 2015 1589 2090 Fdleclrnneen,
1606 2017 1762 2078 bnondere
1776 2023 1811 2076 n⁰
1824 2022 1899 2090 221,
1923 2019 2023 2078 iader
2045 2025 2141 2079 ersten

591 2115 698 2189 Hdlste
719 2117 837 2177 des12.
854 2117 918 2187 ,19,
941 2117 1082 2179 vielleicbt
1105 2121 1244 2179 wabrend
1267 2120 1319 2178 der
1332 2119 1480 2180 Amtseeit
1502 2120 1553 2181 des
1569 2122 1658 2181 Attea
1674 2121 1800 2182 Kcnrcd
1815 2120 2065 2201 (1110—1137),
2089 2141 2142 2183 nm

591 2223 625 2280 in
639 2221 697 2280 den
710 2219 932 2294 Strea'tiplrciten
947 2220 1003 2280 mit
1017 2221 1075 2280 den
1089 2222 1252 2297 Bieetofen
1274 2241 1330 2284 con
1346 2223 1526 2299 Strassoarp
1549 2224 1606 2284 den
1621 2225 1726 2285 Besite
1740 2225 1804 2284 und
1818 2225 1866 2285 die
1887 2227 2143 2301 Unabhdnpipleeit

592 2325 643 2384 dea
669 2325 804 2384 Klosters
832 2343 874 2384 sn
899 2325 1025 2398 sichen,
1059 2327 1215 2388 Nuclsweis
1242 2347 1298 2388 oon
1319 2328 1439 2404 Dopscb
1467 2332 1501 2388 in
1528 2330 1760 2404 Mittbeilnnqen
1789 2331 1839 2391 des
1868 2332 2009 2391 Instituta
2039 2329 2063 2403 f.
2088 2334 2141 2390 ost.

597 2428 663 2489 GF.
679 2433 732 2501 19,
749 2432 812 2490 583
829 2428 871 2502 f.,·
895 2430 1001 2490 bereits
1017 2433 1138 2492 benntst
1151 2434 1194 2490 im
1210 2432 1317 2493 cleon.
1330 2434 1516 2495 Eberslreim.
1532 2452 1589 2494 ane
1604 2435 1658 2494 ἄεν
1678 2438 1799 2496 awciten
1813 2433 1921 2506 Hdlste
1943 2435 1994 2495 des
2010 2438 2061 2496 12.
2078 2433 2143 2514 Jn,

593 2533 639 2594 Μ.
658 2533 696 2594 θ.
713 2533 767 2595 SS.
782 2537 837 2606 93,
860 2536 934 2597 138.
961 2534 1033 2596 Nnr
1054 2537 1088 2594 in
1109 2535 1162 2595 ἄεν
1182 2535 1304 2610 Arenae
1325 2539 1390 2596 nnd
1414 2536 1642 2598 Oenoborntion
1663 2539 1755 2613 karae
1782 2540 1950 2600 Ueterreste
1973 2539 2023 2598 dee
2047 2540 2144 2598 eristen

593 2637 782 2700 Formnlars.

596 2827 653 2906 (G.)
675 2825 690 2909 ξ
711 2825 750 2890 In
773 2826 906 2892 nomine
928 2828 1034 2914 patria
1058 2837 1091 2892 et
1112 2826 1172 2893 filii
1195 2837 1228 2892 et
1251 2827 1387 2913 spiritus
1411 2829 1529 2893 sancti.
1551 2826 1697 2893 Karolus
1729 2828 1958 2894 serenissimus
1981 2838 2142 2914 augustus

490 2952 511 2995 a
534 2929 596 2996 deo
619 2940 798 2997 coronatus
829 2954 970 3018 magnus
992 2933 1153 3019 pacificus
1181 2935 1362 3019 imperator
1383 2932 1569 2998 Romanum
1600 2932 1788 3018 gubernans
1817 2933 1999 3019 imperium,
2032 2933 2145 3018 quiet

433 3049 468 3100 20
490 3056 548 3121 per
569 3034 877 3120 misericor[diam]⁸
906 3036 959 3101 dei
982 3059 1042 3103 rex
1065 3037 1269 3103 Francorum
1292 3046 1325 3102 et
1348 3037 1658 3123 Langobardorum.
1689 3036 1703 3119 ξ
1736 3036 1857 3122 <Regni
1888 3039 1991 3102 nostri
2022 3058 2142 3121 augere

490 3138 631 3202 honores
653 3136 828 3222 credimus,
864 3140 893 3204 si
917 3140 1022 3205 iustas
1050 3141 1233 3226 peticiones
1258 3140 1469 3206 sacerdotum
1499 3139 1552 3205 vel
1574 3140 1796 3206 ministrorum
1820 3140 1884 3224 dei,
1919 3161 1994 3204 cum
2021 3141 2142 3205 nostris

489 3241 626 3307 auribus
648 3241 776 3328 prolate
799 3243 930 3325 fuerint,
953 3243 1163 3329 perducimus
1185 3244 1229 3310 ad
1252 3245 1414 3329 effectum,
1438 3245 1502 3332 ipsi
1525 3245 1612 3309 enim
1631 3265 1691 3331 pro
1716 3244 1897 3310 stabilitate
1921 3245 2013 3329 regni
2036 3245 2142 3308 nostri

489 3345 542 3411 vel
565 3345 676 3412 anime
704 3355 817 3433 nostre
841 3347 949 3412 salute
978 3347 1031 3412 dei
1054 3348 1317 3414 misericordiam
1344 3349 1549 3435 frequentius
1582 3359 1731 3414 exorant.
1778 3347 1987 3434 Quapropter
2013 3348 2143 3412 noverit

490 3452 636 3516 omnium
652 3453 855 3537 presentium
870 3452 1119 3539 futurorumque
1136 3451 1357 3537 industr[is]''‚
1381 3453 1525 3540 qualiter
1539 3452 1735 3519 Tietbaldus
1751 3451 1856 3518 abbas
1873 3451 1914 3517 de
1929 3453 2140 3525 monasterio,

434 3570 468 3620 25
490 3556 585 3620 cuius
606 3554 806 3621 vocabulum
829 3566 881 3622 est
901 3557 1077 3641 Nouiento,
1101 3559 1200 3622 situm
1222 3560 1257 3623 in
1280 3579 1367 3644 pago
1384 3557 1579 3623 Alsaciense
1603 3579 1702 3643 super
1725 3557 1859 3622 fluvium
1882 3556 1955 3630 Illa,
1981 3555 2070 3642 quod
2091 3556 2143 3620 vir

489 3658 617 3724 illuster
639 3658 818 3724 Adalricua
840 3660 911 3725 sive
934 3660 1066 3725 Atticus
1090 3661 1159 3726 dux
1182 3670 1215 3726 et
1237 3662 1360 3726 coniux
1384 3664 1455 3726 eius
1478 3661 1665 3727 Bersuinda
1687 3661 1720 3725 in
1746 3659 1870 3726 Christi
1898 3662 2031 3726 nomine
2054 3669 2087 3725 et
2108 3659 2141 3724 in

489 3764 614 3829 honore
637 3774 827 3830 sanctorum
856 3765 1082 3851 apostolorum
1105 3765 1195 3830 Petri
1218 3774 1251 3830 et
1273 3765 1367 3831 Pauli
1397 3775 1432 3832 et
1454 3767 1560 3832 sancti
1584 3765 1736 3830 Mauricii
1766 3767 1995 3850 sociorumque
2027 3765 2098 3828 eius
2123 3785 2144 3827 a

490 3888 576 3932 novo
605 3869 638 3933 in
663 3889 722 3934 suo
752 3870 885 3954 proprio
915 3868 1017 3934 fundo
1046 3878 1314 3952 construxerunt,
1349 3880 1498 3935 nostram
1526 3870 1611 3936 adiit
1641 3871 1851 3936 serenitatem
1880 3870 2073 3955 deprecans,
2108 3879 2144 3933 ut

489 3972 674 4058 privilegia,
690 3994 753 4058 que
768 3975 821 4058 pie
836 3975 991 4059 memorie
1007 3975 1135 4059 genitor
1150 3983 1262 4039 noster
1278 3973 1416 4060 Pipinus
1433 3975 1568 4062 eiusque
1584 3984 1813 4040 antecessores
1827 3995 1922 4059 reges
1938 3975 2142 4038 Francorum

433 4093 468 4142 ec
490 4077 596 4143 eidem
608 4077 747 4142 cenobio
760 4076 920 4165 locisque,
937 4101 999 4164 que
1012 4077 1057 4143 ad
1072 4079 1346 4143 sustentationem
1361 4079 1500 4144 fratrum
1516 4078 1638 4145 ibidem
1656 4079 1717 4144 deo
1735 4077 1795 4144 sub
1809 4078 1953 4164 regulari
1969 4076 2143 4162 disciplina

489 4183 703 4247 servientium
719 4181 892 4268 pertinent,
917 4180 1205 4266 [concesserunt]⁶,
1228 4204 1436 4248 renovemus.
1458 4182 1664 4270 Preoipimus
1681 4205 1759 4268 ergo
1782 4206 1843 4270 per
1857 4183 1945 4268 regie
1960 4183 2143 4248 maiestatis

489 4285 662 4371 imperinm
678 4284 950 4372 predecessorum
965 4295 1152 4352 nostrorum
1169 4295 1295 4352 statuta
1312 4288 1556 4369 confirmantes,
1580 4289 1665 4353 utin
1688 4287 1785 4352 villas
1802 4285 1984 4373 supradicti
2004 4283 2142 4364 cenobii,
2221 4293 2222 4296 ’

489 4388 524 4453 id
547 4399 597 4453 est
617 4388 820 4470 Uuizuuilre‚
844 4412 908 4475 que
932 4391 997 4454 sita
1020 4399 1071 4454 est
1093 4392 1127 4456 in
1149 4413 1236 4477 pago
1260 4391 1511 4477 Brisgaugiensi
1535 4414 1635 4478 super
1657 4393 1763 4477 ripam
1786 4391 1870 4456 Reni
1891 4389 2044 4470 fluminis,
2068 4407 2141 4452 cum

489 4491 633 4558 ecclesia
661 4501 695 4558 et
726 4492 880 4558 omnibus
910 4494 1115 4580 appendiciis
1144 4497 1212 4561 suis
1242 4498 1276 4561 in
1299 4494 1409 4569 Sulca,
1444 4497 1478 4559 in
1505 4494 1715 4580 Egensheim,
1749 4497 1782 4558 in
1811 4491 2074 4578 sigalthesheim,
2110 4491 2153 4554 in·

432 4613 466 4663 so
490 4597 675 4681 Burcheim,
692 4599 725 4663 in
737 4597 967 4684 Lagelnheim,
983 4601 1017 4664 in
1034 4597 1285 4682 Gruzenheiml,
1300 4601 1333 4664 in
1349 4597 1611 4681 Hundensheim‚
1634 4599 1668 4664 in
1684 4597 1840 4679 Northua,
1857 4599 1890 4662 in
1907 4595 2142 4675 Hellesuuilre,

489 4725 552 4788 que
575 4702 722 4787 prefatus
746 4703 816 4770 dux
841 4704 948 4770 eidem
971 4703 1154 4769 venerabili
1169 4704 1242 4769 loco
1265 4703 1432 4788 delegavit
1449 4701 1500 4768 vel
1524 4726 1587 4790 que
1602 4703 1711 4769 adhuc
1735 4702 1859 4768 donata
1875 4703 2006 4784 fuerint,
2031 4701 2143 4766 nullus

487 4805 590 4871 iudex
606 4805 768 4893 publicus,
792 4808 883 4873 nulla
899 4807 1072 4874 iudiciaria
1094 4816 1243 4894 potestas
1260 4807 1418 4894 spiritalis
1436 4830 1494 4872 seu
1511 4807 1669 4872 secularis
1685 4805 1813 4892 ingredi
1835 4805 1996 4870 violenter
2019 4804 2141 4870 audeat

487 4932 550 4975 nec
572 4910 817 4977 ecclesiasticas
840 4915 1068 4999 possessiones
1085 4923 1201 4978 contra
1222 4913 1389 4979 iusticiam
1405 4910 1469 4978 sibi
1492 4911 1669 4976 vendicare
1685 4921 1865 4996 presumat,
1891 4909 1949 4974 sed
1971 4908 2140 4994 predictus

489 5015 596 5081 abbas
619 5016 815 5084 'Pietbaldua
845 5020 981 5104 eiusque
1004 5041 1214 5084 successores
1243 5018 1376 5085 easdem
1398 5042 1452 5084 res
1481 5016 1726 5102 augmentando
1755 5037 1795 5080 ac
1825 5012 2027 5079 meliorando
2050 5023 2140 5099 pote-

432 5135 466 5185 40
489 5121 609 5185 stativa
625 5121 830 5207 possideant.
859 5124 904 5188 Et
920 5133 958 5190 ut
972 5124 1033 5188 hec
1049 5132 1164 5187 nostra
1179 5125 1360 5188 auctoritas
1385 5121 1514 5187 stabilia
1529 5129 1723 5208 permaneat
1745 5128 1777 5184 et
1793 5141 1850 5205 per
1866 5117 1975 5182 futura
1992 5126 2142 5203 tempora
2197 5169 2206 5188 .

489 5223 606 5290 melius
630 5236 853 5310 conservetur,
876 5228 962 5293 hanc
986 5237 1112 5293 cartam
1133 5228 1224 5293 iussu
1246 5236 1359 5292 nostro
1383 5227 1604 5311 conscriptam
1628 5245 1727 5290 manu
1751 5222 1884 5309 propria
1907 5222 2141 5286 confirmantes

489 5327 580 5395 anuli
602 5331 708 5395 nostri
731 5331 948 5416 impressione
972 5331 1110 5417 sigillari
1132 5332 1301 5396 iussimus.

593 5469 732 5554 Signum
754 5468 871 5534 Karoli
895 5470 1145 5555 gloriosissimi⁸
1167 5467 1283 5555 regis.)

594 5611 652 5689 (O.)
674 5606 787 5689 lllbbo
804 5609 956 5674 advicem
972 5607 1173 5674 Ercanbaldi
1187 5607 1288 5693 relegi
1304 5609 1365 5693 et}
1388 5612 1456 5687 (SR.
1473 5611 1552 5670 NT.:
1576 5611 1650 5684 Ipbo
1673 5609 1804 5668 advicem
1820 5602 2027 5688 Errenba[ldi]
2053 5605 2143 5678 releqi

433 5725 467 5776 to
491 5719 519 5774 et
539 5716 727 5793 subscripsi).
751 5716 807 5790 (SI.
835 5712 876 5792 1.)

566 5916 626 5973 210.
645 5919 672 5982 al
691 5921 830 5970 misericor
848 5920 874 5971 A
960 5918 988 5982 b)
1006 5917 1084 5971 Loclt
1103 5917 1141 5971 ina
1159 5917 1328 5988 Peryarnent
1432 5920 1458 5988 c)
1477 5917 1567 5971 dieses
1585 5917 1653 5971 oder
1669 5918 1716 5970 ein
1735 5914 1877 5970 dlsrtliclres
1895 5911 1975 5967 Wort
1994 5913 2032 5966 ist
2052 5913 2142 5966 durch

646 5987 783 6042 Versclsen
807 5987 856 6041 dea
875 5987 1033 6042 Scbresbera
1051 6004 1106 6041 ane
1124 5987 1228 6053 efullen
1332 5989 1359 6053 d)
1389 6004 1435 6040 arn
1454 5987 1569 6042 &ninas
1593 5987 1643 6040 der
1661 5985 1736 6040 Zeile
1759 5983 1818 6048 cns
1836 5982 1949 6037 starker
1967 5983 2067 6038 Rasnr
2089 5982 2141 6035 mit

643 6057 794 6112 dnnklerer
809 6057 891 6112 Tinte
908 6057 969 6113 arrd
981 6073 1035 6114 oca
1052 6073 1091 6111 an
1143 6073 1174 6112 er
1186 6057 1278 6111 Ηανιᾶ
1295 6057 1440 6128 einyet'rtqt
1509 6059 1535 6125 e)
1553 6056 1606 6112 das
1624 6055 1741 6111 sueini
1759 6069 1812 6108 cns
1831 6052 2019 6108 onwiscletem
2038 6069 2050 6102 s
2069 6067 2141 6138 corr.

532 6162 771 6214 Kaiserurlsundan
792 6163 813 6212 1.
1937 6158 1970 6207 36
