5642 7159
1300 760 1744 834 xnisn'eulixuuniin.

802 966 884 1027 osee
899 966 941 1026 ιι
956 964 1022 1025 eea
1044 964 1107 1036 m,
1130 964 1195 1024 666
1216 962 1284 1024 aa
1305 967 1396 1024 aare
1418 962 1526 1023 666»
1548 940 1714 1023 aeneae
1736 964 1835 1025 verer
1850 963 1911 1023 nn
1932 981 1983 1035 ee,
2007 962 2148 1023 eruar
2172 962 2223 1021 66
2249 962 2298 1024 rr.
2329 959 2372 1021 6.

800 1070 1052 1133 111116534
1081 1068 1278 1149 (1166116661
1304 1073 1428 1128 desem
1450 1066 1625 1139 1161161616,
1658 1084 1714 1127 oon
1743 1066 1837 1127 denes
1871 1068 1949 1128 61166
1978 1067 2140 1141 caudinas
2170 1067 2258 1127 11111
2288 1066 2373 1125 abac

801 1176 915 1249 Bolano
942 1175 994 1245 ist,
1027 1173 1091 1233 eicb
1120 1190 1170 1244 ,ru
1192 1172 1246 1232 der
1268 1171 1427 1232 Aunobme
1460 1172 1643 1231 baettmmerr‘
1666 1171 1782 1244 tiarae,
1817 1170 1886 1231 dosa
1915 1172 1950 1231 ia
1976 1171 2029 1230 dor
2061 1171 2204 1233 Urksade
2233 1168 2325 1230 Ottos
2351 1168 2374 1227 1

800 1281 867 1340 aiae
898 1274 1243 1354 Kanakioosferttpoep
1274 1276 1409 1350 sortiere,
1440 1275 1506 1335 aad
1533 1275 1581 1335 die
1614 1275 1787 1349 Faberiano
1809 1274 1990 1349 dempemdsa
2020 1292 2072 1335 oar
2093 1274 2147 1335 dos
2171 1274 2259 1335 Joir
2282 1276 2367 1343 970,

800 1386 834 1444 in
863 1383 912 1442 dia
937 1382 1003 1441 Zeit
1025 1381 1077 1442 des
1099 1379 1241 1454 Bisobofs
1263 1379 1352 1440 Anno
1375 1378 1573 1457 (950-978)
1597 1383 1704 1442 aaran.
1749 1379 1816 1439 Dos
1838 1379 1987 1439 Prototott
2019 1378 2083 1438 aad
2104 1378 2171 1439 sebr
2203 1378 2370 1451 spartiatae
2393 1388 2411 1439 ⁶

798 1484 997 1546 Formelreste
1023 1484 1164 1543 auctam
1191 1481 1249 1556 sur
1274 1489 1309 1541 πθ
1328 1485 1395 1545 257
1417 1482 1471 1543 'dte
1492 1482 1676 1558 Benttaunp
1702 1485 1785 1545 einer
1813 1484 1913 1543 comen
1940 1482 2083 1545 Urtaade
2106 1482 2198 1541 Karta
2223 1482 2255 1542 d.
2284 1481 2369 1554 (ἔω

797 1591 875 1651 acob
896 1586 1274 1662 dominumtuum
1292 1588 1369 1647 Titet
1391 1587 1456 1647 ared
1479 1586 1533 1646 der
1555 1588 1679 1649 1116775
1702 1587 1774 1648 oder
1790 1590 1853 1648 776
1870 1586 1937 1667 (eei.
1954 1591 2053 1659 6190,
2070 1592 2144 1667 111,
2161 1584 2241 1663 114)
2265 1586 2366 1646 naab-

799 1695 963 1756 roeisbarerr
977 1694 1173 1767 11666ρηί1161
1187 1694 1344 1769 (botherus
1359 1693 1415 1751 rote
1430 1694 1463 1752 tn
1477 1697 1513 1751 rr⁰
1527 1692 1568 1753 65
1584 1692 1718 1751 cerdubt
1733 1710 1791 1755 aas
1806 1688 1970 1773 Hitherius)
1985 1692 2096 1752 datirte
2110 1693 2365 1771 616774-776,

801 1798 856 1858 das
879 1798 1135 1873 Rooterunasjobr
1156 1796 1233 1857 XXX
1255 1797 1295 1856 ist
1324 1796 1388 1856 oleo
1416 1794 1611 1856 witltr'trtr'cbc
1633 1796 1815 1870 Aeaderanp
1843 1797 1892 1857 des
1918 1796 2091 1870 Filacberm
2126 1798 2221 1857 actum
2247 1795 2363 1856 Valen-

800 1903 898 1963 tianas
921 1901 991 1977 sttqt
1012 1903 1076 1962 siob
1097 1902 1174 1961 oacb
1196 1902 1230 1960 ia
1252 1901 1307 1961 doe
1326 1900 1462 1961 Itineror
1483 1917 1540 1983 oon
1555 1901 1629 1979 775,
1651 1899 1847 1960 Mtbtbocber
1860 1886 2363 1978 uer.190⁶‚347(1ee⁶,338).
2390 1914 2424 1962 10

798 2007 868 2067 For
889 2007 947 2066 dea
964 2008 1040 2067 Tact
1058 2022 1115 2065 eoa
1128 2008 1243 2067 61757
1259 2004 1357 2063 dicate
1379 2003 1427 2062 dte
1440 2002 1604 2078 pefobobte
1624 2004 1767 2064 Urbunde
1781 2003 1946 2078 Daaobcrls
1960 2022 2031 2063 sum
2050 2002 2133 2064 Tbeil
2147 2003 2193 2063 als
2215 2003 2361 2078 Vorluqe.

800 2226 954 2294 Karalus·
968 2227 1020 2292 dci
1043 2227 1152 2313 gratia
1175 2249 1235 2292 rex
1257 2227 1465 2292 Francorum
1488 2232 1520 2291 et
1543 2225 1844 2311 Lougobardorum
1865 2248 1906 2291 ao
1929 2226 2090 2312 patricius
2112 2225 2359 2293 Romanorum.

802 2328 971 2415 Quicquid
1000 2328 1190 2394 sacerdotes
1214 2327 1255 2394 de
1284 2330 1409 2394 suiset
1432 2327 1572 2394 ecclesie
1596 2350 1653 2394 sue
1676 2328 1931 2396 necessitatibus
1959 2330 2082 2395 nostris
2105 2328 2243 2396 auribus
2266 2329 2358 2397 infu-

698 2436 817 2517 derint,
852 2433 886 2499 id
908 2434 964 2521 pio
987 2433 1098 2499 auimo
1123 2432 1292 2518 suscipere
1322 2454 1443 2521 equum
1466 2454 1639 2500 censemus
1669 2433 1787 2521 deique
1810 2434 2072 2500 misericordiam
2100 2436 2134 2499 in
2157 2435 2360 2524 supplendis

697 2538 1057 2626 petitionibus-illorum
1073 2539 1252 2624 promereri
1267 2536 1393 2623 liquido
1410 2537 1585 2604 eredimus.
1610 2538 1822 2626 Quapropter
1837 2540 2122 2603 noveritomnium
2139 2537 2191 2603 dei
2208 2538 2357 2605 ecclesie
2382 2555 2416 2606 1⁵

697 2644 866 2729 nostrique
900 2640 1049 2707 fidelium
1082 2640 1257 2724 industria,
1292 2640 1482 2727 quomodo·
1514 2643 1564 2707 vir
1597 2634 1795 2709 venerabilis
1829 2639 2065 2709 Erembertusl'
2096 2640 2359 2709 Wormatiensis

696 2747 836 2813 ecclesie
852 2748 1029 2833 episcopus
1045 2754 1193 2810 nostram
1216 2744 1449 2812 excellentiam
1466 2744 1565 2811 111111ο
1588 2770 1623 2812 66
1638 2746 1823 2813 reclamans
1848 2746 1890 2812 ob
1907 2747 2152 2813 contentionem
2168 2746 2353 2832 quandam,

656 2900 659 2904 ›
691 2874 797 2939 ,quam
818 2851 866 2917 rei
888 2849 1021 2937 publice
1049 2848 1175 2915 iudices
1199 2857 1232 2935 et
1254 2857 1432 2915 exactores
1461 2851 1610 2916 fecarunt
1631 2852 1716 2916 inter
1739 2850 1914 2916 ecclesiam
1944 2871 2038 2915 suam
2061 2859 2094 2915 et
2116 2850 2200 2916 inter
2222 2853 2354 2937 regiam

698 2963 898 3042 potestatem
922 2952 962 3019 de
985 2951 1079 3018 silvis
1102 2950 1300 3019 Oteuvvald‘l
1322 2962 1355 3018 61
1377 2955 1498 3021 ceteris
1520 2954 1716 3021 utensilibus
1739 2956 1774 3020 in
1795 2976 1883 3041 pago
1901 2954 2177 3041 Lebedungovve⁶
2200 2955 2354 3024 volentes

698 3080 826 3125 omnem
855 3079 950 3124 usum
980 3057 1120 3145 predicti
1149 3060 1228 3144 pagi
1255 3060 1289 3123 in
1317 3057 1518 3124 dominicum
1552 3059 1670 3125 fiscum
1698 3059 1860 3147 redigere.
1904 3060 2084 3147 Propterea
2112 3069 2189 3125 ante
2223 3082 2288 3126 noe
2319 3064 2354 3127 in
2378 3078 2415 3129 20

697 3163 850 3229 manibus
874 3162 992 3230 detulit
1007 3171 1199 3250 preceptum
1217 3160 1420 3249 Dagoberti‘
1439 3162 1528 3247 regis
1544 3164 1760 3249 Francorum,
1785 3166 1817 3230 in
1835 3187 1899 3252 quo
1917 3163 2100 3247 tenebatur,
2124 3180 2240 3244 qualiter
2263 3164 2355 3231 idem

696 3267 910 3353 Dagobcrititt
933 3290 993 3333 rex
1015 3268 1220 3333 Francorum
1244 3282 1278 3332 ad
1300 3283 1440 3333 basilicam
1464 3285 1559 3341 sancti¹
1573 3284 1645 3334 Petri
1662 3302 1678 3334 a
1701 3285 1816 3351 apostoli
1833 3302 1857 3349 r,
1880 3301 1932 3351 que
1955 3290 1995 3335 est
2017 3286 2046 3334 in
2066 3284 2217 3336 Wormatia
2239 3287 2354 3339 civitate

698 3392 851 3439 eemtruete
878 3404 903 3451 s,
926 3386 1038 3437 aedidit
1065 3388 1201 3437 civitatem
1229 3404 1245 3435 e
1272 3388 1475 3454 Lebedunburg
1502 3374 1536 3438 in
1564 3395 1651 3460 pago
1681 3373 1937 3459 Lobeduugowe
1970 3376 2067 3440 sitam
2097 3396 2171 3440 cum
2196 3377 2354 3444 omnibus

697 3476 798 3544 rebus
821 3475 865 3542 ad
887 3476 978 3541 illam
1002 3474 1254 3563 pertinentibu!,
1284 3491 1336 3542 hoc
1358 3496 1399 3541 eat
1420 3508 1437 3540 a
1460 3490 1566 3542 adiiicia
1582 3492 1721 3557 ‘mancipia
1744 3494 1836 3545 vineas
1858 3499 1943 3544 terras
1971 3493 2057 3544 cultas
2080 3498 2106 3544 et
2129 3495 2247 3545 incultus
2270 3511 2353 3563 agros

698 3600 776 3664 prata
798 3611 916 3673 campos,
939 3611 1044 3647 omnem
1066 3595 1219 3645 silvaticum
1242 3595 1271 3646 in
1293 3595 1369 3646 silvis
1384 3595 1525 3646 Otenvvald
1548 3598 1696 3647 cumomni
1719 3592 1885 3648 utensilitate
1908 3598 1936 3648 iu
1959 3599 2030 3649 omui
2052 3613 2122 3665 pago
2138 3598 2353 3667 Lobedungovve
2376 3602 2412 3651 25

697 3686 731 3752 in
754 3700 873 3767 undique
900 3702 929 3749 in
952 3699 1062 3750 iutraba
1084 3700 1113 3749 in
1140 3700 1249 3765 pascuis
1271 3699 1501 3751 materiaminibus
1529 3702 1606 3766 aquis
1629 3715 1812 3768 aquarumque
1836 3702 1992 3753 decursibus
2019 3702 2214 3766 piscationibus
2237 3706 2354 3771 quesitis

697 3811 725 3857 et
746 3805 919 3871 inquirendis,
941 3799 1093 3855 nostrum
1115 3805 1259 3868 teloneum,
1288 3810 1433 3855 mercatum
1458 3809 1484 3855 et
1506 3805 1633 3871 quicquid
1656 3822 1673 3855 a
1696 3805 1729 3855 ad
1753 3806 1846 3856 liscum
1869 3823 1884 3854 6
1906 3806 2065 3870 pertinebat,
2094 3812 2205 3871 excepto
2230 3809 2302 3873 stipe
2328 3814 2354 3860 et

697 3911 826 3961 comitatu
847 3927 864 3959 a
887 3926 920 3961 ex
943 3911 1046 3975 integro
1070 3895 1181 3961 omnia
1208 3896 1374 3960 concessit
1396 3914 1424 3961 et
1446 3910 1495 3959 sub
1518 3911 1624 3977 integra
1653 3912 1799 3961 emunitate
1823 3910 1912 3961 omnia
1935 3908 1969 3959 ad
1992 3909 2104 3960 eandem
2126 3910 2267 3961 basilicam
2293 3928 2354 3979 per-

697 4014 811 4065 tinentia
834 4020 895 4064 sua
910 4015 1081 4080 preceptione
1096 4031 1113 4064 e
1129 4012 1305 4064 confirmavit,
1331 3997 1487 4062 Preterea
1509 3998 1542 4061 in
1564 4008 1713 4063 nostram
1737 3998 1936 4085 presentiam
1959 3997 2071 4062 attulit
2093 4007 2204 4064 cartas
2229 4008 2262 4064 et
2278 4023 2354 4087 pre-

698 4111 796 4189 cepta
825 4100 1097 4188 predecessorum
1124 4112 1324 4184 nostrorum,
1358 4122 1473 4187 regum
1503 4101 1680 4167 videlicet8
1707 4103 1911 4167 Francorum
1936 4102 2098 4187 Hilperiei
2127 4112 2160 4168 et
2189 4104 2354 4189 genitoris
2379 4124 2415 4173 eo

697 4207 802 4272 nostri
819 4205 905 4271 bone
928 4208 1084 4271 memorie
1101 4206 1243 4293 Pippiui,
1267 4205 1443 4292 inquibus
1466 4206 1709 4281 continebatur,
1734 4206 1900 4293 quomodo
1923 4208 1988 4292 ipsi
2011 4208 2176 4293 principes
2199 4217 2233 4274 et
2252 4232 2354 4296 reges

699 4312 904 4376 Francorum
934 4320 1126 4398 preceptum
1149 4310 1333 4397 Dagoberti
1363 4320 1396 4375 et
1424 4334 1536 4377 omnes
1566 4311 1712 4397 predicte
1742 4310 1880 4376 ecclesie
1908 4333 1960 4376 ras
1984 4312 2052 4376 suis
2079 4311 2354 4397 preceptionibus

697 4413 966 4499 confirmasseut3
991 4414 1049 4481 sed
1066 4436 1125 4502 pro
1148 4416 1196 4480 rei
1212 4416 1369 4480 firmitate
1391 4416 1486 4501 petiit
1502 4415 1731 4481 celsitudinem
1747 4424 1906 4497 nostram,
1930 4424 1966 4480 61
1981 4424 2095 4480 nostra
2117 4416 2218 4481 etiam
2235 4429 2354 4483 aucto·

696 4520 794 4585 ritate
816 4519 851 4585 id
873 4520 983 4606 ipsum
1006 4520 1290 4584 confirmaremus.
1315 4517 1418 4584 (iuius
1441 4518 1657 4604 petitionibus
1682 4517 1723 4585 ob
1748 4520 1855 4585 anime
1871 4526 1981 4583 nostre
2004 4517 2185 4583 remedium
2207 4516 2356 4588 libenter

696 4631 879 4690 annuentes
896 4621 1095 4687 dissensioni
1117 4622 1216 4687 finem
1232 4623 1369 4688 fecimus
1393 4630 1427 4686 61
1442 4621 1504 4686 hoo
1520 4631 1633 4687 nostre
1651 4623 1860 4689 auctoritatis
1875 4631 2066 4708 preceptum
2086 4621 2191 4687 eidem
2208 4622 2356 4691 ecclesie
2381 4642 2418 4692 31

694 4727 767 4799 fieri
797 4725 1014 4791 decrevimus.
1059 4725 1261 4792 Addidimus
1290 4726 1390 4791 etiam
1418 4726 1460 4791 de
1483 4734 1595 4791 nostro
1625 4736 1658 4791 et
1687 4726 1884 4792 donavimus
1915 4725 1959 4791 ad
1984 4726 2148 4812 prefatam
2174 4725 2359 4795 basilicam

697 4830 803 4897 sancti
820 4828 909 4894 Petri
933 4829 1091 4916 principis
1115 4828 1344 4915 apostolorum
1367 4828 1543 4895 ecclesiam
1566 4832 1601 4895 in
1623 4830 1703 4895 villa
1725 4831 1855 4916 Edinga
1877 4838 2103 4895 constructam
2126 4838 2159 4894 et
2181 4832 2360 4916 quandam

698 4933 887 5002 censualem
911 4942 1033 4998 terram
1055 4934 1089 4997 in
1112 4932 1192 4998 villa
1209 4930 1348 4998 Huson¹¹
1370 4933 1542 4998 nominata
1563 4954 1637 4999 cum
1661 4933 1835 5000 curtilibus
1858 4944 1891 4999 at
1911 4933 2062 4999 omuibus
2085 4933 2287 5002 utensilibus
2313 4939 2362 5005 ad

700 5039 840 5105 eandem
863 5047 984 5103 terram
1008 5037 1260 5124 pertinentibus,
1289 5039 1418 5125 campis
1442 5040 1545 5123 pratis
1567 5041 1699 5123 pascuis
1723 5040 1819 5125 aquis
1843 5060 2068 5125 aquarumque
2091 5037 2301 5117 decursibus,
2328 5054 2364 5109 et

700 5142 812 5208 decem
843 5163 978 5207 mansos
1007 5142 1040 5207 in
1071 5141 1150 5207 villa
1178 5140 1408 5209 Ulvinsheim¹.
1453 5142 1498 5207 Et
1526 5152 1564 5207 ut
1589 5143 1650 5209 hec
1678 5144 1857 5208 auctoritas
1887 5150 2000 5209 nostre
2028 5142 2297 5210 confirmationis
2329 5158 2365 5213 61
2388 5168 2425 5217 40

699 5246 887 5313 traditionis
903 5248 936 5311 iu
960 5246 1072 5311 futura
1088 5253 1239 5332 tempora
1260 5246 1463 5313 inviolabilis
1480 5255 1682 5333 permaneat,
1707 5270 1810 5321 mauu
1823 5256 1937 5312 nostra
1961 5246 2075 5313 subter
2098 5268 2171 5313 eam
2194 5246 2366 5320 roborare

700 5348 906 5418 decrevimus
929 5361 962 5415 et
985 5349 1027 5416 de
1050 5348 1149 5416 anulo
1173 5359 1287 5417 nostro
1311 5350 1456 5437 sigillare
1478 5352 1644 5417 iussimus.

802 5506 970 5572 Lutherus
992 5506 1193 5592 recognovit.

803 5646 894 5713 Data
916 5668 1029 5713 mense
1052 5646 1131 5712 iulio
1156 5668 1241 5711 anuo
1265 5662 1338 5710 xxx
1361 5646 1454 5732 regni
1476 5647 1598 5729 uostri;
1626 5655 1736 5710 actum
1761 5644 1988 5712 Valentianas.

777 5868 837 5928 257.
856 5871 883 5937 a)
901 5870 1073 5938 quoniamG
1139 5869 1168 5938 b)
1186 5867 1389 5922 ErenbertusG
1456 5866 1599 5935 ciadiisO
1665 5870 1693 5934 d)
1710 5868 1846 5921 Otenrvait
1860 5866 1889 5935 0,
1908 5868 2005 5923 obusto
2024 5870 2103 5923 225
2174 5869 2201 5935 e)
2221 5872 2371 5932 Laudem·
2397 5882 2433 5931 15

750 5982 753 5986 .
856 5940 985 6007 burgensi
1003 5938 1033 6004 0,
1051 5938 1147 5993 coemo
1166 5939 1197 5991 Z.
1216 5938 1396 6004 1366115,
1425 5938 1509 5993 rorate
1526 5937 1558 5990 Z.
1575 5939 1613 5991 23
1631 5939 1823 6005 Laudemburg
1846 5943 1918 5992 siott
1936 5940 2137 6006 Lobeduuburg
2183 5990 2184 5995 ,
2228 5942 2374 6016 1)]1188.

856 6011 924 6061 berti
937 6008 967 6071 0,
986 6008 1105 6063 duratio
1122 6008 1322 6075 Nomenssorm
1340 6008 1371 6061 Z.
1384 6010 1422 6062 32
1491 6008 1519 6076 g)
1537 6007 1601 6059 moll
1620 6007 1671 6060 mit
1689 6007 1970 6078 Kurraapastriobb'
1986 6007 2125 6077 (oerdmbt
2143 6022 2198 6062 aas
2218 6014 2295 6083 uidl)

856 6080 886 6147 b)
903 6077 1042 6134 HuseuO
1109 6079 1319 6146 i)U1vessheim
1339 6075 1367 6130 0.
