5642 7159
691 760 754 826 368
1298 760 1739 821 KAISERURKUNDEN.

704 1008 709 1012 .
796 953 879 1014 Tecti
907 952 1007 1013 Stcria
1034 951 1068 1010 ἄν’
1095 951 1371 1034 Μενᾶεεᾶεεὶνιε1,
1402 951 1443 1011 95
1472 964 1528 1009 aas
1557 948 1587 1008 Β
1621 970 1661 1003 =
1695 946 1799 1023 Mipne
1826 945 1939 1007 Patrai.
1964 950 2015 1018 97,
2044 949 2126 1007 1041
2159 953 2195 1005 n⁰
2216 948 2278 1007 28.
2318 976 2367 988 -

794 1057 990 1117 Mtticibaelrer
1010 1056 1086 1130 Rep.
1109 1059 1173 1116 344
1197 1053 1297 1133 (335).

793 1195 828 1266 C,
858 1195 912 1254 dua
933 1193 1007 1253 noct
1037 1193 1091 1251 der
1112 1197 1210 1251 ersten
1231 1190 1339 1264 Hdifte
1367 1191 1492 1252 des-12.
1517 1189 1571 1251 Ja.
1594 1190 1745 1264 anqelrdrt,
1777 1190 1845 1264 qest
1867 1189 2058 1263 ancdbdnpip
2084 1206 2142 1248 oon
2164 1190 2194 1249 B
2219 1186 2291 1261 aas
2312 1188 2369 1247 die

790 1301 990 1373 pemeinsame
1018 1298 1141 1371 Vorlaqc
1161 1296 1287 1355 saraca
1310 1328 1355 1339 -
1375 1296 1436 1355 Die
1458 1295 1632 1368 Falscbonp
1654 1296 1693 1355 ist
1716 1311 1773 1354 aas
1795 1296 1870 1354 snei
1893 1293 2022 1355 &acken
2043 1297 2366 1368 nasammenpesetrt:

794 1403 848 1462 der
868 1403 987 1476 Beqinn
1010 1402 1055 1461 bie
1078 1400 1263 1474 concessisse,
1301 1397 1531 1459 Ocrroboration
1553 1398 1617 1458 and
1639 1398 1827 1458 Eschatoleoll
1854 1398 1924 1458 sind
1952 1398 2006 1457 der
2033 1400 2109 1459 anet
2137 1399 2196 1471 far
2219 1404 2259 1458 n⁰
2277 1400 2364 1468 242,
2392 1411 2410 1458 5

793 1511 868 1579 243,
891 1509 956 1568 256
979 1508 1137 1566 bonitates
1158 1504 1300 1565 Urleande
1315 1503 1409 1563 Karia
1426 1504 1456 1564 ἄ.
1477 1502 1530 1564 ἄν.
1546 1508 1582 1560 n⁰
1596 1505 1660 1564 158
1676 1501 1758 1581 (Va.
1775 1501 1816 1578 l),
1840 1503 1896 1562 das
1918 1504 2023 1577 adripe
2037 1504 2092 1562 rnit
2113 1504 2183 1562 sehr
2203 1506 2366 1577 perinpen

798 1612 949 1671 Zattaten
971 1611 1036 1669 and
1057 1628 1119 1669 nar
1141 1627 1191 1668 am
1212 1609 1336 1668 Scitam
1358 1612 1449 1667 etwas
1471 1606 1668 1666 aberarbeiter
1690 1606 1755 1665 send
1773 1607 1899 1680 celebret
1922 1607 1976 1666 ἄεν
1996 1608 2182 1680 anpcblieluen
2205 1606 2366 1667 Urknnde

736 1697 738 1700 ⁵
794 1717 845 1776 dea
874 1715 990 1789 Konipa
1019 1713 1206 1785 Deciderint,
1242 1713 1326 1772 Teati
1349 1717 1379 1783 1,
1409 1714 1450 1772 89
1475 1710 1645 1789 (171111),
1680 1711 1729 1771 die
1758 1711 1791 1770 in
1817 1712 1912 1771 ibrenr
1941 1712 2005 1771 bier
2031 1712 2112 1771 nient
2144 1712 2363 1771 verwendeten

797 1819 880 1879 Tarii
901 1818 976 1878 nocio
997 1817 1055 1876 den
1077 1816 1157 1889 Stoff
1176 1815 1232 1888 fite·
1253 1818 1318 1874 eine
1339 1817 1441 1874 rwcite
1463 1814 1636 1888 Fdiscleanp
1658 1820 1693 1872 n⁰
1708 1815 1771 1875 242
1795 1816 1842 1874 101
1864 1814 1929 1874 send
1951 1816 2024 1889 noct
2046 1816 2253 1889 anspiebr'qere
2283 1815 2362 1874 Ver-

795 1921 940 1994 wendnnq
962 1918 1018 1992 γ’ἄν
1039 1922 1104 1979 eine
1127 1921 1241 1979 weitere
1262 1919 1433 1992 Falscltanp
1456 1916 1520 1990 aas
1538 1918 1596 1976 den
1616 1919 1735 1978 Nomen
1757 1917 1903 1992 Lndwipa
1925 1918 1953 1978 ἄ.
1971 1919 2038 1989 Fr„
2061 1918 2262 1978 Malibacber
2278 1918 2358 1992 Rea.
2389 1930 2423 1980 ιο

796 2028 857 2085 660
882 2023 982 2102 (646),
1007 2022 1093 2096 sanci.
1120 2023 1180 2082 Die
1206 2022 1351 2084 Urlennde
1373 2022 1424 2081 des
1446 2021 1625 2081 Desiderins
1649 2024 1805 2081 eninirnnrt
1827 2024 1861 2081 in
1883 2022 1949 2081 dem
1971 2023 2004 2080 in
2025 2028 2060 2081 n⁰
2072 2024 2137 2081 255
2159 2026 2361 2081 νεννεενίᾶενε

797 2129 889 2199 lircil,
923 2129 1085 2202 clterdinqs
1108 2128 1245 2186 manetes
1268 2126 1404 2186 andernd
1426 2126 1491 2185 aad
1512 2123 1640 2197 vielfacb
1662 2125 1805 2197 karrenei,
1829 2127 1911 2185 ννιᾶιν
1933 2125 1978 2184 als
2001 2124 2049 2184 die
2070 2123 2177 2197 Hdifle
2201 2125 2254 2184 ἄεν
2278 2126 2358 2197 aas·

793 2233 948 2309 peedblten
978 2233 1180 2306 Besilrnnqen
1214 2232 1272 2311 (bia
1301 2231 1505 2306 castronlano)
1534 2230 1600 2289 ἄεννε
1628 2248 1680 2289 am
1711 2232 1883 2291 870-880
1916 2229 2086 2303 anpelcqten
2115 2230 2356 2291 blemoratorinm

796 2336 910 2397 abbatis
925 2336 1081 2410 Bertbarii,
1106 2336 1162 2396 dae
1176 2336 1238 2395 Leo
1262 2337 1295 2394 in
1315 2337 1396 2394 aeine
1410 2334 1653 2394 Klosterclrrcnilc
1675 2335 1715 2410 (I,
1739 2336 1790 2405 45,
1814 2334 1859 2393 M.
1879 2334 1916 2395 6.
1935 2332 1989 2395 SS.
2005 2338 2036 2405 7,
2060 2331 2135 2411 610)
2152 2333 2217 2392 and
2239 2334 2357 2393 Petras

795 2442 961 2512 Diaconos,
984 2442 1039 2499 wie
1061 2456 1090 2499 es
1112 2441 1232 2512 scierint,
1257 2442 1300 2499 im
1322 2440 1440 2514 Beqe'nn
1463 2442 1552 2498 etwas
1573 2438 1784 2510 eerstdmnrelt,
1808 2439 1842 2496 in
1863 2439 1930 2497 sein
1951 2436 2089 2512 Repister
2111 2434 2249 2514 (Galtola
2267 2437 2353 2496 Hist.
2383 2450 2418 2497 15

799 2544 916 2606 caesae.
939 2550 969 2615 1,
994 2547 1048 2618 78)
1072 2542 1231 2615 cafnabnr,
1265 2545 1300 2603 de
1331 2549 1416 2606 rebus
1439 2548 1467 2605 et
1495 2545 1575 2605 cellis
1598 2544 1684 2605 buius
1715 2542 1881 2604 monasterii
1910 2544 1984 2620 apud
2007 2542 2174 2615 biarchiam,
2205 2541 2236 2602 in
2261 2542 2356 2603 Teate

799 2651 948 2710 domarat
975 2652 1005 2709 ct
1036 2650 1133 2709 Penne
1163 2647 1338 2721 constitutis,
1368 2666 1441 2725 quae
1471 2650 1553 2708 besto
1584 2648 1661 2725 patri
1683 2648 1838 2709 Benedicta
1861 2666 1879 2708 a
1902 2650 2019 2709 sanctae
2047 2645 2199 2707 memoriae
2230 2646 2356 2721 regibus

799 2753 910 2823 desolo,
934 2752 1055 2829 Pipino,
1072 2752 1207 2812 Lctbario
1223 2755 1310 2829 atque
1325 2751 1475 2813 bedonico
1498 2768 1583 2812 seua
1604 2751 1708 2812 ceteris
1731 2751 1891 2829 quibusque
1906 2751 2038 2812 fidelibus
2053 2752 2191 2811 hactenus
2209 2766 2355 2811 concessa

798 2859 977 2927 noscuntur3'
996 2856 1226 2933 quandoquidem
1250 2874 1323 2933 qnae
1345 2857 1551 2941 specialitate
1573 2857 1698 2932 singulis
1720 2857 1881 2933 quibusque
1903 2855 2007 2915 collata
2030 2857 2107 2928 sunt,
2137 2854 2266 2915 incensis
2291 2854 2353 2931 ple-

797 2961 895 3037 risque
923 2977 1020 3021 eorum
1049 2960 1241 3021 oblationibus
1271 2960 1454 3036 ignoramns5
1494 2976 1549 3019 non
1573 2960 1625 3018 ἄεν
1654 2959 1812 3032 folqenden
1834 2960 1919 3020 Iriste
1947 2960 2000 3019 ἄεν
2022 2959 2223 3031 Besilrnnpen
2244 2958 2355 3031 findas
2379 2970 2415 3021 20

795 3065 857 3123 sict
878 3081 941 3122 nar
962 3062 1094 3122 cinrelne
1115 3064 1180 3123 and
1202 3064 1235 3122 in
1257 3064 1478 3123 cerneleiedener
1499 3063 1694 3137 Reddensolqe
1716 3064 1749 3123 in
1771 3064 1903 3123 anderen
1925 3063 2253 3137 Besitrbestdiiynnpen
2285 3062 2355 3142 (sa-

796 3172 855 3227 erst
878 3169 912 3226 in
927 3168 1016 3241 jener
1038 3167 1143 3241 anos
1165 3166 1230 3226 nnd
1251 3166 1382 3227 Latioque
1404 3184 1460 3225 con
1475 3170 1548 3238 943,
1572 3168 1703 3226 Bdbnner
1724 3169 1797 3242 aeq.
1822 3167 1927 3227 Karai.
1952 3166 2059 3245 1414),
2083 3168 2131 3226 die
2152 3167 2237 3227 In‘sle
2260 3167 2355 3227 ssibst

795 3275 850 3333 mit
885 3273 940 3332 ἄεν
966 3270 1235 3343 Pertinenrfcnnrl
1262 3272 1326 3331 and
1359 3272 1416 3330 den
1448 3272 1510 3331 sicle
1538 3271 1794 3331 enselrliessenden
1822 3272 1930 3332 Setaea
1966 3272 2005 3332 ist
2034 3273 2147 3345 eirenes
2184 3271 2274 3331 Weric
2303 3271 2355 3330 des

796 3376 973 3448 Fdlscbers,·
1008 3376 1064 3434 mit
1092 3392 1225 3451 possesse
1246 3375 1363 3435 fuerunt
1391 3379 1465 3435 setet
1487 3376 1596 3435 wieder
1626 3375 1673 3434 die
1696 3374 1877 3449 Bentiannq
1900 3376 1982 3434 einer
2009 3376 2107 3434 coloten
2134 3374 2281 3436 Urlennde
2305 3378 2356 3434 ein

795 3479 860 3540 aad
881 3497 971 3551 esaar,
995 3481 1050 3539 wie
1072 3480 1121 3538 die
1141 3477 1284 3538 Veniente
1306 3496 1390 3556 quem
1412 3479 1600 3540 clamaverint
1615 3480 1741 3550 beweist,
1766 3478 1818 3537 ἄεν
1839 3480 1964 3538 awriten
1984 3478 2125 3539 Urlcnnde
2144 3477 2226 3539 Ottoe
2241 3478 2284 3537 ΙΙ
2295 3496 2354 3537 con
2379 3491 2412 3541 ab

794 3587 856 3644 981
881 3583 1002 3658 Aspast
1025 3587 1054 3655 6,
1079 3584 1124 3643 M.
1146 3583 1182 3643 G.
1199 3582 1271 3642 DD.
1286 3583 1317 3655 2,
1339 3586 1406 3645 293
1427 3590 1462 3643 n⁰
1475 3586 1539 3644 254
1546 3578 1557 3618 ⁶
1582 3581 1643 3661 (die
1657 3581 1831 3654 Pdnsorneei
1853 3587 1942 3643 ἄεεαε
1962 3583 2104 3657 9εᾶηᾶεᾶ
2126 3584 2160 3642 in
2182 3582 2235 3641 ἄεν
2250 3584 2355 3643 Nact-

794 3689 935 3748 nrlcnnde
957 3689 1117 3748 Heinricirs
1133 3688 1175 3747 II
1190 3704 1246 3747 con
1262 3690 1346 3747 1014
1369 3688 1409 3747 it.
1427 3690 1456 3758 3,
1480 3689 1543 3748 345
1560 3692 1594 3746 n⁰
1607 3686 1695 3764 287).
1720 3686 1819 3746 Bler'bt
1842 3704 1871 3747 es
1894 3688 1971 3746 uncle
1994 3685 2176 3759 cassellensi,
2201 3687 2274 3746 dass
2290 3686 2355 3745 Leo

796 3793 844 3852 die
876 3792 1018 3853 Urlennde
1045 3793 1095 3852 des
1123 3792 1301 3852 Desiderins
1330 3792 1411 3851 nield
1438 3792 1579 3862 erwdbnt,
1614 3792 1658 3850 sie
1685 3791 1749 3850 also
1777 3790 2017 3850 waltrecleeinlieb
2040 3808 2098 3865 par
2125 3790 2206 3849 reiciet
2228 3789 2355 3861 kannte,

795 3913 827 3956 ac
850 3897 927 3955 roird
955 3914 1028 3955 man
1057 3896 1130 3957 doen
1159 3912 1256 3969 weqen
1283 3896 1333 3954 des
1364 3895 1655 3969 Zasamrnenbanpce
1684 3894 1781 3955 dieser
1810 3895 1983 3969 Fdisclrnnp
2011 3896 2066 3953 mil
2085 3894 2177 3968 jenen
2205 3890 2272 3965 anf
2297 3894 2358 3953 dees

797 3999 917 4060 Nomen
939 4000 1033 4060 Karta
1055 4000 1084 4059 ἄ.
1105 4000 1158 4060 ἄν.
1184 3997 1251 4078 (aql.
1275 3999 1324 4058 die
1353 3999 1588 4072 Verbemerlcanp
1609 4017 1650 4057 en
1672 4004 1706 4057 n⁰
1720 3996 1807 4078 242),
1843 3999 1892 4058 die
1921 3999 1976 4059 wel
2003 4000 2081 4058 caclo
2107 4015 2163 4058 aon
2185 3998 2358 4059 demseiben
2381 4014 2416 4064 ab

778 4104 940 4164 .Fdiscber
958 4102 1100 4179 qesertipt
1121 4104 1201 4175 sind,
1231 4104 1279 4162 die
1297 4103 1408 4176 qleicbe
1430 4103 1702 4177 Entstebnnpsreit,
1737 4102 1826 4163 deren
1848 4106 1998 4163 dasanste
2023 4101 2160 4162 Grenren
2183 4102 2238 4161 das
2264 4103 2358 4163 Ενιᾶε

797 4208 847 4268 ἄεν
870 4211 921 4268 10.
944 4208 1010 4267 and
1032 4208 1084 4267 ἄεν
1106 4207 1226 4282 Bepinn
1248 4207 1298 4266 dee
1320 4209 1372 4267 12.
1398 4208 1451 4268 Jt.
1475 4206 1555 4278 sind,
1579 4208 1786 4268 annanebmen
1808 4208 1913 4269 beben.

797 4409 829 4459 In
850 4413 957 4461 nomine
972 4410 1072 4461 domini
1095 4412 1179 4462 nostri
1194 4410 1256 4461 Iesu
1272 4410 1371 4461 Christi
1388 4409 1431 4460 dei
1454 4411 1546 4461 eterni.
1571 4410 1684 4461 Carolus
1700 4410 1787 4477 gratia
1810 4410 1853 4461 dei
1877 4426 1922 4461 rex
1937 4410 2103 4460 Francorum
2125 4402 2226 4481 atque
2243 4410 2359 4479 Lange-

695 4514 840 4565 bardorum
863 4530 894 4566 ac
916 4494 1046 4581 patricius
1068 4516 1250 4567 Romanorum
1273 4516 1396 4566 omnibus
1420 4516 1553 4580 episcopis
1576 4514 1720 4565 abbatibus
1744 4514 1857 4565 ducibus
1881 4514 2023 4565 comitibus
2046 4513 2182 4565 indicibus
2205 4514 2359 4567 castaldeis

696 4612 871 4670 actionariis*
893 4620 1001 4669 vicariis
1023 4621 1183 4670 centenariis
1207 4619 1249 4669 vel
1272 4619 1384 4685 reliquis
1405 4617 1531 4669 fidelibus
1553 4620 1651 4670 nostris
1674 4619 1844 4684 presentibus
1867 4598 1966 4689 atque
1988 4619 2095 4670 futuris.
2199 4618 2359 4671 Maximum
2384 4622 2419 4671 35

696 4723 770 4787 regni
785 4724 870 4773 nostri
884 4724 913 4773 in
936 4724 987 4774 hoc
1002 4738 1101 4789 sugere
1124 4722 1257 4773 credimus
1274 4723 1475 4785 munimentum,
1499 4724 1520 4773 si
1537 4724 1712 4788 petitionibus
1728 4723 1896 4775 sacerdotum
1920 4729 2000 4791 atque
2016 4738 2152 4774 servorum
2175 4722 2228 4786 dei,
2253 4725 2285 4775 in
2302 4742 2361 4792 quo

694 4828 793 4876 nostris
816 4827 927 4877 auribus
956 4828 1057 4878 fuerint
1082 4808 1194 4892 prolate,
1228 4826 1323 4876 libenti
1351 4829 1440 4878 animo
1469 4827 1681 4893 obtemperamus
1711 4831 1791 4893 atque
1820 4827 1853 4877 ad
1884 4827 2006 4878 effectum
2035 4827 2214 4903 perducimus,
2250 4831 2361 4895 regiam

696 4929 917 4981 consuetudinem
945 4946 1099 4982 exercemus
1122 4936 1150 4981 et
1177 4931 1228 4981 hoc
1251 4930 1329 4981 nobis
1361 4931 1396 4980 ad
1419 4929 1548 4982 mercedis
1575 4906 1746 4997 augmentum
1769 4931 1812 4981 rel
1842 4930 2016 4982 stabilitatem
2038 4932 2113 4998 regni
2142 4932 2229 4980 nostri
2253 4932 2285 4982 in
2316 4934 2362 4985 dei

695 5034 802 5085 nomine
824 5035 958 5099 pertinere
981 5034 1147 5086 confidimns.
1192 5035 1363 5100 Quapropter
1384 5036 1490 5085 noverit
1512 5035 1631 5085 sollertia
1654 5040 1751 5099 vestra,
1780 5036 1895 5101 qualiter
1924 5018 1965 5085 ob
1995 5020 2215 5085 reverentiam
2243 5022 2364 5087 sancti

695 5122 897 5187 confessoris
914 5123 1035 5189 Christi
1050 5124 1223 5190 Benedicti
1239 5139 1273 5190 ad
1288 5141 1443 5205 petitionem
1460 5139 1578 5207 religiosi
1592 5120 1789 5190 'I'hcedemarib
1805 5140 1912 5190 abbatis
1927 5154 1960 5189 ex
1976 5138 2136 5188 uronasterio
2148 5154 2164 5185 s
2178 5136 2331 5190 Casineusi
2345 5158 2363 5189 s
2388 5144 2424 5194 40

645 5241 673 5291 11
697 5241 750 5291 tale
773 5240 933 5293 beneficium
955 5228 989 5291 in
1012 5244 1071 5307 ipso
1094 5246 1255 5295 monasterio
1280 5246 1329 5295 risi
1351 5237 1472 5295 fuimus⁰
1495 5246 1666 5307 concessisse,
1690 5243 1760 5295 unde
1784 5243 1906 5294 monachi
1930 5242 1979 5293 dee
1996 5243 2142 5292 servientes
2157 5255 2207 5305 pro
2232 5244 2321 5295 nobis
2338 5252 2367 5297 et

694 5353 753 5416 pro
777 5352 875 5397 cuncto
898 5346 999 5413 populo
1016 5347 1159 5398 christiano
1183 5353 1324 5399 exorantes
1339 5349 1430 5398 vivere
1453 5348 1568 5410 valeant,
1592 5347 1619 5397 id
1642 5353 1683 5398 est
1706 5354 1759 5397 res
1781 5350 1945 5412 pertinentes
1968 5362 2043 5397 sacro
2066 5349 2156 5395 nostro
2177 5345 2288 5409 palatio
2314 5367 2368 5416 per

695 5436 827 5502 diversa
850 5436 935 5521 loca,
960 5460 1022 5523 que
1044 5440 1176 5524 genitor
1198 5447 1310 5503 noster
1333 5437 1468 5524 Pipinus
1492 5460 1558 5502 una
1581 5457 1655 5502 cum
1679 5437 1780 5502 fratre
1804 5458 1863 5501 suo
1880 5434 2008 5501 Karulo
2031 5435 2065 5498 in
2089 5433 2209 5499 eodem
2234 5450 2365 5505 sancto

694 5539 834 5605 cenobio
858 5541 1058 5607 obtulerunt.
1094 5543 1209 5628 Igitur,
1233 5544 1319 5607 sicut
1341 5541 1383 5608 ab
1406 5542 1473 5607 illis
1498 5543 1531 5606 in
1555 5540 1672 5607 eodem
1694 5539 1769 5605 loco
1794 5538 1907 5605 oblata
1931 5548 1964 5604 et
1986 5537 2181 5604 confirmata
2207 5550 2306 5625 sunt,
2333 5554 2370 5611 et

693 5663 754 5708 nos
784 5645 1036 5731 inperpetuum
1065 5644 1263 5726 habendum,
1298 5645 1475 5711 tenendum
1500 5654 1533 5709 et
1561 5642 1798 5709 dominandum
1827 5641 2038 5708 concedimus
2067 5650 2100 5705 et
2122 5654 2327 5713 confirmamus
2351 5682 2369 5713 a
2392 5668 2429 5717 45

694 5762 834 5815 ecclesium
849 5781 866 5814 c
888 5766 973 5815 sancti
989 5765 1082 5816 Iacobi
1104 5767 1132 5815 in
1147 5766 1267 5827 Tremiti,
1290 5767 1376 5815 suncti
1398 5765 1527 5815 Iohannis
1549 5765 1578 5813 in
1593 5764 1699 5825 Veneri,
1724 5769 1786 5832 que
1810 5770 1829 5812 a
1850 5746 1996 5811 Maltino
2020 5743 2185 5810 monacho
2203 5746 2370 5817 eiusdem
2409 5731 2417 5746 ι

692 5852 833 5919 ecclesie
856 5863 1086 5919 constructore
1109 5852 1207 5919 beato
1224 5854 1407 5920 Benedioto
1433 5853 1547 5919 oblata
1563 5862 1622 5937 est,
1648 5852 1765 5919 dehinc
1782 5850 1956 5917 ecclesiam
1980 5866 2065 5917 sancti
2081 5865 2255 5951 miseratoris
2280 5886 2372 5938 supra

767 6058 827 6114 abb.
849 6060 876 6125 ι)
894 6076 925 6111 ac
943 6063 1097 6112 rationariis
1117 6060 1140 6112 0
1243 6061 1475 6124 b)'1'beodemarii
1496 6058 1519 6111 0
1620 6060 1646 6125 c)
1664 6059 1752 6110 snmus
1771 6058 1798 6113 B
