5642 7159
1241 677 1399 737 PIPPIN
1422 673 1494 738 752.
2167 678 2189 740 5

543 863 732 928 monasterii
757 873 815 928 aut
837 864 976 929 hortaer
999 863 1119 929 luerint
1141 873 1199 928 aut
1222 863 1263 929 de
1285 863 1434 929 homines
1458 884 1535 928 suos
1560 864 1770 939 surrexerint,
1793 886 1875 950 quas
1899 867 1932 930 in
1954 887 2042 951 pago
2061 865 2188 951 absquo

544 987 603 1029 suo
632 965 802 1052 dispondio
831 977 919 1033 recte
947 978 980 1032 et
1008 966 1246 1032 rationabiliter
1275 966 1429 1032 delinitas
1452 989 1518 1032 non
1540 968 1672 1050 fuerint,
1696 990 1753 1032 eas
1776 990 1881 1054 usque
1903 979 1980 1033 ante
2002 992 2063 1034 nos
2087 972 2187 1034 omni·

541 1068 647 1133 modis
671 1071 735 1134 sint
759 1092 938 1157 suspensas
963 1071 1012 1135 vcl
1037 1081 1240 1136 reservatas·
1256 1081 1288 1135 et
1304 1081 1421 1156 postea
1436 1081 1513 1135 ante
1528 1093 1588 1135 nos
1602 1093 1662 1156 per
1678 1070 1781 1155 legem
1799 1082 1832 1136 et
1847 1073 2004 1136 iustitiam
2021 1073 2188 1157 accipiant

541 1175 747 1237 sententiam.
773 1173 817 1238 Et
840 1184 875 1238 ut
897 1175 1018 1239 certius
1042 1175 1194 1249 credatis,
1218 1198 1319 1240 manu
1341 1175 1475 1260 propria
1499 1174 1611 1239 subter
1633 1174 1835 1240 firmavimus
1852 1186 1885 1239 et
1901 1173 1942 1240 de
1958 1176 2056 1240 anulo
2074 1186 2186 1240 nostro

503 1291 519 1338 a
541 1276 765 1360 sigillavimus.

644 1395 780 1480 Signum
806 1397 949 1484 Pippini‘
972 1399 1055 1482 regis
1083 1397 1337 1482 (Francorum).

644 1499 851 1584 (lhrodingus
875 1502 984 1566 iussus
1006 1504 1207 1586 recognovit.

642 1623 732 1686 Data
760 1645 862 1688 mens.
891 1623 983 1708 april.
1015 1621 1066 1687 die
1095 1637 1171 1690 xxv
1198 1625 1236 1688 in·
1262 1646 1348 1700 anno
1378 1625 1483 1709 primo
1512 1633 1670 1708 regnante
1694 1624 1853 1709 Pippino¹²
1882 1646 1975 1709 rege3
1998 1635 2119 1706 ⁴actum
2141 1626 2186 1691 ad

537 1724 703 1792 Arestalio
726 1725 851 1812 palatio
874 1725 1018 1812 publico.

483 2089 519 2141 ro
1349 2055 1384 2129 3.

537 2215 670 2307 Pippin
696 2215 834 2296 acltcrrlrt
860 2217 938 2286 dom
966 2215 1109 2288 Klostcr
1134 2215 1268 2288 Protm
1295 2213 1515 2286 Fiscbcrcicn
1541 2216 1590 2285 im
1617 2213 1810 2306 Mosclpcc.

1715 2370 1886 2432 Uuerestein
1909 2373 1973 2429 752
1995 2371 2064 2430 Mat
2085 2374 2139 2432 27.

640 2561 791 2633 rlbsctrtst
814 2561 864 2620 des
887 2565 937 2621 12.
963 2561 1015 2620 Jlr.
1041 2563 1082 2619 im
1102 2562 1230 2622 Prrtmer
1245 2557 1407 2621 Obortclor
1431 2558 1535 2639 (Liber
1548 2559 1672 2636 curcua)
1700 2559 1724 2632 f.
1741 2556 1793 2620 58¹
1816 2561 1850 2617 in
1872 2559 1925 2618 der
1941 2558 2184 2620 Stcdtbibliottet

638 2685 680 2725 aa
705 2667 791 2725 Tricr
813 2663 874 2743 (0).

641 2837 737 2912 Beyer
759 2837 954 2895 Mittclrlrcin.
986 2837 1015 2898 U
1019 2840 1055 2898 B.
1081 2843 1110 2909 1,
1135 2841 1176 2898 13
1199 2844 1233 2896 πθ
1253 2841 1294 2896 10
1317 2855 1373 2896 cus
1396 2837 1434 2895 B.
1458 2870 1500 2879 —
1523 2835 1718 2894 Mdhlbochcr
1739 2836 1811 2909 Ray.
1836 2837 1877 2895 68
1901 2834 1979 2913 (66).

638 3009 699 3068 Der
728 3007 906 3068 Ausatcllort
934 3012 973 3069 ist
1001 3011 1240 3070 rootrscheinlict
1268 3010 1422 3070 Nicrstcin
1449 3008 1640 3086 (Uuerestctn
1666 3026 1708 3065 aa
1735 3008 1893 3067 Ncrcstcirt
1919 3024 1960 3065 ru
1989 3005 2182 3084 arcadiae),

639 3113 833 3172 Mrthlbcclrer
855 3113 874 3172 l.
891 3128 935 3186 c.‚·'
954 3115 1003 3174 vel,
1021 3117 1120 3189 sancte
1136 3114 1226 3189 Mario
1249 3116 1291 3170 im
1308 3111 1439 3183 context,
1462 3130 1518 3171 oon
1538 3111 1645 3182 Siolccl,
1668 3112 1742 3185 aeq.
1758 3114 1822 3171 212
1842 3111 1871 3170 P
1883 3113 1913 3179 4,
1936 3111 1981 3169 ola
2000 3111 2113 3169 Zruotc
2132 3110 2182 3169 des

640 3217 776 3290 sopatro
799 3216 919 3286 erkldrt,
943 3219 981 3276 ist
1004 3217 1097 3276 duret
1118 3223 1152 3275 πθ
1172 3221 1213 3277 16
1238 3215 1314 3294 (com
1337 3215 1489 3276 Schrcitcr
1510 3214 1560 3274 des
1578 3219 1627 3274 10.
1651 3213 1719 3293 Jt.)
1742 3214 1806 3273 aad
1828 3214 1876 3271 die
1891 3212 2183 3287 Stiftmrqsartoadc

638 3339 692 3380 oon
716 3326 787 3393 720,
812 3321 908 3396 Beycr
935 3323 1004 3382 ΠΒ.
1030 3329 1058 3394 1,
1083 3326 1124 3382 10
1145 3328 1180 3381 a⁰
1203 3325 1233 3392 8,
1254 3321 1407 3395 yesiosert.

479 3547 515 3594 20
640 3526 696 3610 <ln
730 3527 861 3591 nomine
896 3535 1007 3610 sancte
1044 3535 1076 3590 et
1108 3524 1275 3608 individue
1311 3522 1494 3608 trinitatis.)
1543 3525 1703 3609 Pippinus
1738 3547 1798 3590 rex
1826 3523 2029 3588 Francorum
2056 3523 2107 3587 vir
2135 3523 2181 3587 in·

534 3628 645 3693 luster.
751 3630 795 3694 Et
827 3631 982 3715 quoniam
1017 3629 1176 3716 siquidem
1211 3631 1448 3693 monasterium
1483 3628 1569 3713 quod
1604 3627 1724 3692 dicitur
1752 3627 1884 3692 Prumia
1913 3647 2056 3711 superna
2084 3623 2181 3689 nobis

533 3733 712 3817 inspirante
739 3735 846 3818 gratia
870 3756 889 3797 a
913 3755 997 3798 novo
1021 3735 1266 3799 construximus
1291 3755 1388 3818 opere
1412 3735 1445 3796 in
1468 3734 1592 3822 bonore
1616 3731 1771 3796 videlicet
1794 3733 1898 3795 sancti
1922 3730 2105 3796 Salvatoris
2128 3728 2180 3792 vel

464 3881 465 3884 κ
534 3845 646 3920 sancto
663 3837 776 3920 Mario,
801 3836 1039 3920 providendum
1062 3846 1112 3901 est
1136 3836 1258 3901 sollerti
1278 3859 1367 3917 cura,
1392 3837 1534 3922 qualiter
1549 3845 1802 3921 pertractemus,·
1823 3834 1909 3899 unde
1925 3833 2049 3898 scilicet
2066 3837 2182 3896 sancta

533 3943 743 4024 congregatio
774 3949 806 4004 et
835 3938 986 4004 monachi
1016 3961 1099 4024 quos
1126 3939 1248 4004 ibidem
1278 3935 1477 4004 instituimus
1502 3941 1612 4004 vivere
1635 3939 1778 4004 debeant
1799 3949 1899 4024 atque
1921 3936 2180 4002 consolationem

478 4055 513 4100 25
533 4045 719 4109 relectionis
743 4067 783 4108 ex
809 4054 920 4108 nostra
945 4044 1121 4109 traditione
1145 4039 1303 4129 perpetuo'
1326 4046 1495 4129 recipiant.
1536 4043 1665 4109 Idcirco
1690 4045 1818 4108 noverit
1841 4044 2178 4127 omnium-procerum

532 4158 715 4211 nostrorum
745 4147 937 4232 magnitudo
969 4149 1190 4232 praesentium
1220 4147 1374 4212 videlicet
1403 4158 1436 4212 et
1465 4169 1703 4221 successorum,
1733 4147 1822 4233 quod
1850 4168 1910 4212 nos
1933 4145 1977 4211 ad
1999 4147 2063 4210 iam
2088 4167 2180 4230 prae·

531 4250 654 4315 dictum
683 4253 917 4316 monasterium
949 4253 981 4315 in
1005 4274 1091 4337 pago
1116 4251 1274 4316 Muslinse
1298 4250 1458 4337 quasdam
1481 4253 1682 4336 piscationes
1707 4262 1738 4317 et
1761 4274 1886 4316 vennas
1910 4250 2027 4316 damus
2050 4260 2083 4315 ct
2104 4271 2179 4313 con·

531 4355 706 4428 stituimus,
731 4354 793 4420 hoc
815 4364 865 4419 est
887 4357 971 4420 infra
995 4355 1151 4421 terminos
1175 4354 1326 4420 villarum
1349 4365 1536 4420 nostrarum
1559 4355 1769 4441 Marningum
1792 4366 1825 4422 et
1849 4355 2001 4421 Soiacum
2025 4364 2181 4438 utrasque

531 4460 621 4543 ripas
637 4458 786 4543 Mosollg
811 4470 847 4525 ut
863 4460 1015 4542 babeant,
1040 4461 1191 4525 fruantur
1210 4469 1244 4524 ct
1259 4460 1328 4524 iure
1344 4470 1503 4545 perpetuo
1522 4461 1692 4526 obtineant
1707 4459 1751 4525 ad
1767 4459 1972 4546 piscandum,
1996 4457 2039 4523 ad
2054 4479 2179 4522 vennas

476 4563 735 4644 solaciandum,
772 4563 968 4648 ubicumque
997 4563 1111 4627 abbati
1138 4564 1242 4648 ipsius
1274 4562 1336 4629 loci
1366 4563 1603 4649 complacuerit
1631 4565 1713 4627 citra
1743 4564 1795 4629 vel
1825 4563 1927 4645 ultra,
1960 4562 2094 4627 inferius
2122 4570 2180 4624 aut

531 4687 641 4750 supra.
688 4663 845 4731 Similiter
879 4667 1039 4732 donamus
1069 4668 1102 4730 in
1132 4665 1248 4731 eodem
1278 4688 1363 4752 pago
1392 4666 1553 4732 Muslinse
1580 4668 1677 4732 iuxta
1705 4678 1851 4733 castrum
1880 4665 1968 4752 quod
1997 4666 2178 4731 Noviacum

531 4768 650 4833 dicitur
679 4779 834 4855 utrasque
863 4773 953 4854 ripas
976 4770 1119 4835 fluminis
1143 4769 1280 4834 Moselle
1304 4772 1488 4835 citeriorem
1514 4781 1546 4835 et
1568 4770 1754 4836 ulteriorem
1777 4793 1918 4836 vennam
1942 4769 1984 4835 ad
2008 4780 2179 4855 capturam

531 4872 669 4956 piscium
693 4872 889 4953 faciendam,
913 4873 969 4938 ubi
987 4873 1100 4938 Druna
1123 4872 1229 4937 influit
1251 4874 1283 4937 in
1299 4873 1483 4956 Mosellam,
1508 4874 1570 4938 boo
1593 4861 1643 4938 est
1665 4896 1685 4938 a
1710 4884 1802 4960 parte
1826 4873 2021 4938 occidentali
2044 4891 2179 4937 arocca

531 4998 594 5060 que
618 4975 737 5040 dicitur
763 4977 874 5041 Droan
899 4999 1028 5042 sursum
1053 4977 1190 5041 tendens
1215 4979 1328 5063 spacio
1345 4993 1433 5042 val
1456 4979 1654 5063 perticarum
1678 4979 1846 5065 usquead
1870 4976 1969 5042 aliam
1993 4997 2124 5042 roccam
2147 4985 2180 5038 et

475 5093 512 5139 35
532 5090 649 5144 contra
683 5102 814 5145 roccam
849 5081 958 5146 llroan
994 5105 1037 5146 ex
1072 5091 1166 5166 parte
1201 5081 1349 5146 orientali
1385 5082 1585 5168 protendens
1619 5083 1652 5146 in
1681 5083 1853 5147 latitudine
1882 5084 2015 5167 perticis
2037 5095 2122 5162 xxv,
2145 5079 2177 5143 in

530 5183 734 5268 longitudine
763 5207 840 5249 vero
864 5200 961 5250 LXVI.
1007 5185 1180 5250 Donamus
1209 5187 1308 5250 etiam
1333 5187 1364 5250 in
1388 5186 1487 5250 fluvio
1511 5187 1688 5251 Drahocne
1712 5186 1811 5250 aliam
1834 5198 2006 5273 capturam
2029 5184 2179 5270 piscium·

530 5287 728 5372 ubicumque
751 5290 889 5354 ministri
914 5291 1049 5355 fratrum
1074 5289 1231 5374 elegerint
1253 5289 1448 5372 faciendam,
1472 5290 1532 5355 sub
1557 5292 1797 5355 contestatione
1821 5290 1942 5372 divina,
1968 5300 2005 5354 ut
2028 5289 2068 5353 de
2092 5290 2178 5351 omni

531 5390 618 5454 hac*
650 5391 827 5457 donatione
856 5394 945 5458 nulla
975 5395 1025 5458 vis
1049 5395 1139 5480 regia
1162 5405 1220 5458 aut
1244 5393 1466 5480 praelatorum
1490 5393 1624 5458 libertas
1648 5394 1699 5458 vel
1723 5393 1791 5458 ulla
1813 5391 2006 5458 iudiciariab
2031 5402 2177 5478 potestas

531 5494 698 5559 licentiam
722 5495 844 5561 habeat
872 5499 962 5582 ipsas
977 5520 1030 5562 res
1053 5520 1073 5561 a
1097 5499 1285 5562 sanctuario
1302 5496 1354 5562 dei
1370 5507 1403 5562 et
1419 5496 1541 5562 domini
1558 5497 1662 5561 nostri
1678 5497 1760 5563 Jesu
1776 5495 1898 5562 Christi
1916 5496 1966 5562 vel
1982 5496 2177 5582 compendio

475 5610 512 5655 ⁴⁰
532 5599 667 5662 fratrum
698 5597 843 5664 alienare
872 5610 930 5664 aut
958 5600 1149 5681 distrahere,
1182 5600 1249 5682 sed,
1279 5607 1322 5665 ut
1338 5611 1452 5666 nostra
1475 5603 1632 5665 memoria
1655 5609 1687 5664 et
1710 5602 1859 5682 coniugis
1883 5611 1994 5686 nostre
2018 5601 2177 5688 Bertrado

531 5723 551 5763 a
581 5702 810 5785 praesentibus
841 5703 891 5766 vel
922 5703 1174 5769 succedentibus
1203 5704 1374 5769 monachis
1404 5725 1486 5789 quos
1509 5703 1554 5768 ibi
1578 5705 1778 5770 instituimus
1801 5706 1984 5789 perenniter
2006 5705 2177 5786 habeatur,

632 5889 657 5942 ².
686 5891 708 5956 r)
726 5897 801 5942 ortae
819 5890 854 5954 Β,
873 5892 949 5944 hoste
968 5891 1025 5944 01)
1130 5892 1153 5956 a)
1171 5900 1301 5943 reseratas
1321 5891 1377 5944 01)
1481 5895 1501 5957 t)
1519 5893 1611 5959 Pipini
1630 5893 1684 5945 Bc·
1788 5895 1816 5958 u)
1834 5894 1931 5960 Pipino
1951 5894 1979 5946 0.

634 5993 803 6058 13)ωο
905 5995 932 6059 b)
952 5996 1089 6047 iudicialis
1109 5995 1136 6048 0.
