5642 7159
1221 669 1376 732 PIPPIN
1398 665 1472 733 763.
2128 667 2169 734 27

525 854 658 918 sterium
683 855 737 940 qui
759 854 878 919 dieitur
893 853 1036 936 Prumia,
1054 877 1150 941 quem
1168 876 1228 919 nos
1245 853 1453 920 inhonorem
1470 857 1575 920 sancti
1592 853 1774 921 Salvatoris
1789 877 1810 920 a
1824 876 1909 922 novo
1926 859 2170 924 construximus

524 979 631 1041 opere,
655 954 711 1020 ubi
735 955 896 1020 Asuarius
920 956 1007 1020 abba
1030 979 1184 1042 praeesse
1207 959 1345 1041 videtur,
1376 959 1475 1023 talem
1498 957 1692 1024 beneficium
1716 980 1774 1044 pro
1798 967 1933 1024 aeterna
1954 960 2169 1026 retributione

524 1062 583 1124 visi
607 1061 729 1125 fuimus
759 1058 882 1124 ibidem
913 1059 1097 1143 indulsisse,
1133 1063 1224 1126 utin
1248 1061 1343 1127 villas
1367 1065 1472 1149 ipsius
1495 1064 1601 1127 sancti
1626 1063 1700 1143 loci,
1735 1085 1818 1147 quas
1841 1063 1997 1129 moderno
2022 1075 2169 1149 tempore

522 1174 579 1229 aut
602 1174 713 1229 nostro
738 1174 796 1228 aut
823 1162 1001 1228 cuiuslibet
1033 1187 1167 1229 munere
1202 1164 1323 1232 habere
1357 1169 1487 1232 videtur
1510 1166 1562 1231 vel
1585 1174 1688 1252 quas⁰
1721 1166 1875 1251 deinceps
1906 1169 1937 1231 in
1966 1168 2035 1232 iure
2064 1169 2168 1252 ipsius

488 1271 713 1332 emouastcrii
737 1269 871 1353 eiusque
894 1267 1077 1333 rectoribus
1097 1270 1244 1334 voluerit
1278 1271 1389 1336 divina
1419 1271 1526 1356 pietas
1556 1270 1725 1354 ampliare,
1760 1269 1869 1334 nullus
1892 1271 1992 1334 iudex
2015 1270 2167 1355 publicus

521 1373 647 1458 absque
669 1375 813 1438 iussione
837 1381 950 1436 nostra
966 1373 1017 1437 vel
1033 1373 1190 1438 heredum
1214 1384 1400 1440 nostrorum
1425 1371 1489 1438 add
1512 1394 1630 1437 causas
1654 1372 1818 1436 audiendo
1843 1383 1900 1436 aut
1915 1373 2008 1437 freda
2024 1374 2167 1459 undique

520 1478 718 1562 exigendum
742 1498 873 1561 quoque
897 1486 1042 1562 tempore
1066 1498 1129 1542 non
1155 1489 1346 1563 praesumat
1368 1479 1557 1564 ingredcrc3
1582 1475 1640 1541 sed
1657 1477 1718 1540 hoc
1734 1476 1776 1539 ad
1800 1478 1907 1562 ipsum
1931 1480 2167 1544 monasterium

520 1583 656 1666 eiusque
680 1579 862 1645 rectoribus
885 1581 1119 1662 concessimus,
1143 1591 1180 1645 ut
1202 1581 1264 1645 sub
1288 1583 1477 1646 emunitatis
1500 1582 1631 1646 nomine
1655 1579 1716 1643 sub
1741 1580 1878 1644 tuitione
1901 1581 1954 1645 vel
1977 1580 2165 1646 defensione

521 1694 633 1750 nostra
657 1706 714 1748 seu
736 1683 892 1748 heredum
916 1693 1101 1749 nostrorum
1126 1684 1268 1750 debeant
1292 1688 1392 1771 quieti
1415 1688 1448 1750 iu
1473 1685 1524 1749 dei
1548 1685 1679 1749 nomine
1695 1683 1848 1747 residere.
1874 1689 2064 1750 statuentes
2087 1708 2165 1770 crgo

469 1788 679 1868 reinbernus,
713 1798 750 1851 ut
784 1809 889 1872 neque
912 1808 972 1850 vos
996 1809 1101 1872 neque
1136 1789 1279 1853 iuniores
1303 1799 1360 1853 aut
1389 1810 1662 1873 successoresque
1686 1789 1785 1851 vestri
1814 1810 1919 1873 neque
1943 1787 2011 1852 ulla
2033 1789 2167 1874 publica

519 1893 689 1958 iudiciaria
711 1901 860 1976 potestas
883 1891 950 1956 ullo
973 1914 1128 1978 umquam
1153 1903 1299 1977 ternpore
1323 1896 1355 1957 in
1378 1893 1475 1956 villas
1504 1890 1702 1976 ubicumque
1724 1891 1758 1953 in
1780 1912 1880 1973 regno
1904 1899 2037 1956 nostro⁰
2060 1893 2166 1977 ipsius

519 1997 707 2060 monasterii
732 1995 923 2059 Prumiense
957 2005 1015 2059 aut
1046 1997 1138 2078 regia
1162 1993 1236 2059 aut¹
1264 1999 1465 2080 privatorum
1501 1995 1652 2080 largitate
1682 1995 1833 2058 conlatas
1865 2004 1924 2057 aut
1947 1996 2002 2079 qui
2031 1996 2166 2060 inantea

517 2101 637 2163 fuerint
661 2098 790 2163 Christo
815 2099 955 2183 propitio
979 2098 1180 2180 conlaturas,
1205 2099 1247 2162 ad
1271 2099 1453 2164 audiendas
1478 2099 1710 2164 altercationes
1733 2097 1906 2183 ingredere
1929 2108 1986 2163 aut
2008 2099 2101 2164 freda
2125 2101 2166 2164 de

517 2203 682 2288 quaslibet
703 2223 823 2267 causas
847 2204 979 2285 exigere
1001 2224 1062 2266 nec
1085 2206 1271 2268 mansiones
1295 2213 1354 2268 aut
1376 2217 1510 2288 paratas
1534 2203 1586 2267 vel
1609 2203 1820 2267 fideiussores
1844 2202 1960 2267 tollere
1982 2223 2054 2268 non.
2071 2226 2165 2289 prae·

465 2321 495 2368 15
515 2310 672 2386 sumatis3
709 2308 767 2371 sed
797 2306 953 2392 quicquid
982 2307 1100 2370 exinde
1131 2317 1189 2370 aut
1211 2307 1251 2371 dc
1281 2307 1500 2372 servientibus
1529 2305 1581 2370 vel
1610 2305 1843 2370 ecclesiasticis
1873 2306 2074 2388 hominibus,
2110 2312 2164 2394 qui

516 2419 593 2474 sunt
615 2410 700 2474 infra
723 2433 821 2496 agros
840 2410 890 2474 vel
906 2411 988 2474 fines
1006 2432 1062 2474 seu
1080 2433 1177 2495 supra
1195 2421 1280 2475 terra
1304 2411 1481 2496 praedicti⁸
1503 2410 1692 2474 monasterii
1709 2419 1965 2491 commanentes,
1989 2409 2091 2475 fiscus
2108 2423 2165 2478 aut

517 2514 556 2577 dc
579 2513 672 2579 freda
695 2524 753 2578 aut
784 2513 1012 2598 undecumque
1034 2524 1187 2599 potuerat
1210 2537 1351 2599 sperare,
1388 2539 1431 2580 ex
1459 2525 1571 2579 nostra
1600 2513 1806 2598 indulgentia
1828 2535 1887 2597 pro
1917 2515 2026 2578 futura
2055 2515 2163 2581 salute

516 2622 549 2682 in
574 2618 788 2683 luminaribus
812 2619 915 2702 ipsius
945 2620 1159 2704 suprascripti
1190 2621 1379 2683 monasterii
1403 2641 1463 2704 per
1485 2640 1602 2682 manus
1631 2618 1797 2701 agentium
1822 2638 1934 2681 eorum
1956 2618 2107 2701 proficiat
2129 2621 2162 2683 in

516 2733 716 2807 perpetuum.
744 2722 785 2784 Et
809 2720 898 2805 quod
920 2742 980 2784 nos
1005 2732 1137 2806 propter
1159 2744 1276 2787 nomen
1301 2722 1423 2787 domini
1441 2731 1473 2785 et
1488 2723 1596 2804 anime
1618 2730 1752 2783 nostrae
1774 2717 1955 2783 remedium
1972 2742 2029 2785 seu
2050 2731 2164 2787 nostra

462 2841 498 2886 eo
517 2825 726 2910 subsequenti
750 2821 928 2910 progenie¹²
951 2823 1048 2908 plena
1071 2825 1246 2889 devotione
1263 2826 1394 2910 adipso
1420 2820 1636 2889 monasterio¹
1659 2823 1830 2887 inhonore
1855 2824 1960 2887 sancti
1978 2822 2161 2890 Salvatoris

515 2929 720 3010 indulsimus,
755 2949 816 2993 nec
839 2927 959 3011 regalis
997 2927 1181 2993 sublimitas
1205 2950 1265 2992 nec
1298 2927 1474 2992 cuiuslibet
1507 2928 1653 2991 iudicum
1678 2947 1758 2990 seva
1786 2924 1950 3011 cupiditas
1971 2926 2163 3012 refragarel‘

514 3041 699 3116 temptetur.
726 3031 768 3094 Et
791 3041 827 3094 ut
842 3030 902 3095 lrec
925 3033 1106 3095 auotoritas
1130 3041 1197 3094 tam
1223 3033 1405 3117 praesentis
1430 3053 1527 3116 quam
1551 3031 1669 3094 futuris
1692 3027 1894 3114 temporibus
1918 3030 2077 3096 inviolata
2099 3031 2160 3098 deo

515 3135 664 3199 adiutore
688 3144 889 3219 permaneat,
924 3156 1040 3200 manus
1064 3145 1177 3199 nostra
1201 3132 1499 3220 subscriptionibus
1523 3134 1607 3197 infra
1631 3131 1787 3196 roborare
1820 3132 2039 3198 decrevimus¹
2062 3144 2161 3222 atque

514 3238 613 3303 anulo
637 3248 749 3303 nostro
775 3237 920 3322 sigillare
943 3238 1108 3302 iussimus.

459 3391 494 3438 2¹5
617 3377 752 3460 Signum
777 3376 887 3440 domni
912 3385 972 3440 ot¹¹¹
996 3376 1222 3461 gloriosissimi
1246 3377 1377 3462 Pippini
1400 3375 1488 3460 regis
1512 3381 1587 3451 (ld).

616 3500 653 3564 ln
678 3497 729 3563 dei
754 3499 884 3563 nomine
907 3498 1104 3562 Bernericus
1128 3499 1160 3561 iu
1184 3500 1255 3562 vice
1279 3495 1471 3561 Baddilonis
1495 3498 1688 3580 recognovit
1710 3505 1743 3560 et
1767 3496 1971 3582 subscripsit.

618 3637 703 3700 Data
734 3635 795 3700 sub
825 3636 877 3700 die
909 3655 947 3700 111
979 3618 1053 3701 nori.
1077 3657 1152 3722 aug.
1178 3657 1265 3700 anno
1294 3653 1342 3698 xu
1379 3645 1537 3718 regnante
1571 3635 1690 3699 domno
1728 3643 1839 3698 nostro
1868 3635 2010 3719 Pippino
2041 3634 2159 3720 glorio·

512 3741 642 3805 sissimo
665 3763 757 3826 rege3
782 3753 891 3806 actum
918 3741 1074 3806 Maslario
1098 3740 1228 3825 palacio
1252 3738 1401 3824 publioo;
1425 3740 1458 3802 in
1482 3738 1532 3803 dei
1556 3739 1687 3802 nominc
1710 3737 1850 3802 feliciter
1872 3761 1979 3803 amen.

1038 3849 1055 3882 0

1310 3998 1370 4070 19.

456 4181 490 4226 :50
512 4155 642 4246 I'ippin
669 4155 802 4244 belieblt
828 4157 884 4226 die
911 4157 988 4226 dem
1015 4155 1158 4227 Issoeter
1185 4156 1317 4226 Pruna
1345 4155 1535 4226 nerlicbene
1563 4155 1781 4242 Zulllieilrcit
1804 4179 1849 4226 ru
1875 4155 2025 4226 wahren.

612 4464 765 4537 Absclsrs'ft
788 4466 838 4524 des
862 4471 912 4524 10.
937 4465 991 4526 εΙΙι.
1015 4467 1057 4524 im
1085 4467 1213 4523 Prrtrner
1243 4463 1407 4524 Odenatus
1435 4465 1522 4543 (liber
1537 4468 1659 4538 oureus)
1684 4463 1708 4537 f.
1733 4468 1753 4524 5
1783 4468 1815 4523 in
1840 4466 1892 4523 der
1916 4465 2159 4525 Stodtbibliotlrck

612 4587 653 4626 su
679 4569 763 4628 Tader
786 4567 852 4646 (B).

610 4705 745 4765 Martem)
776 4705 847 4766 Goll.
878 4712 906 4778 1,
935 4711 976 4767 30
1006 4724 1041 4767 eo
1069 4714 1140 4767 cort.
1172 4710 1277 4766 Prum.
1311 4707 1376 4784 (B).
1419 4741 1455 4752 -
1496 4709 1592 4782 Beycr
1622 4707 1815 4767 Mittelrbcin.
1845 4709 1916 4771 ΠΒ.
1942 4716 1971 4779 1,
1994 4713 2038 4770 23
2059 4715 2094 4767 πθ
2116 4713 2158 4770 18

612 4829 667 4869 aus
690 4811 727 4868 B.
777 4847 783 4852 -
817 4811 1010 4870 Miltlbseber
1031 4813 1104 4886 Req.
1130 4816 1171 4872 98
1194 4811 1271 4890 (96).

617 4949 708 5009 uuor
729 4949 778 5008 dic
800 4949 989 5023 Eiureilrunp
1010 4948 1204 5009 Mamboclscr
1225 4950 1245 5008 l.
1270 4967 1292 5009 o.

612 5139 667 5211 (Ο.)
704 5136 862 5222 Pippiuus
885 5159 945 5201 rex
968 5137 1171 5201 Francorum
1200 5138 1249 5201 vir
1282 5137 1420 5201 inluster
1445 5137 1594 5201 omnibus
1628 5138 1793 5223 episcopis
1816 5135 1995 5201 abbatibus
2019 5136 2158 5203 ducibus

505 5239 684 5304 comitibus
707 5239 898 5305 domesticis
921 5243 1051 5306 vicariis
1075 5242 1292 5306 centenariis*
1313 5241 1365 5305 vel
1392 5263 1504 5306 omnes
1528 5245 1646 5306 missos
1669 5252 1799 5306 nostros
1824 5241 2052 5306 discurrentes.

505 5342 625 5408 Solerti
657 5342 780 5428 [curso]b
811 5346 906 5409 nobis
935 5345 1220 5430 perpendendum⁶
1242 5355 1301 5424 est,
1333 5355 1369 5410 ut
1384 5346 1462 5410 dum
1478 5369 1527 5418 ea,
1553 5367 1712 5431 quaepro
1730 5345 1781 5409 dei
1805 5346 1926 5409 iutuitu
1949 5356 2049 5429 atque
2066 5367 2156 5410 sano·

457 5462 485 5502 ιιι
506 5459 613 5511 torunr
637 5450 819 5512 reverentia
843 5471 1044 5530 exercemus,
1070 5450 1116 5513 ita
1132 5451 1253 5512 nostris
1276 5448 1417 5513 oraculis
1432 5451 1465 5513 in
1484 5451 1536 5514 dei
1552 5452 1684 5514 nomine
1708 5446 1928 5513 deliberemus
1952 5450 2156 5529 confirmare,

505 5552 590 5614 utin
615 5563 772 5636 perpetuo
797 5550 940 5617 debeant
963 5552 1155 5616 inconvulsa
1179 5575 1380 5638 permanere.
1405 5554 1512 5638 Igitur
1534 5563 1716 5637 cognoseat
1737 5550 1929 5634 magnitudo
1954 5574 2011 5616 seu
2032 5551 2157 5616 utilitas

597 5735 633 5789 18.
662 5739 687 5802 e)
705 5754 771 5803 quos
790 5737 817 5790 Β
855 5806 860 5815 Ι
899 5739 931 5815 ¹d)
949 5745 996 5788 aut
1015 5736 1041 5788 Β
1128 5740 1153 5804 e)
1172 5755 1254 5816 regns
1273 5746 1364 5791 nostra
1383 5738 1409 5790 Β
1427 5741 1477 5806 opi.
1497 5750 1530 5792 πθ
1543 5742 1569 5804 9,
1589 5742 1631 5798 10,
1652 5737 1786 5822 Morculs
1800 5739 1861 5803 I,3
1957 5740 2103 5822 Oregisut
2122 5740 2156 5800 B,

449 5943 483 5991 e
661 5805 1028 6015 {fffiffffflffi
1047 5806 1545 5946 ttl.lll'';;ltt“'‘²’⁶'‘ltu...
1563 5810 1608 5928 Β
1626 5805 1845 5942 ⁹¹²⁰tt‘tt..
1862 5809 2161 5944 ιιιιῖἰρὲῗέἵέῗῧ

595 6047 632 6101 u.
660 6050 686 6115 ι)
703 6051 817 6101 vicarios
836 6052 1003 6102 oenmnsries
1022 6048 1049 6102 Β
1180 6051 1207 6116 b)
1224 6053 1339 6119 erpdnst
1356 6047 1429 6102 naeu
1448 6048 1586 6119 Analogia
1610 6049 1659 6102 der
1678 6050 1793 6119 Arenpo
1811 6049 1842 6101 iu
1864 6049 1928 6104 Urls.
1948 6050 2039 6105 Korls
2059 6049 2085 6104 d.
2105 6048 2155 6104 Or.

659 6119 713 6172 ⁷82
732 6117 818 6186 April
920 6119 947 6186 o)
963 6119 1128 6186 perpendam
1146 6116 1174 6172 Β
