5642 7159
800 754 862 821 132
1406 756 1847 817 ΚΔΙΒΕΒΠΒΚΠΝΒΕΝ.

801 956 838 1011 ut
861 944 1017 1033 quicquid
1040 954 1172 1010 constat
1187 954 1255 1009 tam
1279 946 1313 1009 in
1328 943 1416 1008 villis
1432 940 1594 1009 domibus,
1607 939 1746 1005 edificiis
1763 941 1936 1025 mancipiis
1959 942 2065 1006 vineis
2084 940 2178 1005 silvis
2201 941 2330 1028 campis
2345 943 2452 1029 pratis

799 1052 935 1135 pascuis
964 1048 1059 1135 aquis
1087 1070 1312 1135 aquarumque
1347 1047 1537 1112 decursibus
1573 1044 1731 1110 acolabus
1764 1045 1936 1131 utriusque
1963 1046 2093 1130 generis
2129 1067 2231 1110 sexus
2265 1046 2317 1111 vel
2349 1048 2448 1111 etatis

800 1136 876 1217 cum
899 1152 1034 1237 integris
1064 1153 1213 1217 terminis
1237 1150 1408 1237 solidoque
1443 1160 1532 1215 statu
1555 1170 1668 1214 earum
1696 1159 1763 1213 tam
1788 1172 1830 1213 ex
1859 1148 2084 1213 munificentia
2113 1172 2228 1234 regum
2261 1149 2338 1234 [vel]
2364 1152 2449 1235 regi-

797 1278 924 1337 narum,
960 1278 1058 1343 quam
1082 1256 1117 1321 id
1139 1256 1229 1342 quod
1251 1278 1310 1341 per
1332 1256 1538 1321 venditiones
1562 1255 1757 1319 donationes
1781 1253 2055 1317 commutationes
2087 1252 2319 1339 cessionesque
2343 1253 2449 1318 titulis

799 1360 850 1426 vel
885 1382 943 1446 per
973 1359 1119 1446 quelibet
1152 1362 1373 1424 instrumenta
1403 1368 1567 1424 cartarum
1601 1368 1660 1422 aut
1691 1356 1870 1442 qualelibet
1903 1357 2071 1440 ingenium
2099 1355 2227 1441 legibus
2261 1356 2305 1422 ad
2340 1359 2450 1442 ipsam

798 1463 972 1528 ecclesiam
996 1462 1107 1529 domni
1132 1462 1290 1549 Stephani
1315 1462 1366 1528 vel
1389 1463 1474 1528 aliae
1498 1463 1666 1536 ecclesias,
1702 1485 1765 1548 que
1791 1461 1851 1526 sub
1876 1462 1951 1546 ipsa
1973 1460 2055 1525 urbe
2079 1461 2217 1525 blatensi
2242 1461 2294 1526 vel
2319 1464 2351 1526 in
2376 1484 2450 1548 par·

797 1565 929 1632 roobiae
953 1569 1059 1654 ipsius
1084 1567 1247 1653 pontificis
1272 1576 1462 1632 constructe
1485 1589 1558 1631 esse
1580 1565 1743 1645 videntur,
1779 1566 1842 1629 fuit
1864 1564 2053 1650 delegatum
2084 1575 2116 1629 et
2139 1565 2183 1630 ad
2211 1588 2347 1651 presens
2370 1589 2452 1652 pars

797 1673 944 1757 ipsarum
969 1670 1183 1736 ecclesiarum
1206 1672 1350 1735 cernitur
1372 1672 1544 1757 possidere
1567 1670 1620 1735 vel
1644 1670 1816 1749 dominari,
1852 1669 2018 1756 perhanc
2043 1670 2276 1736 auctoritatem
2300 1680 2451 1735 nostram

798 1776 831 1840 in
854 1774 889 1838 id
908 1776 991 1860 ipsis
1015 1774 1163 1840 ecclesiis
1186 1774 1239 1839 vel
1262 1786 1443 1840 memorato
1460 1776 1608 1861 pontifici
1633 1775 1684 1840 vel
1708 1774 1887 1840 abbatibus
1912 1776 1981 1838 suis
2004 1797 2183 1861 eorumque
2200 1776 2451 1841 successoribus

798 1879 928 1965 plenius
944 1879 976 1942 in
994 1876 1046 1942 dei
1070 1880 1201 1943 nomine
1217 1880 1446 1944 confirmatum
1470 1889 1570 1965 atque
1586 1900 1780 1945 concessum
1803 1899 1879 1941 esse
1895 1879 2093 1962 cognoscite.
2116 1878 2341 1965 Precipientes
2359 1882 2450 1944 enim

796 1982 957 2061 iubemus,
985 1991 1022 2045 ut
1044 2003 1150 2065 neque
1172 2002 1232 2046 vos
1254 2005 1360 2069 neque
1383 1982 1529 2046 iuniores
1554 2005 1611 2047 seu
1635 2002 1844 2046 successores
1868 1984 1969 2049 vestri
1992 1985 2024 2047 in
2049 1994 2158 2049 curtes
2182 1986 2285 2069 ipsius
2310 1985 2451 2049 ecclesie

796 2085 849 2150 vel
873 2086 1045 2150 memorati
1068 2086 1234 2170 pontificis
1259 2095 1317 2151 aut
1340 2085 1499 2151 abbatum
1530 2108 1663 2150 suorum
1685 2085 1739 2149 vel
1762 2088 2035 2151 monasteriorum
2066 2087 2275 2152 castellorum
2299 2089 2449 2153 vicorum

797 2201 864 2255 tam
888 2188 975 2253 ultra
1006 2210 1103 2274 quam
1132 2190 1217 2255 citra
1239 2191 1381 2271 Renum,
1410 2188 1585 2254 Rodanum
1615 2199 1647 2254 et
1670 2189 1814 2273 Ligerim
1838 2189 1889 2254 vel
1919 2190 1961 2254 ad
1985 2190 2147 2275 prefatam
2176 2192 2342 2257 civitatem
2367 2192 2450 2256 Met-

799 2304 925 2359 tensem
949 2295 1054 2357 autin
1078 2315 1182 2379 pagos
1199 2294 1250 2358 vel
1274 2294 1467 2380 parrochias
1484 2316 1561 2357 suas
1585 2305 1617 2358 et
1632 2295 1831 2359 monasteria
1855 2316 1913 2358 seu
1929 2293 2030 2359 cellas
2053 2293 2105 2372 vel
2123 2294 2275 2359 omnibus
2296 2295 2450 2360 ecclesiie

797 2396 840 2462 ad
864 2388 1001 2462 eandem
1023 2398 1262 2483 pertinentibus
1286 2398 1337 2462 vel
1369 2397 1605 2483 aspicientibus
1630 2397 1722 2462 nulla
1751 2398 1837 2462 freta
1859 2419 1920 2462 nec
1949 2397 2097 2462 teloneos
2120 2397 2173 2462 vel
2196 2400 2365 2463 coniectos
2390 2407 2450 2464 aut

798 2499 997 2566 summutas¹
1022 2501 1072 2565 vel
1096 2501 1224 2587 aliquos
1249 2512 1382 2587 paratos
1407 2501 1594 2566 faciendum
1618 2501 1668 2566 vel
1693 2502 1930 2587 qualecumque
1946 2502 2113 2587 ingenium
2136 2511 2194 2565 aut
2216 2501 2326 2588 aliquo
2350 2503 2450 2569 detri-

796 2613 940 2669 mentum
964 2596 1121 2690 generare
1137 2606 1267 2691 penitus
1289 2604 1416 2690 ingredi
1432 2626 1496 2670 non
1520 2605 1695 2687 deberetis,
1720 2606 1747 2669 si
1762 2605 1902 2690 gratiam
1926 2602 2096 2671 nostram*
2119 2605 2212 2670 vobis
2236 2606 2271 2671 in
2294 2607 2449 2673 omnibus

797 2708 918 2793 optatis
942 2707 1064 2773 habere
1087 2709 1281 2795 propiciam.
1306 2707 1392 2774 Illud
1416 2708 1492 2774 addi
1510 2708 1636 2794 placuit
1661 2708 1881 2790 scribendum,
1906 2717 1942 2772 ut
1958 2708 1999 2773 de
2021 2708 2126 2772 tribus
2143 2710 2270 2773 causis:
2295 2709 2335 2775 de
2352 2710 2449 2777 hoste

797 2810 938 2896 publico,
962 2810 1025 2875 hoc
1049 2822 1099 2877 est
1123 2812 1163 2877 de
1186 2811 1296 2877 banno
1321 2821 1442 2886 nostro,
1467 2810 1598 2898 quando
1622 2811 1801 2896 publicitus
1820 2820 2040 2896 promovetur,
2065 2820 2097 2875 et
2119 2822 2227 2877 wacta
2249 2812 2303 2877 vel
2327 2823 2448 2901 pontes

796 2913 1069 3000 componendum,
1104 2914 1151 3007 illi
1174 2913 1322 2980 homines
1350 2900 1435 2981 bene
1457 2917 1599 3001 ingenui,
1636 2916 1691 3000 qui
1715 2915 1756 2980 de
1779 2936 1839 2979 suo
1874 2917 1982 3000 capite
2010 2914 2093 2980 bene
2121 2917 2253 3001 ingenui
2281 2917 2445 2983 immunes

796 3040 870 3083 esse
893 3018 1056 3098 videntur,
1080 3019 1136 3104 qui
1161 3041 1259 3105 super
1282 3028 1386 3085 terras
1410 3020 1513 3104 ipsius
1537 3018 1675 3083 ecclesie
1699 3017 1750 3082 vel
1775 3018 1878 3102 ipsius
1902 3018 2068 3101 pontificis
2093 3028 2151 3083 aut
2174 3018 2352 3085 abbatibus
2378 3023 2447 3085 suis

796 3118 1017 3187 commanere¹
1047 3132 1236 3203 noscuntur,
1272 3126 1356 3189 siin
1386 3122 1497 3209 aliquo
1522 3122 1642 3187 exinde
1677 3121 1718 3187 de
1740 3122 1813 3186 istis
1842 3123 1948 3186 tribus
1976 3124 2086 3186 causis
2115 3122 2319 3208 negligentes
2342 3147 2447 3212 appa-

795 3226 929 3307 ruerint,
954 3224 1074 3290 exinde
1097 3246 1171 3291 cum
1194 3226 1359 3293 iudicibus
1382 3228 1505 3291 nostris
1530 3225 1696 3290 deducant
1718 3226 1873 3307 rationes,
1907 3225 2056 3291 sednon
2078 3226 2220 3311 amplius
2244 3226 2296 3291 vel
2319 3229 2448 3311 minus3

795 3329 828 3393 in
851 3327 976 3414 reliquo
999 3350 1076 3393 vero
1101 3351 1159 3415 pro
1184 3331 1344 3395 mercedis
1367 3339 1481 3395 nostre
1515 3339 1691 3414 augmento
1717 3328 1777 3393 sub
1802 3330 1982 3394 emunitate
2005 3329 2068 3413 ipsi
2092 3330 2157 3393 sint
2179 3333 2380 3414 conservati,
2411 3344 2448 3398 ut

794 3431 838 3497 ad
861 3433 969 3517 ipsam
992 3452 1105 3498 casam
1129 3434 1302 3518 proficiant
1324 3435 1357 3498 in
1381 3435 1575 3517 augmentis.
1602 3435 1646 3497 Et
1667 3436 1742 3519 ipsa
1764 3435 1941 3516 emunitas,
1966 3456 2028 3519 que
2052 3457 2072 3497 a
2094 3433 2190 3498 nobis
2214 3435 2265 3499 vel
2289 3435 2333 3501 ab
2353 3448 2443 3503 ante

794 3536 982 3601 caesoribus
1005 3537 1156 3622 patribus
1179 3542 1303 3603 nostris
1328 3540 1390 3605 fuit
1413 3560 1572 3603 concessa
1595 3540 1683 3603 circa
1705 3549 1922 3604 memoratam
1945 3538 2119 3604 ecclesiam
2150 3537 2260 3603 domni
2285 3540 2445 3627 Stephani

794 3642 846 3706 vel
869 3641 1000 3727 prefata
1022 3645 1222 3707 monasteria
1246 3642 1297 3707 vel
1321 3642 1460 3707 castella
1483 3644 1574 3707 vicos
1591 3664 1696 3729 pagos
1719 3642 1911 3729 parrochiae
1926 3641 1979 3706 vel
2003 3640 2166 3725 abbatiae,
2192 3666 2255 3728 que
2272 3644 2316 3709 ad
2337 3646 2445 3731 ipsum

794 3744 981 3829 pontificem
1005 3745 1153 3830 aspicere
1177 3746 1338 3828 videntur,
1373 3747 1583 3831 perhenniter
1612 3756 1745 3811 maneat
1767 3745 1960 3811 inconvulsa
1986 3745 2039 3810 vel
2061 3756 2267 3829 conservata,
2303 3749 2446 3834 qualiter

794 3847 902 3933 ipsum
927 3848 1114 3934 pontificem
1139 3871 1197 3913 eeu
1213 3849 1336 3915 clerum
1359 3850 1412 3915 vel
1429 3872 1590 3936 pauperes
1614 3849 1736 3916 ibidem
1753 3848 1944 3914 alimoniam
1969 3858 2140 3935 sperantes
2156 3849 2284 3935 plenius
2301 3851 2445 3918 delectet

795 3950 916 4016 domini
941 3953 1199 4018 misericordiam
1229 3956 1387 4019 attentius
1411 3975 1560 4020 exorare.
1608 3956 1651 4018 Et
1673 3951 1850 4019 dummodo
1880 3976 1938 4040 per
1960 3956 2140 4021 anteriores
2170 3956 2400 4041 preceptiones
2422 3981 2468 4021 a:

794 4056 892 4140 longo
907 4066 1063 4142 'tempore
1086 4058 1160 4142 ipsa
1184 4059 1346 4125 emunitas
1370 4060 1460 4124 circa
1475 4061 1582 4145 ipsam
1605 4058 1780 4125 ecclesiam
1797 4059 1849 4125 vel
1873 4057 2031 4124 basilicas
2046 4080 2105 4123 scu
2128 4061 2330 4124 monasteria
2354 4064 2444 4128 vicos

792 4157 845 4223 vel
868 4159 1063 4244 parrochiae
1088 4160 1149 4225 sub
1185 4171 1332 4247 tempore
1356 4164 1601 4249 precedentium
1629 4175 1744 4249 regum
1769 4185 1898 4248 semper
1919 4164 1982 4227 fuit
2018 4172 2225 4245 conservata,
2261 4173 2293 4228 et
2315 4186 2378 4229 nos
2401 4166 2444 4231 ad

793 4284 930 4348 presens
960 4284 1020 4348 pro
1050 4266 1158 4328 anime
1186 4274 1296 4330 nostre
1325 4267 1470 4331 remedio
1500 4267 1551 4332 vel
1575 4267 1789 4332 retributione
1814 4275 1927 4331 eterna
1956 4266 1990 4331 id
2013 4268 2047 4331 in
2069 4268 2143 4351 ipsa
2165 4267 2309 4332 ecclesia
2332 4268 2442 4334 domni

793 4366 963 4451 Stephani,
987 4367 1043 4432 ubi
1062 4391 1139 4433 suus
1163 4371 1408 4435 sacratissimus
1426 4373 1561 4455 sanguis
1583 4374 1677 4437 vivus
1695 4394 1768 4436 esse
1791 4370 1931 4450 videtur,
1956 4393 2013 4455 per
2028 4380 2174 4435 nostram
2197 4374 2442 4458 preceptionem

791 4470 994 4535 firmavimus
1017 4480 1117 4557 atque
1140 4475 1375 4547 concessimus,
1411 4485 1448 4538 ut
1471 4478 1667 4562 quicumque
1700 4474 1763 4540 hoc
1787 4472 1827 4537 de
1861 4473 2028 4537 iudicibus
2052 4476 2174 4539 nostrie
2202 4485 2261 4540 aut
2284 4477 2441 4561 quislibet

791 4574 958 4659 refragare
993 4584 1050 4639 aut
1077 4578 1257 4662 irrumpere
1292 4578 1343 4643 vel
1375 4581 1549 4644 immutare
1583 4578 1732 4660 voluerit,
1767 4579 1850 4642 iram
1878 4579 1962 4641 trine
1995 4578 2179 4643 maiestatis
2207 4580 2260 4644 vel
2296 4584 2440 4645 omnium

793 4688 992 4760 sanctorum,
1017 4678 1074 4743 ubi
1097 4682 1169 4766 ipse
1192 4683 1342 4767 pontifex
1367 4683 1418 4747 vel
1442 4682 1581 4747 abbates
1606 4684 1654 4746 sui
1680 4682 1879 4763 deserviunt,
1903 4684 2049 4746 incurrat
2071 4692 2104 4747 et
2127 4686 2267 4767 gratiam
2292 4694 2441 4749 nostram

791 4780 880 4847 nullo
904 4805 1060 4868 umquam
1085 4795 1231 4871 tempore
1255 4787 1363 4872 possit
1378 4786 1510 4870 habere,
1535 4787 1594 4852 sed
1609 4789 1715 4872 magis
1740 4786 1870 4851 a'vobis
1894 4786 1945 4851 vel
1969 4788 2219 4853 successoribus
2242 4792 2361 4855 vestris
2381 4789 2440 4854 sub

791 4887 919 4971 integra
934 4889 1113 4952 emunitate
1130 4891 1218 4966 omni
1242 4899 1389 4976 tempore
1409 4889 1515 4955 modis
1540 4891 1691 4955 omnibus
1715 4900 1936 4973 conservetur,
1961 4891 2101 4977 qualiter
2116 4895 2257 4976 gratiam
2281 4906 2440 4975 nostram,

790 4998 827 5054 ut
849 4990 1003 5071 diximus,
1029 4992 1157 5056 vultism
1179 4993 1301 5058 habere
1324 4995 1516 5079 propiciam.
1542 4994 1649 5075 Quam
1673 5016 1750 5059 vero
1767 4996 1999 5060 auctoritatem
2016 5017 2074 5081 pro
2092 4998 2139 5060 rei
2155 4998 2256 5061 totius
2274 4999 2439 5080 firmitate,

791 5101 826 5157 ut
850 5095 936 5159 omni
960 5103 1106 5180 tempore
1130 5106 1263 5161 maneat
1286 5097 1490 5179 inconvulsa,
1514 5120 1631 5163 manue
1655 5108 1766 5163 nostre
1791 5098 1969 5184 signaculis
1992 5100 2078 5163 infra
2101 5098 2308 5166 decrevimus
2332 5104 2365 5168 in
2391 5102 2442 5167 dei

790 5199 922 5263 nomine
946 5198 1113 5264 roborare.

894 5344 1032 5428 Signum
1057 5346 1123 5427 (ll.)
1146 5348 1261 5412 Karoli
1285 5348 1512 5433 gloriosissimi
1535 5352 1633 5434 regie.

893 5483 983 5547 Data
1011 5498 1049 5547 xl
1074 5482 1140 5549 kal.
1174 5485 1331 5550 februarii
1361 5508 1447 5550 anno
1483 5488 1620 5572 septimo
1651 5498 1683 5551 et
1717 5490 1823 5573 primo
1852 5490 1943 5573 regni
1977 5493 2098 5572 nostri3
2133 5501 2243 5556 actum
2272 5490 2442 5559 Carieiaco

795 5578 899 5679 (anno
924 5585 966 5651 ab
991 5588 1216 5653 incarnatione
1240 5589 1362 5654 domini
1391 5612 1455 5675 quo
1480 5591 1611 5675 supra).

884 5774 924 5828 91.
945 5776 965 5838 i)
983 5774 1025 5842 B‚·
1042 5776 1093 5841 sur
1112 5776 1157 5828 die
1176 5778 1368 5831 Emendatiou
1384 5793 1438 5830 corr
1457 5778 1586 5845 Boisquet
1605 5782 1628 5843 5,
1647 5780 1704 5832 847
1719 5777 1772 5848 opt.
1796 5778 1889 5830 Wcitz
1911 5777 1969 5831 VG.
1989 5782 2017 5832 2.
2036 5781 2071 5834 A.
2091 5785 2116 5844 4,
2135 5784 2190 5836 312
2209 5782 2276 5836 NA
2295 5790 2445 5839 sunniatas,

944 5844 989 5896 dic
1009 5860 1038 5896 et·
1057 5844 1101 5897 cle
1120 5850 1271 5911 praestatio,
1291 5864 1360 5913 quae
1373 5848 1454 5898 fiebat
1472 5850 1530 5898 vice
1543 5850 1748 5915 procurationis,
1767 5864 1797 5899 ac
1816 5850 1912 5899 deinde
1925 5852 2069 5915 pensitatio
2089 5855 2200 5918 quaevis
2214 5852 2332 5913 erkldrt,
2351 5856 2443 5919 fehlcu

944 5912 1054 5981 Belepe;
1074 5912 1164 5967 staca
1182 5915 1198 5967 l.
1218 5932 1240 5969 c.
1259 5921 1312 5969 118
1330 5916 1467 5969 eeuerrdirt
1486 5924 1631 5970 summates
1649 5916 1701 5985 cpi.
1721 5916 1859 5985 Ducaape
1880 5916 2059 5971 Glossarium
2077 5936 2104 5971 n.
2118 5921 2159 5972 e'd.
2176 5925 2198 5984 7,
2216 5925 2286 5974 655·
2307 5924 2443 5978 stellarii

943 5983 1030 6052 bdrrpt
1044 5984 1097 6035 das
1118 5984 1192 6037 Wort
1207 5986 1257 6038 snit
1270 6002 1363 6037 sauma
1375 5988 1569 6053 (reumaticus),
1590 5986 1727 6055 Ducumpe
1746 5985 1762 6038 l.
1777 6002 1798 6039 c.
1811 5989 1875 6052 269,
1893 5985 1962 6039 oder
1974 5996 2049 6039 muta
2066 6004 2226 6043 zusammen
2239 5964 2291 6060 opl.
2305 5992 2444 6047 Bramme*

943 6050 1007 6105 Ro.
1025 6056 1052 6115 2,
1071 6055 1127 6106 239
1232 6055 1263 6121 k)
1280 6071 1364 6107 meam
1383 6055 1410 6107 B
1515 6057 1535 6121 1)
1553 6072 1723 6108 cummanere
1741 6054 1768 6108 Β
1874 6056 1910 6121 m)
1927 6057 2042 6108 valeatis
2061 6057 2095 6109 Β.

2462 6066 2468 6112 l
