5642 7159
1163 689 1319 749 111111
1342 684 1442 769 [rosi.
2081 686 2124 753 ss

481 889 578 941 Christi
600 891 647 956 pis
669 883 810 941 devotione
833 894 1037 956 augmentamus
1061 889 1105 940 rel
1127 887 1321 953 confirmamus,
1344 889 1395 940 lroc
1417 891 1496 940 nobis
1517 891 1612 955 procul
1635 890 1717 942 dubio
1740 891 1774 941 ud
1796 891 1942 943 mercedem
1965 893 2008 943 vel
2023 893 2124 943 stabili-

475 999 556 1046 tatem
577 994 652 1060 regni
676 994 704 1043 in
726 992 768 1044 dei
791 995 899 1045 nomine
920 995 1053 1059 pertinere
1077 991 1234 1044 confidimus
1257 999 1284 1044 et
1305 994 1474 1058 profuturum
1489 994 1568 1044 nobis
1592 994 1627 1044 ad
1641 997 1772 1060 presentis
1794 997 1849 1047 rite
1864 996 1997 1046 curricula
2018 994 2124 1048 felicius

474 1099 646 1166 transigendo
668 1115 772 1152 necnon
802 1103 830 1150 et
850 1099 1025 1149 beatitudinis
1053 1099 1154 1163 premia
1176 1099 1296 1148 securius
1319 1098 1466 1149 obtinenda
1487 1114 1541 1148 non
1569 1099 1731 1150 dubitamus.
1775 1100 1945 1165 Quapropter
1971 1084 2123 1172 precibus

474 1187 674 1254 venerabilis
692 1186 923 1272 Chrodegandi
948 1187 1187 1273 archiepiscopi
1203 1187 1364 1252 admoniti
1388 1186 1552 1252 donamus
1569 1211 1611 1252 ex
1635 1187 1735 1254 rebus
1759 1190 1863 1254 nostri
1884 1190 1964 1253 iuris
1987 1190 2019 1253 in
2036 1209 2123 1273 pugo

435 1309 452 1355 0
475 1291 648 1356 Salnensi⁸
671 1301 705 1356 et
727 1292 761 1355 in
783 1292 945 1356 comitutu
969 1289 1184 1376 Scorponinsi
1212 1291 1244 1354 in
1267 1289 1346 1354 villa
1375 1312 1439 1376 que
1462 1289 1737 1357 Domnobusillab
1770 1303 1907 1358 vocatur
1930 1313 2064 1358 mansos
2087 1311 2122 1355 vr

476 1404 509 1459 ct
531 1394 706 1460 ecclesiam
729 1417 803 1460 cum
828 1394 1052 1460 decimacione
1082 1403 1114 1459 et
1137 1395 1223 1459 omni
1253 1395 1442 1478 integritate
1464 1395 1611 1460 eiusdem
1640 1396 1718 1460 ville
1741 1396 1785 1463 ad
1806 1395 1914 1462 locum
1943 1413 2028 1462 saneti
2050 1411 2124 1462 Petri

475 1519 503 1564 st
525 1499 630 1564 sancti
648 1497 742 1563 Pauli
766 1499 936 1584 sanctique
959 1513 1088 1580 Gorgonii
1110 1515 1200 1565 eximii
1222 1514 1353 1578 martyris,
1376 1496 1432 1563 ubi
1450 1497 1573 1562 Gorzis
1596 1498 1750 1563 fluviolus
1773 1499 1951 1584 consurgit,
1975 1529 2006 1564 eo
2022 1514 2125 1564 scilicet

474 1620 585 1670 rationis
607 1623 707 1682 tenore,
730 1624 760 1668 ut
782 1618 908 1684 deinceps
931 1619 1028 1669 nostris
1051 1619 1201 1684 futurisque
1217 1617 1381 1682 temporibus
1404 1621 1563 1681 potestatem
1584 1617 1728 1668 babeant*
1751 1617 1874 1667 monachi
1897 1604 1930 1667 in
1953 1603 2026 1687 ipso
2049 1601 2122 1667 1000

475 1715 645 1772 manentes
662 1723 694 1773 de
716 1723 827 1788 pretatis
841 1723 921 1773 rebus
938 1723 1085 1784 ordinandi,
1108 1723 1227 1788 legitimo
1251 1721 1389 1771 dumtaxat
1410 1723 1476 1783 iure,
1500 1721 1533 1771 de
1556 1723 1611 1771 suis
1626 1721 1729 1783 usibus,
1752 1720 1879 1786 quicquid
1901 1721 2123 1771 rationabiliter*

422 1827 452 1874 10
475 1826 609 1876 voluerint
638 1825 680 1876 rel
703 1827 832 1893 elegerint
861 1810 981 1893 facere,
1016 1820 1048 1875 et
1076 1841 1123 1891 pro
1151 1825 1279 1876 mercedis
1307 1831 1396 1876 nostre
1425 1829 1596 1890 angmentos
1622 1825 1749 1874 attentius
1779 1825 1879 1874 domini
1909 1823 2052 1889 implorent
2077 1826 2124 1874 mi-

475 1931 655 1984 sericordium.
681 1932 718 1981 Et
740 1937 769 1981 ut
791 1930 841 1982 lrec
862 1935 952 1981 nostre
975 1916 1162 1981 donationis
1185 1928 1350 1980 confirmatio
1373 1929 1471 1979 futuris
1493 1928 1657 1993 temporibus
1679 1925 1778 1978 firmior
1800 1928 1938 1990 habeatur,
1961 1941 2042 1977 mann
2064 1943 2123 1993 pro-

475 2037 534 2101 priu
556 2027 668 2086 nostra⁰
690 2036 780 2086 subter
803 2050 886 2085 cums
908 2034 1072 2086 firmavimus
1095 2029 1122 2086 et
1144 2034 1218 2085 unnli
1240 2035 1324 2085 nostri
1347 2033 1522 2098 impressione
1543 2033 1644 2098 signari
1665 2033 1801 2083 iussimus.

581 2158 701 2222 Actum
724 2179 810 2222 enno
834 2179 899 2243 quo
924 2179 1033 2244 supra.

369 2341 370 2344 Ἴ
577 2277 690 2345 Signum
713 2263 940 2348 gloriosissimi
965 2263 1092 2350 Pippini
1118 2280 1197 2344 regis.

423 2383 454 2430 ro
580 2367 718 2451 Signum
741 2365 944 2451 Angelrsnni
968 2376 1000 2432 et
1023 2365 1204 2432 Godefridi.

578 2467 713 2555 Signum
738 2469 874 2536 Alberti.

580 2571 719 2658 Signum
742 2573 906 2639 Winelini.
968 2613 969 2616 =

582 2677 720 2763 Signum
744 2677 884 2744 Johnnis
911 2677 1097 2765 cappellani
1121 2679 1239 2763 prefati
1261 2680 1358 2764 regis.

1273 2969 1333 3046 38.

421 3145 455 3191 uo
1212 3130 1391 3209 (Uaccus.)

477 3287 609 3380 Pippiu
648 3289 793 3361 verleibt
826 3289 905 3361 dem
948 3289 1246 3380 ueupeprdudeteu
1281 3286 1427 3358 Klosier
1462 3284 1642 3356 0101100
1676 3282 1890 3354 Immuuitdt
1927 3282 2003 3353 uud
2040 3279 2128 3369 freis

476 3407 665 3481 Ablswalrl.

1873 3523 1957 3597 Apeu
1983 3518 2081 3604 [763].

578 3717 705 3778 Roudon
728 3718 764 3777 ds
787 3718 1005 3779 salu-Amans
1032 3719 1112 3778 Hist.
1138 3718 1180 3776 du
1202 3715 1267 3791 de'p.
1292 3717 1327 3776 dc
1348 3717 1408 3777 Lot
1436 3720 1463 3775 et
1489 3714 1630 3776 Garouue
1652 3718 1680 3785 2,
1704 3716 1768 3776 319
1803 3731 1860 3773 uus
1883 3711 2037 3785 Absrlrrist
2070 3729 2126 3772 oou

578 3826 663 3882 1783
678 3825 757 3882 eines
777 3823 913 3882 Vidimus
936 3839 991 3881 rou
1006 3824 1092 3883 1536
1109 3821 1162 3901 (B)
1180 3845 1220 3876 =
1237 3822 1357 3882 Recusil
1372 3821 1422 3880 des
1438 3824 1568 3879 tracuus
1584 3819 1619 3877 de
1634 3819 1663 3877 la
1681 3818 1744 3880 Soc.
1761 3817 1983 3892 d'apriculture,
1999 3820 2125 3877 scieuces

578 3931 604 3985 st
626 3931 690 3987 aris
712 3923 828 4000 d’Apeu
850 3927 880 3989 2.
905 3925 1151 4004 susurru),
1186 3928 1260 3997 176,
1285 3929 1349 3986 217
1381 3927 1436 3983 mit
1458 3924 1639 3996 Beuutsuup
1675 3924 1756 3980 einer
1776 3920 1933 3994 ,1010111111
1952 3938 2009 3980 oon
2030 3919 2126 3981 Laos-

577 4028 850 4108 uccic(†1724).

578 4187 747 4261 Fdlsclruup
770 4188 843 4246 olruc
858 4187 936 4246 001110
957 4186 1087 4260 Veritus,
1112 4186 1256 4246 eiusciusa
1271 4189 1353 4246 weist
1375 4185 1441 4258 cus
1451 4185 1633 4258 Beuutsuup
1654 4186 1735 4244 siner
1757 4183 1982 4257 frausdsisclreu
1997 4184 2125 4256 11011191-

578 4291 716 4350 urlruuds
732 4291 781 4350 des
796 4292 849 4350 11.
865 4291 936 4350 oder
951 4290 1002 4349 12.
1019 4290 1072 4352 Ji.
1101 4289 1273 4362 Jedeusalls
1289 4293 1328 4349 ist
1351 4291 1405 4349 das
1422 4290 1623 4364 unpesclriclde
1645 4289 1710 4348 uud
1725 4289 1844 4348 deutlich
1859 4288 2126 4349 ausuros-deutlich

576 4395 725 4454 cerderbtc
753 4394 920 4454 1100111001
947 4396 1028 4454 uicit
1058 4395 1135 4453 ulter·
1161 4395 1206 4454 uls
1235 4397 1289 4454 12.
1314 4394 1378 4465 diu,
1414 4393 1543 4453 scudem
1562 4395 1684 4467 juupcr.
1719 4393 1847 4453 Roudon
1877 4393 1913 4451 de
1940 4392 1983 4455 st.
2010 4392 2126 4452 Amans

578 4499 708 4557 00011111
730 4499 803 4558 uocis
826 4499 874 4556 eiu
901 4497 1038 4557 Vidimus
1060 4499 1239 4571 uou14473
1265 4497 1962 4572 10101000153610110010111111000011
1990 4496 2126 4556 Vidimus

578 4604 916 4662 0001328110111001.
997 4635 1003 4642 ‚

579 4790 715 4875 Pipinus
738 4789 944 4875 deigratia·
967 4790 1194 4855 serenissimus
1217 4789 1417 4855 Francorum
1440 4786 1533 4856 rexb.
1661 4789 1748 4872 Quia
1771 4789 1804 4854 id
1833 4790 1982 4875 exposcit
2004 4787 2125 4874 regalis

477 4893 730 4979 magnificentia,
764 4901 801 4956 ut
828 4893 1057 4958 ecclesiastice
1087 4895 1157 4957 iura
1191 4896 1348 4958 attentius
1377 4903 1488 4959 nostro
1523 4893 1746 4959 moderamine
1774 4891 1996 4977 gubernentur
2018 4903 2060 4975 et,
2098 4893 2126 4956 si

421 5013 456 5062 ao
478 4997 589 5082 eliqua
611 5020 632 5062 1
653 4997 858 5063 rectitudinis
882 4998 987 5063 1011111
1010 4998 1184 5080 deviarint,
1214 4998 1316 5083 regali
1339 4999 1465 5063 iustitis
1487 5020 1546 5084 per
1568 4999 1742 5083 potestatis
1765 5007 1898 5062 nostrae
1920 4998 2126 5062 maiestatem

478 5103 691 5187 corrigantur,
726 5101 862 5186 dignum
885 5101 1068 5167 iudicamus
1103 5103 1253 5188 petitioni
1274 5100 1381 5166 fidelis
1404 5099 1548 5167 Centulli
1571 5101 1722 5168 Maurelli
1756 5122 1927 5166 assensum
1955 5099 2124 5188 praebere,

478 5213 514 5268 ut
536 5205 564 5270 ei
588 5214 799 5291 praeceptum
821 5205 941 5290 regalis
964 5205 1172 5271 authoritatis
1196 5205 1481 5271 concederemus⁰.
1519 5207 1607 5271 Dum
1632 5208 1717 5272 enim
1744 5206 1833 5292 apud
1857 5205 2023 5271 Arelatem
2046 5206 2124 5270 resi-

479 5308 558 5373 dens
582 5309 746 5395 queedem
774 5309 978 5375 inevitabilia
1001 5312 1092 5395 regni
1122 5313 1225 5376 nostri
1248 5312 1382 5395 negotia
1410 5309 1740 5398 [pertractavimus]‘¹,
1775 5333 1795 5375 a
1824 5311 1962 5398 propriis
1991 5308 2124 5374 sedibus

478 5435 580 5500 usque
602 5414 647 5480 ad
669 5423 817 5480 nostram
839 5415 1062 5500 praesentiam
1083 5414 1165 5480 hoc⁸
1188 5437 1253 5480 nou
1285 5415 1411 5481 distulit
1434 5438 1555 5502 rogans
1586 5416 1717 5497 obnixe,
1753 5423 1789 5480 ut
1818 5414 1994 5500 quemdam
2016 5413 2125 5478 locum

422 5533 457 5581 10
480 5539 559 5583 suae
581 5517 813 5583 dominationis
831 5527 908 5582 tunc
930 5519 1084 5603 temporis
1102 5517 1279 5584 obnixum¹
1299 5542 1372 5585 cum
1389 5523 1520 5586 nomine
1544 5519 1731 5587 Oleriacum
1754 5519 1845 5604 regia
1871 5518 2069 5583 authoritate
2084 5552 2126 5564 —

572 5705 613 5760 17.
632 5706 660 5774 ι)
676 5721 750 5760 corr.
769 5720 823 5760 uus
842 5706 973 5760 Sabiense
1077 5709 1104 5774 b)
1121 5723 1193 5762 corr.
1213 5723 1267 5762 auo
1285 5710 1524 5761 Domnobnsiuills
1627 5709 1652 5775 c)
1670 5723 1741 5762 corr.
1760 5723 1813 5761 aus
1831 5715 1929 5759 nostre.

570 5807 657 5875 111)
685 5810 729 5861 dei
752 5812 839 5876 gratis
868 5811 968 5862 noimel
991 5810 1027 5875 B,
1058 5810 1111 5864 das
1140 5811 1220 5864 ledele
1249 5812 1327 5866 Wort
1350 5812 1468 5877 siculos,
1498 5811 1559 5866 eius
1583 5811 1783 5869 Emerrduts'ou,
1814 5816 1885 5865 ctwa
1909 5811 1942 5864 iu
1964 5813 2127 5873 nominatus,

629 5877 760 5932 saccellos
862 5881 890 5942 b)
906 5895 953 5932 rex
971 5898 1003 5946 qn
1018 5879 1053 5944 Β,
1072 5899 1104 5948 qu
1123 5882 1352 5937 walrrsclrsiulicb
1369 5882 1491 5935 certem
1509 5897 1564 5934 uus
1583 5882 1633 5935 der
1651 5880 1969 5949 spdtmittslulterlielreu
1987 5879 2126 5947 Kurruup

629 5947 680 6013 sur
697 5955 725 5999 et
742 5954 831 6000 cetera
943 5949 969 6014 c)
985 5953 1191 6003 concederemnr
1208 5950 1235 6002 B
1347 5953 1374 6018 d)
1392 5955 1421 6003 in
1439 5950 1466 6004 B
1488 5950 1584 6004 delse
1607 5951 1657 6017 sur
1677 5951 1722 6003 eiu
1746 5949 1824 6011 Wort
1927 5951 1953 6015 e)
1970 5950 2017 6002 eiu
2039 5949 2126 6009 Wort,

422 6015 456 6062 46
630 6021 703 6070 etun
721 6018 822 6081 offerre,
839 6017 910 6084 fehlt
928 6017 995 6071 odor
1014 6021 1064 6072 hoc
1081 6020 1215 6074 vielleicbt
1233 6020 1360 6075 osrdcrbt
1378 6036 1432 6076 uus
1451 6024 1543 6073 venue
1646 6022 1667 6087 1)
1684 6023 1765 6073 obnix
1783 6018 1817 6073 B.
