5642 7159
674 755 738 822 222
1288 758 1716 821 llslslluultllorlnsn.

674 967 732 1012 seu
755 977 803 1027 pro
825 966 897 1011 statu
920 965 1011 1026 sancte
1025 958 1266 1011 Mediolanensium
1290 960 1402 1028 ecclesie
1425 955 1610 1021 exorarent,
1634 947 1860 1014 constituisset
1875 959 1975 1036 alque
1997 950 2080 1016 inibi
2096 950 2317 1017 venerabilem

672 1065 848 1116 Benedlerum
870 1065 1046 1130 presbiteram
1069 1064 1194 1114 abbanm
1218 1049 1415 1115 ordinasset.
1439 1049 1535 1115 Unde
1558 1051 1653 1136 petiit
1674 1049 1884 1118 clementiam
1907 1052 2114 1120 celsitudinis
2137 1064 2258 1140 nostre,
2281 1065 2318 1120 ut

673 1157 793 1237 omnia,
818 1155 975 1241 quicquid
997 1155 1068 1240 ipse
1084 1175 1144 1241 pro
1168 1154 1279 1220 divino
1303 1155 1423 1220 intuitu
1438 1155 1483 1220 ad
1505 1156 1570 1220 iam
1594 1155 1716 1222 dictum
1734 1158 1971 1222 monasterium
1992 1180 2035 1224 ex
2057 1158 2157 1224 rebus
2180 1160 2317 1244 ecclesie

673 1282 731 1345 sue
753 1257 1034 1324 Mediolanensis⁰
1055 1256 1194 1344 largitus
1218 1268 1270 1324 est
1291 1257 1344 1324 vel
1368 1259 1525 1324 moderno
1549 1269 1696 1345 tempore
1719 1259 1840 1325 ibidem
1864 1263 1951 1327 iusto
1975 1265 2107 1329 tramite
2131 1264 2316 1348 delegatum

671 1365 732 1429 fuit
754 1372 788 1429 et
809 1386 895 1429 nunc
916 1363 1002 1428 iuste
1025 1372 1058 1428 et
1081 1363 1320 1429 rationabiliter
1342 1363 1494 1449 partibus
1518 1364 1621 1450 ipsius
1645 1363 1837 1430 monasterii
1861 1365 2032 1451 possidere
2060 1365 2241 1432 dinoscitur
2264 1367 2316 1433 vel
2339 1382 2355 1431 o

671 1466 759 1553 quod
786 1469 920 1533 inantea
943 1490 964 1533 s
993 1468 1054 1533 deo
1077 1467 1267 1533 timentibus
1295 1467 1485 1534 hominibus
1513 1467 1677 1534 tribuente
1708 1469 1840 1534 domino
1871 1468 2020 1535 additum
2046 1469 2099 1536 vel
2129 1468 2318 1556 delegatum

669 1572 777 1654 fuerit,
799 1571 920 1637 nostris
944 1570 1088 1636 oraculis
1112 1570 1301 1657 plenissime
1324 1569 1574 1655 conllirm]are‘¹
1596 1571 1799 1656 deberemus,
1834 1582 1995 1659 quatenus
2020 1573 2080 1639 sub
2104 1575 2261 1660 regimine
2284 1584 2317 1640 et

669 1685 835 1762 potestate
857 1675 1042 1742 rectoribus
1064 1676 1120 1762 qui
1143 1675 1264 1740 fuerint
1287 1682 1401 1760 sancte
1424 1674 1679 1741 Mediolanensis
1702 1676 1856 1762 ecclesie„
1887 1679 1973 1743 sicut
1995 1677 2037 1743 ab
2060 1679 2133 1764 ipso
2157 1687 2315 1744 statutum

669 1804 742 1847 esse
765 1780 917 1863 cernitur,
947 1780 1035 1845 omni
1062 1788 1209 1864 tempore
1237 1800 1430 1864 permanere
1460 1777 1581 1844 debeat
1609 1788 1651 1863 et,
1680 1780 1811 1867 quando
1841 1782 1974 1867 quidem
2004 1781 2116 1847 divina
2142 1784 2316 1848 vocatione

668 1886 774 1952 abbas
803 1909 846 1951 ex
873 1887 946 1970 ipso
973 1883 1173 1949 monasterio
1202 1882 1243 1949 de
1265 1882 1328 1948 hac
1356 1882 1431 1949 luce
1460 1883 1505 1948 ad
1529 1882 1696 1950 dominum
1725 1886 1925 1971 migraverit,
1960 1885 2126 1951 licentiam
2155 1886 2315 1953 haberent
2339 1905 2371 1954 lc

667 1990 820 2056 monachi
846 1988 886 2054 de
908 1989 980 2074 ipso
1003 1989 1204 2054 monasterio
1227 1996 1342 2052 sancte
1365 1986 1418 2052 dei
1445 1986 1584 2072 ecclesie
1606 1986 1905 2054 Mediolanensium
1934 1988 2095 2077 nobisque
2125 2013 2184 2076 per
2207 1992 2316 2057 omnia

666 2092 797 2160 fidelem
825 2115 925 2178 super
958 2114 993 2158 se
1022 2091 1201 2157 secundum
1230 2090 1377 2156 ordinem
1413 2099 1563 2155 sanctum
1595 2100 1628 2156 et
1656 2092 1804 2178 regulam
1835 2093 1939 2158 sancti
1966 2093 2138 2160 Benedicti
2172 2094 2314 2180 eligendi

667 2197 832 2264 abbatem.
856 2195 958 2262 Cuius
973 2197 1164 2283 petitionem
1188 2205 1323 2282 propter
1337 2216 1456 2260 nomen
1480 2194 1603 2260 domini
1626 2205 1659 2261 et
1673 2198 1861 2264 reverentia
1883 2197 1988 2283 ipsius
2006 2199 2112 2264 sancti
2136 2198 2200 2264 loci
2219 2198 2314 2266 meri·

666 2304 774 2388 tisque
796 2301 920 2366 sanctis
944 2299 1102 2366 antedicti
1125 2300 1291 2386 pontilicis
1314 2299 1576 2387 conpellentibus
1600 2299 1763 2366 noluimus
1788 2301 1962 2388 denegare,
1997 2303 2111 2368 sedin
2134 2302 2314 2370 elemosina

666 2417 781 2472 nostra
803 2408 849 2471 ita
873 2406 1079 2471 concessisse
1101 2413 1202 2490 atque
1224 2405 1257 2468 in
1280 2403 1432 2469 omnibus
1455 2405 1669 2469 confirmasse
1692 2407 1891 2492 cognoscite.
1929 2406 2138 2492 Quapropter
2161 2430 2219 2494 per
2242 2432 2311 2494 pre·
2337 2427 2368 2474 rs

666 2519 791 2575 sentem
814 2509 1044 2574 auctoritatem
1067 2515 1215 2572 nostram
1239 2507 1445 2574 decernimus
1469 2530 1509 2573 ac
1532 2507 1693 2591 iubemus,
1721 2519 1767 2591 ut,
1798 2511 1884 2576 sicut
1905 2519 2037 2576 constat
2060 2510 2123 2576 ab⁸
2155 2512 2312 2579 iamfato

665 2618 735 2681 viro
758 2613 940 2680 venerabili
963 2614 1060 2679 Petro
1084 2611 1336 2699 archiepiscopo
1359 2614 1604 2696 monasterium,
1629 2624 1788 2699 utsupra
1811 2611 2094 2697 memoravimus‘,
2120 2616 2214 2682 iuxta
2241 2639 2310 2681 cor·

665 2741 747 2806 pora
769 2726 961 2784 sauctorum
983 2725 1164 2802 martyrum
1188 2715 1329 2781 Protasii
1353 2725 1386 2780 et
1410 2714 1562 2782 Gervasii
1593 2739 1652 2782 scu
1680 2718 1879 2784 confessoris
1904 2716 2025 2784 Christi
2050 2719 2216 2785 Ambrosii
2246 2743 2313 2786 una

664 2847 738 2889 cum
763 2821 914 2887 omnibus
943 2820 1138 2886 adiacentiis
1166 2819 1219 2884 vel
1249 2819 1455 2906 appendiciis
1478 2820 1582 2905 ipsius
1612 2822 1802 2886 monasterii
1833 2821 2015 2887 stabilitum
2043 2845 2125 2908 esse,
2163 2824 2310 2911 inspecta

663 2927 766 3015 ipsius
789 2926 986 2992 auctoritate
1010 2947 1069 3011 per
1091 2922 1154 2989 hoc
1175 2931 1325 2988 nostrum
1349 2925 1536 2989 serenitatis
1559 2934 1752 3012 preceptum
1781 2935 1880 3013 atque
1904 2927 2161 2993 confirmationis
2187 2927 2310 2995 donum
2333 2943 2367 2992 20

663 3032 829 3118 perpetuis
852 3028 1055 3116 temporibus
1078 3030 1148 3094 iure
1170 3027 1356 3093 firmissimo
1380 3027 1543 3094 stabiliter
1567 3028 1773 3115 perm[cnere
1796 3029 1931 3114 deb]eat
1954 3039 1986 3096 et
2009 3063 2095 3112 neque
2111 3048 2195 3098 abbas
2212 3049 2310 3098 ibidem

663 3149 799 3200 ordinetur
823 3154 965 3199 extraneus
988 3148 1044 3197 ullo
1060 3162 1186 3212 umquam
1209 3151 1326 3211 tempore
1349 3147 1400 3197 nisi
1417 3163 1433 3195 r
1456 3163 1488 3197 ex
1511 3149 1571 3213 ipsa
1593 3150 1808 3214 congregatione,
1832 3143 1869 3198 ut
1892 3156 1995 3220 supra
2019 3136 2173 3219 diximllS,
2197 3145 2310 3220 sancte

663 3237 715 3302 dei
739 3237 875 3322 ecclesie
891 3236 1186 3302 Mediolanensium
1204 3235 1409 3323 [nobisquess]
1433 3237 1617 3322 peremnia
1640 3237 1780 3322 fidelem,
1804 3270 1881 3318 quem
1898 3254 1993 3304 fratres
2011 3254 2114 3320 elegere
2137 3240 2309 3314 voluerint,

662 3359 707 3424 qni
730 3374 775 3408 cos
798 3357 943 3408 secundnm
967 3356 1072 3406 divinas
1094 3356 1167 3423 leges
1190 3361 1217 3406 ct
1238 3356 1357 3423 regulum
1381 3341 1485 3404 sancii
1503 3341 1672 3406 Benedicti
1696 3356 1786 3406 valeat
1807 3357 1966 3423 gubernare.
1988 3359 2025 3408 Et
2047 3360 2086 3408 ita
2108 3375 2258 3423 censemus,
2281 3365 2311 3409 ut

661 3462 751 3512 nullus
767 3462 800 3513 ds
822 3463 920 3512 nostris
936 3461 1135 3512 successoribus
1159 3467 1216 3510 seu
1240 3445 1378 3530 predicti
1402 3445 1568 3531 pontificis
1587 3476 1711 3526 umquam
1733 3462 1802 3510 lianc
1819 3467 1936 3512 nostram
1960 3463 2159 3528 dispositionem
2181 3481 2205 3525 s,
2228 3479 2306 3528 quam
2330 3464 2364 3514 25

661 3583 709 3632 pro
732 3582 847 3617 amorem
876 3566 948 3616 beati
972 3565 1069 3615 Christi
1099 3564 1259 3614 confessoris
1281 3565 1416 3614 Ambrosii
1439 3581 1456 3611 a
1484 3580 1531 3614 sen
1554 3582 1570 3612 s
1598 3564 1772 3614 stabilitatem
1801 3567 1875 3630 regni
1906 3552 2009 3616 nostri
2032 3551 2308 3634 confirmavimus,

660 3674 811 3736 inrumpere
827 3675 907 3736 atque
930 3669 1066 3721 destruere
1081 3674 1225 3735 presumat,
1249 3653 1307 3717 tell
1324 3661 1360 3717 ut
1375 3650 1491 3717 melius
1515 3652 1656 3718 delectet
1672 3653 1762 3739 ipsos
1787 3676 1900 3718 servos
1917 3653 1979 3738 dei,
2004 3655 2059 3741 qui
2076 3654 2136 3721 sub
2160 3677 2307 3720 normam

663 3758 900 3844 [bea]titudinis
923 3757 1044 3824 ibidem
1073 3760 1176 3822 vitam
1199 3780 1259 3843 per
1287 3766 1438 3842 tempora
1461 3755 1581 3840 degere
1608 3756 1771 3839 videntur,
1802 3779 1861 3843 pro
1884 3758 1982 3823 nobis
2008 3761 2169 3844 uxorique
2197 3768 2308 3844 nostre

659 3885 699 3928 ac
722 3862 834 3929 liberis
856 3884 916 3927 seu
939 3862 1154 3928 stabilitatem
1177 3861 1269 3945 regni
1293 3861 1397 3925 nostri
1426 3858 1548 3925 domini
1572 3861 1831 3926 misericordiam
1861 3863 1982 3946 iugiter
2004 3883 2154 3947 exorare,
2185 3865 2308 3930 nostris

661 3968 723 4033 deo
746 3968 883 4053 auspice
906 3967 1089 4052 futurisque
1112 3964 1316 4050 temporibus
1339 3961 1600 4047 inviolalbiliter]
1624 3972 1724 4050 atque
1746 3964 2024 4050 inrefragabiliter
2054 3966 2232 4052 perdurare
2255 3967 2305 4031 vol
2330 3985 2364 4032 30

658 4073 839 4136 consistere
863 4070 992 4136 debeat.
1018 4071 1061 4134 Et
1083 4080 1118 4133 ut
1142 4069 1202 4134 hec
1225 4069 1406 4134 auctoritas
1429 4068 1554 4133 firmior
1576 4067 1738 4134 habeatur
1761 4069 1812 4134 vel
1836 4092 1895 4155 per
1919 4078 2069 4156 tempora
2091 4071 2207 4136 melius
2231 4093 2306 4136 con·

659 4183 815 4256 servetur,
839 4195 939 4238 manu
961 4182 1075 4239 nostra
1098 4172 1211 4238 subter
1226 4195 1298 4238 eam
1321 4171 1479 4238 roborare
1496 4170 1716 4256 decrc[vimns
1740 4182 1840 4259 atque
1864 4174 1976 4257 anu]lo
2000 4183 2114 4239 nostro
2139 4173 2307 4261 sigillar[e]

660 4279 826 4342 iussimus.

759 4400 900 4484 Signum
924 4397 1036 4465 Caroli
1058 4398 1289 4482 gloriosissimi
1312 4399 1409 4484 regis.

759 4518 912 4605 Iaco[b]h
934 4520 1084 4586 advicem
1108 4521 1247 4586 Redoni.
1701 4491 1703 4496 i
2325 4539 2358 4586 se

761 4644 850 4709 Data
873 4644 907 4707 in
928 4665 1041 4709 mense
1064 4642 1169 4730 aprile
1195 4641 1306 4726 [anno]
1329 4641 1502 4727 vig[esimo
1531 4641 1689 4724 secunldo
1714 4641 1770 4726 [et]
1795 4660 1868 4706 xvll
1891 4643 1984 4727 regni
2013 4641 2147 4724 nostri¹3
2185 4642 2306 4728 [actum

657 4746 868 4832 wormaeel]
894 4750 1029 4813 civitate
1051 4747 1176 4833 palatio
1200 4756 1313 4812 nostro
1337 4745 1487 4832 publico;
1511 4747 1543 4811 in
1568 4746 1620 4811 dei
1642 4748 1773 4811 nomine
1798 4747 1937 4811 feliciter
1959 4769 2064 4812 amen.

1444 4988 1529 5060 los.

654 5132 749 5203 Korl
783 5135 847 5204 cler
884 5132 1011 5204 Grosse
1044 5132 1182 5203 scbcmd
1215 5133 1293 5202 dem
1326 5131 1471 5201 Kloster
1496 5129 1632 5202 Prr'tm
1665 5131 1729 5200 (tos
1759 5129 1939 5220 cccclxii-cb
1975 5131 2193 5222 cinpcropenc
2232 5129 2304 5200 Gal

654 5252 793 5345 Alpads
819 5255 868 5324 im
895 5254 1028 5340 Laba,
1056 5254 1222 5325 Eiaricb·
1250 5254 1324 5323 rand
1350 5251 1559 5341 Eriperspuu
1585 5257 1712 5322 sorrlmt
1739 5253 1803 5322 der
1829 5251 1944 5321 Basse
1971 5249 2120 5342 Alpods
2325 5272 2360 5320 lo

1399 5400 1404 5409 ·
1910 5372 2018 5433 Maias
2041 5375 2103 5433 790
2127 5372 2208 5431 Jum'
2230 5377 2260 5432 9.

731 5527 789 5582 lca
808 5529 834 5590 c)
851 5529 1053 5580 Mediolanense
1071 5526 1099 5580 B
1201 5528 1229 5594 d)
1247 5526 1300 5580 dos
1319 5525 1573 5606 Einpeklommerte
1600 5523 1660 5576 bier
1677 5524 1739 5577 used
1765 5525 1804 5578 im
1831 5522 1979 5592 folpersdeu
2005 5523 2038 5576 iu
2061 5521 2089 5576 Β
2112 5521 2192 5576 thella
2214 5520 2303 5575 durch

807 5597 929 5650 Horten
946 5597 1122 5663 unkseriicis,
1141 5597 1222 5650 theiis
1241 5596 1330 5650 darell
1349 5595 1434 5650 Bessa
1451 5592 1513 5647 asad
1531 5591 1638 5646 Locber
1656 5598 1775 5647 acratdrt
1795 5593 1857 5648 arrd
1875 5609 1929 5646 cus
1948 5591 1971 5646 0
1987 5595 2105 5661 natast
2182 5593 2208 5658 e)
2226 5593 2258 5644 ad
2276 5591 2304 5645 B

807 5667 829 5731 f)
847 5669 1052 5719 memorabimus
1070 5665 1097 5718 B
1195 5668 1223 5733 g)
1241 5668 1418 5732 omnibusque
1438 5663 1461 5718 0
1557 5663 1585 5727 h)
1603 5661 1678 5727 Joffe'
1696 5663 1799 5717 bortrus
1816 5663 1888 5716 rrocb
1906 5662 1983 5716 cisra
2002 5661 2150 5727 Absebrift
2168 5661 2206 5714 im
2225 5659 2301 5714 allen

806 5737 944 5803 Apparet
961 5735 1032 5789 srocb
1049 5737 1112 5788 Iseo
1130 5734 1214 5802 teser,
1236 5734 1355 5789 bomertt
1373 5735 1448 5794 uber,
1475 5732 1544 5783 dass
1564 5730 1609 5784 die
1628 5731 1701 5784 Zeila
1720 5737 1776 5786 erat
1796 5732 1885 5786 durch
1905 5730 2028 5785 Tialrtur
2046 5729 2301 5800 lesbarpesoorden
2324 5730 2356 5778 45

807 5805 863 5872 sei,·
888 5809 961 5859 1895
978 5821 1039 5858 soar
1062 5805 1112 5859 der
1130 5803 1221 5858 Nonae
1238 5810 1322 5857 auter
1341 5803 1402 5857 dem
1420 5799 1541 5856 Flectere
1558 5799 1636 5852 nictu
1654 5801 1729 5854 mehr
1748 5802 1853 5868 lesbcr,·
1882 5801 1914 5854 ia
1933 5800 2026 5855 Onon
2048 5800 2125 5853 eirca
2144 5797 2235 5853 Hand
2254 5798 2302 5852 des

806 5877 927 5928 16.-17.
945 5875 991 5929 Jb.
1009 5875 1062 5927 urit
1084 5873 1388 5943 Verweisunysreicben
1407 5888 1453 5925 aar
1472 5869 1560 5924 Rand
1579 5869 1625 5921 dte
1642 5871 1814 5939 urrmeplicbe
1832 5869 2017 5940 Recoyrritioa
2035 5871 2162 5921 Hiclsrus
2181 5870 2300 5920 advirum

806 5944 913 5996 Radoni
1016 5943 1038 6008 i)
1054 5960 1126 5996 anuo
1145 5945 1262 5996 meando
1280 5947 1309 5995 in
1327 5945 1408 5994 Italia
1426 5948 1454 5994 st
1471 5939 1549 5990 XVII
1567 5941 1644 6006 regni
1663 5945 1746 5992 nostri
1769 5943 1798 5991 in
1817 5941 1934 5992 Francia
1952 5937 1976 5993 G
2074 5939 2106 6006 k)
2123 5939 2155 5990 iu
2174 5937 2196 5991 0
2213 5945 2301 5994 sctum

806 6013 964 6066 Placentiae
981 6030 1015 6066 ex
1033 6014 1153 6081 pallatio,
1172 6014 1328 6064 Placentiae
1347 6011 1436 6065 darell
1452 6006 1678 6065 Urrterstres'obeu
1695 6008 1792 6080 petilyt
1811 6009 1872 6063 arrd
1891 6023 1936 6061 am
1953 6007 2055 6062 Raude
2073 6023 2126 6061 sorr
2144 6006 2194 6060 der
2212 6005 2300 6060 corri-

804 6081 941 6150 pirmden
959 6081 1051 6136 Hand
1069 6081 1118 6135 des
1137 6082 1256 6135 16.-·17.
1275 6082 1322 6136 db.
1342 6082 1490 6133 Wormace.
1539 6083 1540 6086 ’
2325 6071 2359 6122 50
