5642 7159
686 720 730 784 60
1296 721 1738 787 KAISERURKUNDEN.

684 910 824 976 ecclesia
846 910 881 975 in
902 932 975 975 meo
998 919 1144 996 tempore
1167 931 1225 996 per
1248 931 1301 974 me
1325 908 1551 991 annularetur,
1580 931 1655 974 cum
1677 930 1772 975 meae
1796 909 1908 999 curiae
1930 909 2077 994 consilio,
2112 912 2339 997 episcoporum

684 1005 844 1080 videlicet
863 1023 962 1100 atque
985 1014 1172 1100 primatum,
1207 1013 1292 1079 dono
1317 1012 1378 1078 deo
1402 1023 1435 1078 et
1457 1014 1554 1078 matri
1579 1035 1659 1078 suae
1681 1011 1801 1077 beatae
1824 1011 1951 1078 Mariae
1974 1013 2017 1078 ad
2040 1014 2338 1081 reaedificationem

685 1117 843 1184 ecclesiae
878 1116 1068 1205 praedictae
1092 1125 1124 1182 et
1158 1115 1201 1181 ad
1225 1118 1497 1182 sustentationem
1532 1114 1767 1182 monacharum
1790 1115 1912 1181 ibidem
1948 1116 2008 1182 deo
2041 1117 2272 1185 famulantium
2296 1119 2338 1185 111

684 1224 765 1289 meis
787 1221 971 1288 redditibus
994 1232 1027 1287 et
1050 1220 1241 1288 abbatissae
1265 1219 1459 1287 Guntradae
1481 1220 1636 1286 videlicet
1665 1241 1797 1286 crucem
1818 1243 1928 1286 meam
1956 1221 1997 1287 de
2019 1221 2166 1288 Buxeria
2192 1233 2224 1288 et
2246 1222 2337 1289 illam

686 1348 769 1412 quae
793 1325 912 1392 dicitur
934 1324 1052 1390 Voloni
1085 1324 1256 1411 usquead
1291 1325 1400 1390 locum
1429 1323 1545 1390 Iessah
1578 1333 1611 1390 et
1633 1345 1765 1389 crucem
1800 1323 1840 1390 de
1865 1323 1993 1391 Guertb
2027 1348 2131 1413 usque
2160 1326 2204 1391 ad
2230 1329 2376 1413 ripamo

684 1429 826 1494 fluminis
843 1427 1053 1514 Guardempe
1077 1437 1109 1494 et
1132 1450 1261 1494 crucem
1284 1427 1326 1493 de
1342 1427 1485 1493 Menolio
1502 1451 1607 1514 usque
1630 1425 1673 1492 ad
1688 1426 1833 1492 medium
1855 1428 1991 1494 fluvium
2015 1432 2071 1516 qui
2095 1430 2215 1496 dicitur
2230 1430 2338 1497 Eucla

685 1541 718 1597 11
739 1531 830 1598 illam
852 1532 893 1598 de
915 1529 1043 1597 Varnes
1067 1555 1170 1618 usque
1194 1531 1238 1597 ad
1260 1531 1403 1598 medium
1426 1531 1561 1596 fluvium
1585 1531 1734 1596 Vanesse
1763 1540 1795 1596 et
1818 1530 1954 1597 alteram
1979 1530 2020 1597 de
2043 1530 2208 1598 Cauciaco
2230 1556 2337 1621 usque

685 1634 729 1699 ad
751 1635 895 1701 medium
917 1635 1050 1702 fluvium
1074 1634 1187 1701 Crosa.
1212 1636 1306 1702 Haec
1330 1637 1464 1700 omnia·
1486 1635 1635 1723 superius
1656 1637 1826 1702 nominata
1842 1658 1916 1701 cum
1939 1638 2112 1724 mancipiis
2128 1646 2162 1703 et
2177 1637 2336 1722 ecclesiis,

686 1762 761 1806 cum
785 1742 887 1826 signis
911 1750 944 1806 11
966 1740 1131 1825 crucibus,
1155 1763 1229 1807 curn
1254 1741 1378 1806 colonia
1402 1750 1436 1806 et
1457 1740 1635 1826 inquilinis,
1667 1763 1742 1807 cum
1765 1742 1861 1806 terris
1884 1740 1981 1806 cultis
2005 1750 2038 1807 11
2060 1741 2203 1826 incultis,
2232 1744 2336 1828 pratis

686 1853 719 1909 et
741 1843 890 1926 saltibus,
926 1867 1001 1910 cum
1024 1847 1119 1931 aquis
1143 1866 1367 1932 aquarumque
1391 1844 1587 1910 decursibus
1617 1855 1649 1910 11
1672 1844 1878 1919 molendinis,
1912 1855 2068 1931 quantum
2091 1845 2212 1932 regalis
2234 1847 2336 1911 fiscus
2362 1863 2393 1913 10

684 1947 837 2014 relaxare
870 1957 978 2036 potest
1000 1958 1033 2014 et
1056 1948 1216 2036 quidquid
1250 1949 1294 2014 ibi
1318 1949 1437 2036 aspicit
1460 1957 1493 2013 et
1525 1948 1674 2035 aspicere
1701 1947 1831 2014 videtur
1859 1958 1952 2014 1111
1982 1951 2070 2014 iusta
2098 1950 2241 2015 cernitur
2263 1973 2337 2016 1111

686 2053 862 2138 possessio,
896 2061 999 2118 totum
1023 2052 1149 2138 integre
1184 2053 1224 2118 de
1247 2075 1319 2118 meo
1344 2052 1488 2118 dominio
1519 2054 1552 2118 in
1576 2053 1755 2118 dominium
1783 2052 1977 2118 ancillarum
2001 2049 2084 2119 deob
2106 2053 2337 2120 famulantium

686 2154 847 2220 ecclesiae
868 2154 988 2221 beatae
1010 2156 1136 2222 Mariae
1165 2180 1250 2243 quae
1272 2155 1399 2241 Regula
1433 2155 1554 2221 dicitur
1577 2155 1782 2240 transfundo,
1817 2155 1902 2222 dono
1932 2167 1964 2221 11
1987 2156 2144 2222 concedo.
2190 2156 2224 2223 Si
2253 2160 2336 2244 quis,

686 2258 774 2345 quod
798 2259 894 2342 absit,
929 2268 1044 2325 contra
1065 2258 1151 2324 hanc
1174 2261 1384 2328 donationem
1408 2285 1445 2328 11
1466 2285 1599 2329 movere
1620 2262 1770 2345 voluerit,
1806 2284 1905 2349 quam
1928 2285 2002 2328 cum
2025 2263 2236 2350 stipulatione
2258 2285 2337 2328 con·

686 2363 779 2427 firmo
803 2372 836 2428 et
859 2386 958 2449 quam
981 2363 1042 2429 sub
1067 2366 1404 2433 111111111111111111ο
1427 2389 1576 2454 suppono
1593 2376 1627 2432 et
1643 2365 1711 2464 pub
1726 2364 1977 2431 mundeburdo‘¹
1998 2389 2111 2452 regum
2136 2366 2335 2453 subsequen·
2361 2384 2392 2432 11

686 2467 779 2541 tium,
804 2467 830 2532 si
854 2469 927 2553 quis
951 2468 1027 2533 huic
1050 2469 1209 2535 mandato
1232 2481 1347 2536 nostro
1372 2470 1547 2554 obstiterit,
1570 2471 1650 2535 fisco
1672 2470 1759 2556 regis
1784 2469 1897 2535 decem
1921 2469 2069 2554 [solidos]
2095 2470 2166 2535 auri
2188 2470 2339 2536 conferat

686 2579 719 2636 et
742 2570 824 2635 iram
847 2571 900 2637 1111
922 2574 1069 2638 incurrat
1092 2583 1125 2638 et
1147 2572 1278 2640 beatam
1302 2575 1444 2641 Mariam
1465 2574 1588 2641 habeat
1610 2575 1779 2640 inimicam
1803 2582 1836 2638 et
1859 2575 1902 2639 111
1933 2576 1966 2638 11
1989 2574 2115 2639 inferno
2143 2595 2217 2639 cum
2240 2573 2336 2658 Iuda,

687 2675 743 2761 qui
767 2674 935 2740 dominum
960 2675 1105 2760 tradidit,
1129 2677 1316 2744 damnatus.

790 2813 881 2879 Data
904 2823 965 2880 etc.

790 2951 925 3038 Signum
949 2955 1077 3042 Pippini
1100 2955 1233 3041 gloriosi
1255 2959 1352 3042 regis.

791 3055 927 3142 Signum
950 3057 1126 3124 Emeuouis
1149 3069 1212 3125 etc.

792 3193 970 3260 Umbertus
994 3196 1132 3264 clericus
1155 3202 1341 3286 recognovi.

784 3380 1043 3447 1111111111
1146 3385 1233 3452 1))1111
1252 3385 1280 3440 B
1383 3387 1408 3454 1)
1427 3403 1487 3440 mea
1507 3388 1687 3440 mandeburde
1705 3386 1733 3440 B
1835 3388 1863 3455 d)
1880 3388 2060 3440 mandeburde
2077 3387 2104 3440 B
