5642 7159
1067 754 1187 814 Knuu
1210 752 1297 813 uult
1319 753 1484 814 GBCSSE
1508 749 1579 815 lSl.
2084 750 2148 816 365

494 948 686 1028 preceptum
711 940 930 1007 confirmavit.
954 940 1030 1008 Hoc
1053 940 1186 1023 donum,
1211 939 1300 1026 quod
1324 939 1449 1006 sollerti
1473 962 1553 1007 eura
1576 942 1744 1025 cogitante
1768 963 1819 1007 me
1843 941 1953 1008 divine
1976 939 2149 1011 clementie

496 1045 650 1120 servirim,
674 1045 718 1111 ad
742 1044 923 1131 sepeliendi
947 1044 1147 1111 utilitatem¹¹
1170 1065 1348 1131 egenorum
1371 1043 1483 1137 ‘studui
1507 1066 1656 1130 erogare.
1692 1046 1736 1110 Et
1759 1054 1809 1112 est
1831 1046 1905 1131 ipsa
1928 1046 2069 1113 ecclesia
2092 1045 2145 1112 de·

494 1149 606 1215 dicata
628 1149 663 1214 in
684 1148 809 1214 honore
832 1148 1032 1215 venerabilis
1061 1147 1238 1213 salvatoris
1270 1148 1395 1214 domini
1412 1150 1522 1237 *nostri
1551 1150 1627 1216 Iesu
1650 1148 1783 1232 Christi,
1814 1172 1910 1236 quem
1939 1149 2045 1216 libens
2068 1158 2147 1216 voto

495 1254 610 1338 augeri
633 1254 730 1340 cupio
755 1251 973 1339 ampliarique
988 1252 1081 1335 iussi,
1105 1262 1138 1317 et
1153 1252 1259 1318 altare
1281 1251 1402 1318 ibidem
1420 1254 1608 1319 consecrari
1631 1254 1694 1319 ieci
1712 1263 1745 1320 et
1767 1255 1915 1319 maxima
1934 1254 2147 1340 reliquiarum

456 1373 472 1422 o
495 1356 624 1423 condiri
648 1356 824 1422 statuimus
840 1356 874 1420 in
896 1354 1021 1421 honore
1037 1354 1221 1421 Salvatoris
1245 1365 1278 1421 et
1300 1358 1408 1423 sancti
1430 1356 1591 1444 Stephani
1614 1360 1857 1445 protomartiris
1881 1366 1914 1423 et
1936 1360 2042 1424 sancti
2060 1359 2148 1423 Lau·

495 1461 593 1528 rentii
617 1469 650 1527 et
671 1459 843 1526 beatorum
866 1459 1025 1526 Iohannis
1048 1468 1082 1525 et
1103 1459 1215 1543 Pauli,
1255 1447 1466 1553 daniqueihi
1490 1461 1622 1527 condite
1646 1470 1723 1527 sunt
1746 1460 1786 1527 de
1809 1463 2017 1529 vestimentis
2041 1464 2148 1531 sancti

495 1563 655 1651 Stephani
691 1564 934 1651 protomartiris
957 1571 989 1630 et
1021 1586 1121 1629 unam
1150 1563 1364 1650 parapsidem
1395 1564 1528 1651 planam
1552 1564 1593 1629 de
1616 1564 1827 1649 carbonibus,
1864 1588 1947 1651 quas
1971 1576 2065 1632 ustus
2088 1568 2151 1632 fuit

496 1677 632 1734 sanctus
654 1668 866 1752 Laurentius,
895 1677 928 1735 et
951 1668 1082 1735 duabus
1105 1668 1255 1735 coetibus
1277 1669 1437 1736 Iohannis
1461 1679 1493 1735 et
1516 1669 1646 1737 armilla
1669 1670 1761 1735 Pauli
1786 1677 1819 1735 et
1843 1669 1925 1736 duas
1949 1679 2084 1756 torques
2108 1670 2148 1735 de

495 1770 632 1858 Sergius
661 1779 694 1838 et
722 1772 855 1838 Bachus
878 1774 1084 1860 primicerius
1108 1782 1141 1839 et
1163 1773 1408 1839 secundicerius
1438 1784 1471 1840 et
1497 1773 1610 1840 boiam
1639 1773 1679 1840 do
1708 1773 1795 1840 collo
1826 1772 2009 1839 Alexandri
2039 1775 2147 1860 quinti

441 1892 474 1941 10
495 1898 583 1962 pape
605 1885 638 1941 et
662 1876 702 1942 de
733 1876 862 1962 capillis
885 1878 965 1961 eius,
1000 1880 1160 1965 quantum
1182 1877 1307 1964 pugillo
1337 1898 1456 1965 capere
1479 1888 1605 1965 potest3
1644 1878 1691 1943 sic
1716 1879 1826 1944 omnia
1858 1888 1935 1945 sunt
1956 1877 2090 1944 condite
2113 1880 2145 1943 in

494 1978 560 2044 iam
584 1978 732 2066 predicto
758 1979 876 2046 altario
900 1986 1008 2047 sancti
1032 1980 1226 2047 Salvatoris.
1265 1980 1337 2047 Sita
1360 1990 1412 2046 est
1435 1990 1545 2048 autem
1569 1984 1643 2069 ipsa
1666 1981 1809 2047 ecclesia
1838 1984 1973 2069 propter
1996 1981 2147 2047 tradendi

496 2083 685 2169 sepulturas
708 2106 871 2170 pauperes
902 2094 936 2150 et
958 2085 1086 2167 divites,
1121 2084 1247 2151 nobiles
1271 2095 1304 2150 et
1332 2084 1504 2169 innobiles,
1540 2107 1623 2172 quos
1647 2086 1688 2152 de
1717 2085 1971 2152 ultramontanis
1994 2082 2146 2171 partibus

494 2188 626 2253 venturi
648 2196 835 2271 cernuntur,
866 2198 903 2255 ut
927 2211 1040 2255 omnes
1062 2189 1109 2255 ibi
1140 2191 1206 2255 sint
1229 2189 1410 2275 sepeliendi
1433 2211 1493 2275 per
1515 2210 1632 2255 manua
1661 2188 1913 2255 scolasticorum
1936 2198 2067 2254 etcum
2090 2187 2146 2254 ob·

495 2293 610 2378 requio
635 2292 854 2376 sacerdotum,
879 2294 934 2379 qui
957 2293 1014 2360 illo
1038 2303 1287 2360 commorantur
1308 2294 1342 2357 in
1366 2302 1573 2380 perpetuum.
1618 2292 1801 2361 Statuimus
1825 2294 1986 2380 siquidem
2012 2292 2057 2357 ibi
2081 2300 2147 2357 tres

441 2412 472 2460 ιι
496 2394 699 2481 presbiteros
730 2404 764 2461 et
786 2397 959 2464 duodecim
989 2398 1128 2464 clericos
1152 2398 1294 2464 scientes
1323 2397 1461 2463 litteris⁰
1495 2406 1527 2461 et
1558 2418 1671 2462 omnes
1694 2398 1799 2463 tonsis
1831 2396 1933 2461 comis
1960 2397 2147 2461 ministrent

496 2519 570 2564 eum
585 2498 787 2585 presbiteris.
809 2502 963 2567 Fecimus
980 2512 1091 2568 autem
1107 2502 1139 2567 in
1157 2503 1223 2567 iam
1247 2499 1441 2588 supradicta
1457 2500 1599 2567 ecelesia
1615 2500 1839 2569 hornamentis
1855 2502 1965 2567 aureis
1982 2508 2015 2565 et
2029 2520 2145 2584 argen-

496 2604 572 2669 teis:
608 2603 746 2668 lecimus
770 2613 880 2670 autem
903 2603 951 2670 ibi
975 2615 1042 2671 tres
1066 2626 1194 2688 eruces,
1225 2629 1292 2671 una
1314 2626 1448 2671 auream
1472 2626 1546 2671 cum
1569 2614 1693 2690 gavata
1716 2626 1851 2670 auream
1875 2603 2053 2670 habentem
2075 2604 2147 2668 auri

495 2704 615 2771 libram
637 2728 738 2771 unam
761 2716 794 2773 et
809 2706 873 2773 alie
897 2708 961 2774 due
983 2729 1099 2775 cruces
1116 2718 1272 2793 argentee
1296 2730 1370 2775 curn
1393 2709 1525 2794 gavatis
1544 2710 1622 2793 suis,
1646 2707 1824 2774 habentem
1847 2707 2022 2774 duodecim
2046 2705 2148 2772 libras

495 2810 623 2895 argenti
646 2831 748 2875 unam
770 2820 803 2875 at
825 2811 1000 2878 duodecim
1023 2811 1128 2878 libras
1152 2813 1283 2898 argenti
1307 2814 1423 2896 altera,
1447 2822 1479 2878 et
1501 2820 1641 2899 gavatas
1666 2812 1741 2896 duo,
1771 2812 1873 2877 libras
1897 2814 2024 2899 argenti
2047 2832 2146 2876 unam

439 2931 472 2980 ao
495 2911 645 2979 similiter
667 2924 701 2978 et
722 2914 842 2997 altera3
882 2916 944 2981 feci
967 2926 1077 2982 autem
1101 2926 1134 2981 et
1155 2926 1223 2983 tres
1245 2918 1427 3003 ymagines,
1457 2938 1556 2982 unam
1579 2937 1682 2981 aurea
1704 2924 1737 2980 et
1759 2915 1825 2981 duo
1849 2924 2013 3000 argentee,
2049 2936 2146 3001 quem

496 3016 653 3083 sederunt
675 3040 777 3104 supra
800 3019 928 3085 trabem
950 3019 1101 3085 involuta
1123 3029 1261 3107 argento
1287 3041 1388 3107 supra
1410 3021 1584 3106 ymagines
1607 3027 1676 3085 tres
1700 3039 1807 3102 arcus,
1831 3039 1932 3082 uuum
1956 3039 2090 3083 aureum
2115 3027 2148 3083 et

494 3122 559 3188 duo
583 3123 759 3207 argenteis,
793 3123 970 3190 habentem
993 3145 1129 3191 aureum
1158 3124 1275 3191 libram
1299 3146 1400 3191 unam
1424 3134 1457 3190 et
1478 3123 1645 3210 argenteis
1676 3121 1813 3207 singulis
1836 3120 1939 3186 libras
1964 3120 2146 3203 duodecim,

493 3226 682 3313 ymaginem
710 3235 819 3291 autem
842 3249 978 3293 auream
1005 3227 1182 3295 habentem
1204 3238 1272 3295 tres
1301 3229 1404 3295 libras
1429 3232 1501 3295 auri
1532 3244 1607 3294 eum
1636 3228 1775 3314 gemmis
1803 3226 1959 3313 pretiosis
1988 3247 2147 3312 expressa

493 3329 703 3415 ymaginibus
732 3329 912 3396 salvatoris
943 3331 1066 3397 domini
1095 3334 1199 3398 nostri
1228 3333 1306 3399 Iesu
1333 3332 1456 3399 Christi
1484 3341 1517 3399 ct
1545 3333 1596 3399 dei
1632 3331 1810 3418 genetricis
1840 3331 1944 3396 Maria
1978 3340 2011 3396 at
2041 3332 2147 3395 sancti

438 3452 472 3502 at
494 3433 668 3501 Michaelis
698 3434 897 3521 archangeli,
932 3435 967 3501 in
997 3458 1064 3501 uua
1091 3445 1248 3521 argentea
1276 3459 1438 3524 expressa
1465 3439 1620 3527 ymagine
1649 3436 1833 3503 Alexandri
1861 3436 1966 3522 quinti
1997 3456 2083 3521 pape
2112 3444 2145 3499 et

495 3535 602 3623 Sergii
625 3547 659 3605 et
680 3538 796 3622 Baebi,
820 3540 856 3605 in
879 3538 945 3605 alia
967 3539 1124 3627 ymagine
1147 3542 1317 3625 expressis
1340 3541 1552 3629 ymaginibus
1576 3542 1733 3608 lobannis
1757 3550 1790 3607 et
1811 3540 1925 3622 Pauli3
1949 3540 2012 3605 feci
2035 3548 2146 3604 autem

495 3651 528 3706 et
553 3665 653 3709 unum
684 3644 880 3709 crucifixum
903 3645 1061 3710 maiorem
1092 3654 1285 3725 argenteum
1308 3644 1486 3712 habentem
1510 3650 1684 3731 sexaginta
1712 3645 1815 3712 libras
1839 3655 1871 3710 et
1893 3643 2066 3710 duodecim
2089 3664 2145 3729 ga-

494 3757 600 3822 vatas,
625 3748 715 3814 duo¹³
738 3770 857 3814 aureas
880 3757 914 3815 et
936 3748 1048 3815 decem
1073 3758 1257 3835 argenteas,
1281 3772 1357 3816 eum
1380 3751 1507 3815 eatenis
1531 3751 1571 3816 de
1595 3750 1738 3817 oricalco
1763 3760 1795 3816 et
1818 3747 1993 3815 duodecim
2016 3746 2145 3834 pallias,

495 3853 550 3939 qui
579 3852 810 3939 pendantsub
834 3856 1020 3919 anciacum
1043 3876 1109 3920 uno
1133 3853 1205 3919 velo
1229 3855 1346 3936 serico,
1383 3854 1438 3940 qui
1465 3853 1568 3920 babet
1596 3855 1746 3920 istoriam
1768 3877 1790 3919 a
1818 3851 1993 3919 nativitate
2024 3851 2145 3916 domini

439 3972 473 4022 eo
494 3978 598 4043 usque
621 3956 665 4023 ad
687 3958 915 4025 ascensionem
931 3960 1011 4042 aius,
1035 3960 1232 4024 vestimenta
1248 3978 1379 4044 quoque
1402 3959 1519 4025 altaris
1543 3968 1684 4045 quatuor
1707 3958 1875 4025 deauratis
1899 3978 1974 4022 eum
1997 3955 2144 4042 gemmis,

494 4062 528 4124 in
543 4082 609 4125 una
626 4082 785 4159 expressa
809 4064 1004 4127 ascensione
1020 4061 1154 4136 domini,
1178 4062 1211 4127 in
1234 4061 1302 4127 alia
1317 4083 1479 4148 expressa
1502 4063 1656 4151 ymagine
1673 4062 1858 4128 Salvatoris
1882 4070 1915 4126 et
1930 4060 2027 4126 beate
2042 4058 2146 4124 Maris

494 4174 527 4229 et
550 4166 655 4231 sancti
679 4165 851 4232 Michaelis
875 4166 1075 4253 archangeli,
1100 4168 1133 4232 in
1155 4166 1222 4232 alia
1244 4177 1336 4233 veste
1360 4190 1518 4255 expressa
1539 4169 1695 4254 ymagine
1718 4166 1903 4233 Alexandri
1927 4176 1961 4231 et
1983 4164 2091 4250 Sergii
2114 4172 2147 4229 et

494 4268 610 4353 Baebi,
633 4271 666 4334 iu
690 4281 808 4355 quarta
831 4269 995 4336 lohannes
1019 4280 1052 4335 et
1074 4270 1208 4353 Paulus,
1238 4270 1321 4337 duas
1344 4281 1495 4357 patenas,
1524 4295 1624 4339 unam
1648 4294 1782 4338 auream
1804 4272 1981 4338 habentem
2005 4280 2147 4357 quatuor

494 4375 620 4458 uncias,
645 4373 712 4439 alia
733 4383 891 4460 argentea
914 4373 1090 4441 habentem
1107 4374 1192 4442 libra
1208 4398 1284 4457 una,
1307 4375 1429 4440 calices
1447 4397 1577 4463 quoque
1594 4376 1670 4459 duo,
1693 4399 1794 4441 unum
1811 4396 1947 4442 aureum
1970 4374 2145 4440 habentem

438 4495 472 4545 ac
495 4478 638 4544 mediam
654 4477 769 4545 libram
787 4486 820 4544 et
835 4500 935 4545 unum
951 4489 1145 4566 argenteum
1160 4478 1337 4546 habentem
1352 4502 1452 4546 unam
1468 4478 1598 4563 libram,
1616 4480 1822 4550 duoetiam¹¹
1845 4479 2021 4561 coclearia,
2048 4500 2145 4542 unum

494 4603 630 4651 aureum
653 4592 686 4648 et
707 4606 808 4650 unum
832 4594 1034 4669 argenteum,
1064 4606 1202 4650 aureum
1223 4583 1398 4650 habentem
1424 4584 1594 4650 dimidiam
1617 4585 1758 4662 unciam,
1793 4592 1984 4670 argenteum
2008 4604 2084 4661 una,
2114 4590 2148 4645 et

494 4687 576 4753 duas
593 4688 812 4772 forsiciculas,
836 4711 936 4754 uuam
952 4712 1087 4755 auream
1111 4699 1144 4754 et
1166 4710 1266 4754 unam
1285 4698 1454 4775 argentea,
1479 4688 1656 4754 habentem
1680 4710 1814 4755 auream
1837 4686 1980 4753 mediam
2003 4686 2145 4762 unciam,

494 4800 683 4876 argenteam
711 4814 821 4858 unam.
868 4791 1109 4859 Censtituimus
1138 4796 1237 4858 etiam
1266 4795 1299 4858 in
1322 4795 1398 4878 ipsa
1429 4793 1621 4879 supradicta
1645 4792 1787 4858 ecclesia
1815 4791 2013 4857 incircuitu
2041 4789 2146 4873 ipsius

493 4904 598 4961 totum
621 4894 780 4981 predium,
804 4896 862 4962 ubi
888 4898 952 4962 sita
975 4919 1049 4963 esse
1072 4896 1214 4979 videtur,
1237 4897 1270 4961 in
1287 4898 1452 4982 integrum
1475 4918 1549 4963 eum
1567 4898 1739 4963 terminos:
1763 4919 1784 4961 a
1802 4897 1908 4983 primo
1932 4895 1999 4960 lato
2016 4892 2147 4979 porticu

438 5015 472 5064 ιο
494 4999 618 5064 maiore
642 5009 801 5085 pergente
829 5002 924 5066 iuxta
946 5001 1109 5066 Baticano
1138 4999 1310 5085 usquead
1338 5010 1489 5066 sanctam
1514 5001 1655 5086 Agathe,
1690 5002 1746 5087 qui
1771 5000 1892 5066 dicitur
1914 5000 1947 5063 in
1970 4996 2146 5078 Lardario,

493 5103 679 5168 venientem
701 5103 746 5169 ad
760 5125 890 5170 murum
913 5105 1057 5169 civitatis
1073 5105 1245 5170 Leoniana
1268 5106 1428 5190 usquein
1452 5107 1525 5192 ipsa
1548 5103 1689 5170 eeclesia
1713 5104 1820 5170 sancti
1838 5101 2032 5183 Salvatoris,
2057 5101 2146 5166 vide·

494 5204 572 5270 licet
595 5205 635 5271 de
658 5206 734 5293 ipsa
757 5209 939 5274 munitione
962 5218 1103 5295 quatuor
1125 5218 1252 5292 turres3
1279 5230 1299 5271 a
1315 5208 1460 5274 secundo
1484 5209 1573 5275 lator
1595 5219 1853 5290 monumentum,
1878 5209 1934 5294 qui
1959 5215 2026 5272 stat
2047 5227 2146 5291 super

494 5310 703 5397 sepulchrum
726 5313 830 5378 Marci
861 5314 963 5379 irater
985 5313 1120 5388 Aurelii,
1151 5336 1172 5379 a
1193 5315 1290 5380 tertio
1319 5314 1386 5379 lato
1417 5315 1523 5379 forma
1545 5314 1691 5379 Traiana
1715 5334 1819 5398 usque
1841 5312 1874 5375 in
1897 5320 1994 5398 porta
2011 5309 2146 5374 Aurelia

494 5423 528 5481 et
550 5437 570 5480 a
593 5426 711 5502 quarto
735 5418 803 5483 lato
828 5418 1047 5485 descendente
1071 5419 1112 5485 de
1135 5419 1283 5506 predicto
1307 5428 1519 5484 monumento
1536 5439 1641 5503 usquo
1665 5418 1697 5481 in
1721 5417 1853 5481 alveum
1870 5415 2013 5479 fluminis
2037 5413 2146 5478 locum

439 5534 473 5584 sc
496 5521 585 5606 quod
609 5521 728 5587 dicitur
745 5520 876 5608 Septem
901 5523 993 5589 venis
1008 5523 1041 5587 in
1056 5522 1192 5587 flumine
1208 5524 1264 5608 qui
1289 5522 1409 5588 dieitur
1425 5522 1553 5587 Tiberis
1571 5530 1760 5607 pergentem
1778 5542 1836 5606 per
1851 5520 1990 5605 criptam
2010 5516 2147 5581 rubeam

494 5623 539 5690 ad
554 5646 683 5690 murum
700 5626 844 5691 civitatis
860 5634 894 5690 et
915 5648 936 5690 a
951 5626 1023 5713 ipso
1047 5626 1120 5691 loco
1136 5650 1196 5713 per
1218 5647 1342 5712 aquam
1357 5627 1541 5691 venientem
1567 5626 1601 5688 in
1616 5624 1681 5688 iam
1698 5621 1846 5709 predicto
1863 5623 1990 5708 portico
2012 5621 2146 5685 maiore.

571 5847 632 5904 254.
651 5849 688 5915 ιιι)
706 5847 760 5901 das
772 5846 852 5901 lctate
864 5850 873 5899 i
886 5862 940 5901 aas
953 5864 968 5900 e
981 5863 1053 5901 corr.
1066 5848 1093 5901 B
1162 5851 1191 5916 n)
1208 5850 1354 5902 utilitatem
1367 5849 1515 5916 sepeliendi
1528 5845 1618 5901 daret
1635 5844 1938 5915 Verroeisaupeseiolseu
1949 5844 2105 5914 anspestetlt
2120 5843 2147 5896 B

649 5920 676 5984 o)
693 5920 716 5968 ri
734 5917 792 5984 aas
806 5916 915 5979 Rosar,
934 5933 1006 5971 corr.
1025 5933 1080 5971 aus
1099 5936 1115 5969 a
1134 5917 1161 5971 B
1240 5920 1267 5986 p)
1285 5919 1434 5981 duodecim,
1452 5919 1538 5969 decim
1556 5914 1655 5996 petilpt
1673 5916 1700 5969 B
1779 5918 1807 5984 q)
1823 5930 1877 5971 cors
1896 5913 2037 5968 dersdbca
2056 5913 2148 5966 Hursd

647 5986 716 6040 atbar
735 5985 786 6039 der
803 5986 879 6041 Zetle
896 5986 1104 6057 aaobpetrapea
1122 5986 1150 6040 B
1253 5988 1277 6054 r)
1296 5988 1335 6040 lat
1352 5987 1404 6041 mit
1420 5985 1665 6056 Ktraarrpsstrsoh
1677 5985 1711 6047 Β,
1730 5986 1827 6039 eberiso
1846 5984 1876 6038 Z.
1892 5987 1933 6046 43,
1953 5985 1988 6036 44
2006 5981 2146 6053 ausqeldst

438 6056 473 6105 50
648 6055 722 6109 acels
740 6054 802 6110 dem
820 6055 851 6110 ιἰι
870 6058 900 6110 Ζ.
920 6060 956 6111 39
973 6056 1238 6126 aasqoeetrs'ebeueu
1256 6058 1311 6109 lato
