5642 7159
1318 762 1752 823 Karsuauauuuuuu.

811 956 894 1030 55511
916 953 994 1034 (551
1010 956 1217 1019 (1558555515
1238 954 1288 1013 (155
1304 954 1415 1027 Beryae
1432 950 1576 1013 05155515
1598 951 1711 1024 aufem
1726 949 1853 1029 Arare)
1877 952 1941 1011 555
1962 952 2007 1013 515
2030 952 2192 1027 5555551155
2208 952 2396 1011 Pertinere

814 1060 864 1120 (155
879 1060 1014 1120 10551555
1031 1061 1061 1124 Β.
1077 1060 1171 1121 Flora
1194 1063 1221 1119 et
1236 1058 1357 1119 15551115
1379 1058 1425 1116 bei
1440 1056 1553 1116 Areeea
1576 1056 1696 1127 atldrt,
1720 1056 1784 1115 555
1806 1058 1840 1115 irs
1862 1056 1915 1115 der
1929 1057 2084 1132 Dutiruaq
2100 1057 2216 1129 (iudx
2237 1076 2286 1109 =
2305 1056 2395 1125 802)

813 1165 883 1225 stud
905 1165 977 1225 doctr
998 1184 1060 1225 aar
1081 1164 1276 1225 uilllrrtrlr'elre
1298 1163 1514 1235 Bessmraqen.
1543 1192 1581 1204 ·—
1606 1158 1687 1219 0555
1709 1161 1786 1219 55515
1814 1160 1945 1235 Vortupe.
1984 1159 2072 1221 5551
2093 1160 2142 1221 515
2166 1160 2394 1231 Ersodtmunu

815 1270 951 1342 1155155
974 1268 1040 1346 (551.
1057 1275 1092 1328 5ο
1104 1266 1183 1347 230)
1206 1267 1331 1337 5555151,
1355 1266 1425 1327 duas
1448 1265 1497 1324 515
1512 1264 1684 1339 reuersae
1708 1263 1878 1337 frituratores
1901 1270 1960 1325 eret
1982 1267 2016 1325 irs
2039 1265 2091 1324 der
2112 1267 2246 1325 awriten
2273 1260 2396 1334 Huttte

813 1373 1015 1434 5551215.
1041 1373 1290 1432 5515155555151.
1334 1370 1585 1432 Wobrsetreiutictr
1612 1371 1686 1429 5555
1709 1374 1929 1443 5155555515.
1974 1370 2051 1429 Dem
2074 1370 2279 1443 (5155555555
2303 1368 2437 1429 austro

811 1478 860 1535 die
889 1477 1040 1538 Formetrs.
1085 1478 1202 1552 Pusqui
1231 1476 1251 1536 1.
1275 1493 1299 1535 5.
1321 1475 1402 1534 515111
1430 1475 1478 1533 die
1507 1474 1681 1548 1151555555
1708 1492 1749 1533 aa
1778 1476 1873 1534 etnam
1894 1475 2046 1534 Placitum
2073 1473 2130 1546 105
2159 1474 2219 1534 das
2253 1471 2394 1533 Ktoster

811 1580 842 1641 S.
865 1580 968 1641 Ptetro
998 1581 1039 1641 ud
1060 1581 1138 1641 Asso
1166 1581 1204 1655 (s.
1227 1580 1306 1641 Petri
1334 1581 1371 1639 ad
1393 1577 1469 1658 Axo)
1500 1579 1533 1637 15
1561 1578 1615 1637 Vct
1637 1575 1665 1637 d'
1677 1577 1775 1649 Oraia,
1810 1579 1865 1638 555
1892 1581 1926 1637 ta
1956 1579 2021 1638 555
2050 1579 2158 1652 taurea
2188 1577 2293 1638 Streit
2325 1578 2389 1635 mit

812 1686 905 1748 siena
926 1689 991 1746 833
1014 1686 1143 1760 (255551
1166 1689 1196 1756 1,
1219 1687 1263 1745 37
1284 1682 1386 1761 5127)
1415 1683 1480 1743 aad
1502 1682 1611 1743 wieder
1633 1685 1719 1744 1057
1748 1683 1850 1758 (Bulla
1877 1683 1990 1742 Victore
2013 1682 2056 1754 11,
2080 1684 2119 1742 ib.
2143 1684 2214 1745 257
2238 1687 2278 1741 5ο
2301 1683 2387 1751 181,

812 1787 896 1862 aare
909 1789 982 1862 1155.
994 1793 1080 1863 pont.
1095 1791 1127 1848 2.
1144 1788 1188 1849 ed.
1205 1785 1303 1866 1370)
1326 1788 1442 1847 Aresso
1464 1788 1681 1861 5555555555
1703 1786 1768 1845 aad
1790 1787 1868 1846 5555
1890 1804 1945 1847 aaa
1971 1786 2037 1847 Otto
2052 1786 2107 1846 111
2121 1783 2179 1865 (11.
2197 1786 2239 1847 G.
2256 1785 2336 1849 DD.
2350 1789 2385 1857 2,

812 1895 874 1955 720
897 1902 932 1953 rt⁰
944 1893 1022 1971 295)
1043 1893 1108 1953 555
1130 1894 1275 1952 Heinrich
1296 1892 1351 1951 111
1373 1892 1503 1971 (Ρ55551
1525 1896 1555 1963 1,
1578 1894 1644 1952 258
1665 1890 1795 1969 51177)
1817 1892 1954 1966 aestutiae
1977 1890 2093 1964 sourde3
2131 1908 2161 1950 55
2185 1890 2271 1949 wirot
2295 1890 2384 1949 55555
2410 1904 2442 1953 10

811 2000 886 2059 5555
913 2001 948 2057 irs
975 2001 1058 2058 einer
1083 1998 1214 2057 anderen
1237 1998 1386 2071 ptumpea
1414 1998 1586 2072 Ferreaaaq
1615 1996 1679 2070 uus
1703 1996 1760 2056 555
1786 1997 1907 2055 Numen
1940 1998 2018 2055 etuas
2050 1996 2180 2055 Tribuus
2216 1995 2384 2055 Zenobiae

812 2102 941 2178 (Pasqut
956 2108 987 2175 1,
1011 2105 1071 2162 531
1096 2102 1136 2162 N.
1153 2106 1184 2172 1,
1207 2102 1272 2161 tier
1294 2101 1342 2160 die
1366 2099 1550 2174 0515555555
1572 2101 1652 2161 iuxta
1674 2100 1791 2161 fiuvium
1813 2101 1905 2160 Arum
1928 2117 1986 2160 non
2008 2100 2094 2176 longe
2116 2117 2134 2159 5
2156 2100 2249 2161 fluvio
2266 2096 2380 2177 Ureia)

808 2209 951 2281 5555551.
996 2206 1057 2265 Dte
1084 2205 1310 2278 Jatresanqaoe
1333 2208 1396 2265 702
1426 2206 1529 2264 155551
1558 2206 1612 2265 (551
1640 2207 1767 2279 westser
1795 2203 1858 2278 uus
1887 2204 2071 2264 0555551515
2108 2204 2153 2264 515
2181 2202 2249 2275 551
2274 2206 2381 2263 aierem

817 2310 977 2384 Verselrere5
1014 2327 1067 2368 um
1094 2309 1148 2369 555
1172 2308 1264 2370 Statuit
1293 2309 1426 2369 5555555
1455 2312 1625 2385 uberhaupt
1655 2310 1805 2369 clarabat
1834 2328 1875 2369 eu
1897 2310 2022 2382 555555,
2056 2310 2159 2369 warde
2182 2326 2214 2369 es
2238 2327 2283 2368 sa
2308 2311 2381 2370 802

810 2413 933 2488 55515111.
2402 2426 2433 2473 ro

812 2586 871 2666 (0.)
894 2582 908 2666 Ε
929 2584 968 2649 15
992 2584 1121 2649 nomine
1144 2593 1259 2650 sancte
1282 2593 1315 2650 et
1338 2583 1507 2651 individue
1529 2585 1698 2650 trinitatis.
1724 2584 1845 2650 Divina
1867 2586 2000 2651 favente
2023 2585 2200 2651 clementia
2215 2583 2372 2651 Karolns

708 2689 852 2775 Magnus
875 2689 1098 2754 Romanorum
1126 2688 1307 2776 imperator
1333 2698 1506 2775 augustus.
1613 2688 1722 2755 Debet
1750 2690 1961 2777 imperatoria
1985 2690 2159 2756 clementia
2188 2712 2370 2756 servorum

710 2794 764 2861 dei
788 2817 823 2860 se
845 2794 1031 2879 rogantium
1055 2796 1147 2879 equis
1169 2789 1411 2879 {petitionibus
1436 2792 1645 2879 acquiescere
1669 2802 1702 2859 et
1723 2793 1811 2860 iusta
1834 2794 1962 2882 deoque
1984 2794 2107 2882 placita
2126 2794 2307 2875 desideria,
2333 2804 2370 2857 ut

712 2899 756 2965 ad
771 2898 942 2965 effectum·
964 2907 1230 2985 promoveantur,
1254 2921 1408 2964 annuere.
1432 2897 1528 2964 Unde
1544 2898 1674 2981 roganti
1690 2919 1750 2964 nos
1768 2898 1948 2964 venerabili
1965 2897 2079 2963 abbati
2095 2898 2231 2963 Ioannis
2248 2920 2369 2963 mona-

713 3000 826 3069 steriib
850 3004 957 3068 sancti
972 3002 1070 3086 Petri,
1095 3001 1184 3088 quod
1200 3011 1251 3067 est
1273 3012 1499 3068 constructum
1522 3003 1558 3067 in
1575 3003 1771 3089 episcopatu
1787 3002 1923 3069 Aretino
1948 3003 2022 3070 loco
2039 3004 2094 3089 qui
2111 3002 2234 3068 dicitur
2246 3002 2366 3068 Monte
2390 3018 2423 3066 ao

711 3106 899 3190 Piciaculi⁰,
925 3106 1042 3173 damus
1058 3107 1169 3172 omnia
1191 3128 1234 3171 ex
1250 3106 1390 3191 integro,
1415 3107 1501 3171 sicut
1516 3107 1619 3172 currit
1636 3104 1779 3193 Spinosa
1802 3106 1845 3171 55
1867 3116 1996 3193 petram
2014 3106 2192 3193 Pcpaidem
2218 3116 2251 3171 et
2269 3105 2367 3172 vadit

710 3212 755 3277 ad
782 3211 903 3277 vallem
926 3209 1085 3277 Affricam
1114 3218 1148 3275 et
1174 3209 1232 3274 illa
1260 3210 1294 3275 in
1317 3208 1519 3276 Sambuceta
1547 3219 1580 3275 51
1603 3211 1677 3297 ipsa
1707 3232 1795 3297 5555
1818 3211 1920 3276 currit
1948 3212 1982 3277 in
2006 3210 2102 3298 Aqua
2125 3208 2303 3277 ardentem
2334 3220 2367 3277 51

710 3317 810 3381 mittit
831 3317 864 3381 in
880 3312 967 3380 Asso
990 3324 1024 3380 et
1044 3313 1130 3379 Asso
1154 3313 1257 3380 currit
1278 3314 1312 3378 in
1333 3313 1437 3381 Urcia
1459 3323 1492 3379 et
1515 3314 1599 3380 redit
1622 3312 1664 3379 ad
1687 3315 1741 3379 via
1760 3314 1916 3381 Mociana
1938 3316 2034 3381 iuxta
2057 3314 2195 3381 curtella
2219 3324 2253 3380 et
2277 3314 2367 3381 redit

711 3443 809 3508 super
825 3420 980 3486 Cervaria
1003 3419 1037 3484 in
1051 3418 1220 3505 Riguardo
1245 3427 1278 3483 et
1299 3419 1401 3483 mittit
1423 3420 1457 3482 in
1472 3418 1560 3484 Asso
1584 3428 1618 3484 et
1639 3419 1732 3485 vadit
1755 3419 1798 3484 ad
1814 3418 1959 3505 Spinosa
1981 3429 2015 3485 et
2037 3428 2129 3485 curte
2152 3418 2193 3485 de
2210 3419 2364 3487 Beroeno

710 3548 785 3593 oum
809 3527 878 3592 suis
900 3525 1105 3611 pertinentiis
1129 3531 1162 3589 51
1184 3532 1276 3589 curte
1301 3522 1341 3588 de
1364 3532 1481 3588 sancto
1505 3521 1675 3590 Clemente
1704 3545 1779 3589 cum
1802 3525 2007 3610 pertinentiis
2032 3524 2110 3591 suis.
2148 3523 2363 3591 Roboramus
2387 3538 2419 3587 55

710 3633 845 3717 insuper
867 3653 925 3716 per
946 3628 1045 3695 huius
1060 3628 1281 3715 preceptionis
1305 3625 1483 3710 decretum,
1508 3650 1570 3714 que
1586 3650 1794 3716 precessores
1818 3638 1949 3695 nostros
1967 3630 2169 3694 concessisse
2192 3627 2245 3694 vel
2262 3629 2362 3695 robo-

709 3733 823 3802 rasse‘¹
844 3735 1068 3821 cognovimus,
1102 3741 1139 3797 ut
1160 3731 1317 3797 videlicet
1345 3735 1373 3799 ei
1398 3755 1513 3800 securo
1543 3734 1644 3800 liceat
1671 3734 1843 3820 possidere
1874 3756 1986 3800 omnes
2013 3757 2076 3816 res,
2111 3754 2195 3819 quas
2220 3743 2363 3801 actenus

709 3842 794 3907 iuste
816 3838 1029 3925 legaliterque
1052 3837 1212 3924 possedit,
1237 3838 1323 3902 sicut
1345 3848 1423 3903 sunt
1445 3848 1555 3904 curtes
1579 3838 1752 3925 designate
1775 3847 1854 3925 pro‘
1877 3837 2054 3925 paginibus
2079 3838 2158 3920 suis,
2186 3838 2286 3902 sicuti
2313 3848 2363 3903 est

709 3954 801 4012 curte
824 3943 865 4009 de
888 3942 1095 4029 Gorsignauo
1111 3962 1185 4007 cum
1210 3942 1279 4007 suis
1295 3943 1511 4028 pertinentiis,
1535 3952 1627 4008 curte
1644 3942 1685 4008 de
1701 3941 1928 4009 Monteciriaci
1952 3966 2027 4009 cum
2045 3943 2112 4009 suis
2136 3944 2363 4029 pertinentiis,

709 4058 801 4114 curte
825 4048 866 4113 de
887 4048 1066 4113 Terentino
1089 4068 1164 4111 cum
1189 4046 1340 4112 omnibus
1368 4048 1573 4134 pertiuentiis
1598 4047 1676 4131 suis,
1705 4057 1798 4113 curte
1822 4047 1862 4114 de
1887 4058 2001 4113 sancta
2024 4048 2131 4113 Maria
2152 4048 2187 4111 in
2211 4045 2362 4133 Crispig·
2386 4062 2420 4112 15

709 4174 795 4219 5555
819 4174 894 4217 cum
918 4149 1069 4217 omnibus
1091 4151 1329 4237 pertinentibus
1352 4152 1421 4216 suis
1445 4160 1478 4216 et
1502 4173 1613 4217 omnes
1636 4174 1689 4217 res
1712 4151 1852 4217 mobiles
1876 4174 1935 4217 seu
1957 4150 2131 4217 inmobiles
2150 4151 2230 4235 eius,
2256 4149 2366 4238 5555Ι

707 4257 806 4325 modo
836 4255 936 4321 habet
970 4255 1152 4340 predictum
1181 4255 1417 4323 monasterium
1448 4276 1507 4321 seu
1542 4256 1674 4321 inantea
1697 4255 1779 4322 deus
1808 4255 1903 4339 i[b]i⁸
1931 4254 2068 4330 dederit,
2104 4277 2178 4321 oum
2207 4255 2364 4322 curtibus

709 4360 836 4426 cellulis
861 4360 981 4426 castris
1004 4358 1157 4425 domibus
1174 4358 1314 4425 edificiis
1337 4355 1532 4423 libellariis1¹
1555 4360 1714 4445 precariis
1737 4360 1925 4425 cartulariis
1942 4361 2066 4425 mansis
2089 4355 2230 4445 eampis¹
2254 4360 2364 4427 vineis

708 4467 811 4551 pratis
834 4464 968 4550 pascuis
991 4462 1081 4528 silvis
1105 4463 1199 4549 aquis
1223 4461 1326 4527 alveis
1348 4463 1590 4549 piseationibus
1613 4458 1843 4530 venationibus
1867 4463 2035 4530 montibus
2055 4462 2187 4550 alpibus
2211 4462 2364 4531 vallibus

704 4569 861 4656 planitiis,
878 4569 980 4635 servis
996 4578 1029 4634 et
1042 4568 1182 4652 ancillis,
1199 4568 1296 4633 aldiis
1313 4577 1346 4634 et
1360 4567 1526 4634 aldiabus.
1551 4567 1792 4635 Confirmamus
1809 4570 1908 4635 etiam
1924 4569 2031 4635 eidem
2046 4568 2173 4655 prefato
2190 4568 2363 4636 cenobiok
2386 4586 2420 4635 55

706 4674 852 4740 decimas
867 4682 900 4740 et
916 4674 1087 4761 primicias
1103 4673 1144 4740 (15
1161 4674 1228 4739 5515
1245 4675 1343 4738 terris
1360 4682 1393 4739 et
1408 4673 1672 4740 laborationibus
1689 4673 1869 4761 seeundum
1894 4674 2068 4760 privilegia
2083 4671 2367 4758 apostolicorum¹

704 4779 852 4844 Romane
870 4778 969 4843 sedis.
997 4778 1219 4863 Pracipientes
1236 4777 1369 4864 insuper
1385 4776 1547 4859 iubemus,
1570 4788 1608 4843 ut
1623 4778 1762 4843 nullus¹¹³
1785 4780 1960 4864 episcopus
1982 4775 2049 4843 dux
2072 4775 2220 4842 marchio
2244 4798 2365 4845 comes

704 4882 887 4948 vicecomes
905 4881 1117 4947 sculdasius¹¹
1139 4881 1333 4964 castaldius,
1357 4881 1450 4947 nulla
1466 4884 1593 4968 imperii
1617 4883 1723 4949 nostri
1738 4881 1873 4968 publica
1896 4882 1948 4947 vel
1965 4882 2104 4968 privata,
2128 4879 2220 4946 nulla
2235 4904 2367 4969 magna

703 4994 894 5073 parvaque⁰
916 5007 1059 5072 persona
1080 4984 1264 5072 predictum
1281 4986 1501 5052 venerabilem
1525 4987 1717 5065 locumaut
1733 5008 1940 5052 successores
1964 4984 2112 5051 eiusdem
2135 4988 2365 5071 prenominati

702 5088 857 5155 abbatis?
891 5112 950 5154 seu
972 5088 1154 5154 monachos
1185 5088 1308 5154 ibidem
1332 5090 1394 5155 deo
1419 5091 1617 5157 famulantes
1641 5090 1682 5156 de
1705 5092 1942 5176 prenominatis
1970 5088 2069 5155 rebus
2093 5087 2274 5155 mobilibus
2305 5102 2366 5158 aut
2390 5109 2424 5159 so

702 5192 915 5259 inmobilibus
932 5193 985 5260 vel
1001 5217 1036 5259 se
1052 5193 1260 5260 moventibus
1283 5194 1469 5280 inquietare
1485 5204 1543 5261 aut
1565 5194 1743 5261 molestare
1760 5217 1818 5259 seu
1842 5194 2005 5259 devestire
2022 5192 2092 5259 siue
2114 5191 2216 5279 legali
2231 5194 2364 5261 iudicio

700 5297 753 5362 vel
777 5298 975 5366 contendere
1005 5299 1127 5364 audeat
1160 5308 1219 5364 aut
1246 5299 1412 5364 teloneum
1445 5302 1514 5364 sive
1542 5299 1689 5385 aliquam
1718 5298 1886 5385 puplicam
1914 5298 2117 5363 functionem
2144 5295 2196 5362 vel
2226 5298 2366 5365 iodrum

700 5410 760 5466 aut
782 5412 934 5488 paratam
950 5405 1079 5490 exigat3
1108 5413 1159 5469 sat
1174 5403 1274 5469 liceat
1296 5402 1371 5468 illos
1388 5402 1449 5469 sub
1473 5412 1586 5468 nostra
1602 5404 1741 5469 tuitione
1765 5412 1798 5468 et
1814 5402 2004 5467 defensione
2027 5402 2137 5488 quiete
2160 5411 2194 5467 51
2216 5405 2365 5488 pacifice

700 5507 811 5572 rivere
826 5516 859 5573 et
875 5506 938 5573 deo
961 5508 994 5573 in
1011 5507 1251 5594 tranquillitate
1275 5507 1395 5573 devote
1411 5509 1537 5574 servire
1561 5518 1594 5573 et
1609 5531 1668 5594 pro
1691 5508 1788 5574 nobis
1805 5490 1974 5592 nostrique
1997 5506 2125 5593 imperii
2142 5514 2232 5572 statu
2258 5519 2366 5597 atque

699 5633 759 5697 pro
776 5612 929 5678 omnibus
946 5611 1100 5678 fidelibus
1117 5634 1255 5678 exorare
1278 5622 1406 5679 remota
1423 5614 1566 5678 omnium
1582 5612 1751 5677 hominum
1767 5611 2009 5677 molestatione.
2038 5610 2172 5677 Etcum
2188 5622 2366 5698 pastorem
2389 5630 2422 5681 (1

709 5851 714 5857 ,
777 5797 1024 5867 2155555555
1043 5801 1071 5853 A
1139 5803 1169 5867 b)
1186 5816 1257 5855 corr.
1277 5816 1331 5855 555
1350 5803 1513 5853 munasterio
1533 5802 1559 5853 A
1628 5803 1654 5866 5)
1672 5802 1800 5869 Pinguali
1813 5800 1841 5854 B
1910 5802 1937 5866 d)
1955 5803 2106 5853 concessise
2124 5800 2169 5853 vel
2188 5803 2325 5857 roborase
2339 5806 2367 5859 A

855 5871 882 5936 5)
900 5887 916 5936 p
935 5869 1005 5922 5555
1022 5869 1144 5924 Karaues
1164 5870 1289 5924 55515555
1308 5872 1334 5923 Α
1422 5872 1444 5935 1)
1463 5886 1516 5938 555
1534 5870 1585 5923 mit
1604 5869 1860 5939 Karourapsstriota
1879 5870 1940 5923 also
1958 5888 2038 5938 quam
2059 5872 2084 5923 A
2167 5872 2197 5937 g)
2215 5870 2273 5926 555
2297 5874 2365 5928 Per·

854 5939 1016 6007 55555115
1035 5940 1061 5991 A
1079 5939 1140 5993 1555
1165 5940 1241 6009 “diet
1310 5941 1339 6006 h)
1356 5940 1505 5991 tabellariis
1524 5941 1552 5992 A
1622 5940 1641 6006 i)
1659 5943 1753 6006 canpis
1772 5940 1799 5991 A
1817 5939 1869 5992 wie
1887 5938 1918 5991 iu
1937 5940 1988 5992 der
2005 5938 2143 5993 55555155
2161 5938 2240 5994 Zeila
2267 5948 2367 6013 aequis

854 6011 1022 6077 5151155515
1118 6009 1279 6075 55555115
1297 6010 1323 6062 A
1423 6011 1444 6076 1)
1461 6024 1533 6062 corr.
1553 6023 1607 6063 555
1625 6010 1804 6076 apsolicornm
1823 6010 1850 6061 A
1955 6010 1992 6075 m)
2010 6016 2041 6061 nt
2058 6008 2151 6061 nullus
2168 6011 2303 6067 sweimul
2322 6030 2366 6083 pe·

853 6076 996 6130 55551515(
1014 6077 1042 6129 A
1111 6079 1140 6145 n)
1157 6079 1341 6131 selnldaohins
1360 6079 1387 6132 A
1467 6080 1494 6145 ο)
1512 6095 1648 6147 parvaque
1665 6077 1790 6132 ausimut
1806 6077 1983 6147 yesebrs'ebers
2002 6079 2029 6131 A
2099 6079 2128 6145 p)
2140 6080 2243 6133 abluitis
2264 6084 2295 6137 A
2392 6082 2424 6134 10
