5642 7159
689 771 754 837 294
1292 775 1723 839 KAISEBURKUNDEN.

688 978 770 1029 nichil
793 979 891 1044 privati
912 979 1031 1029 muneris
1052 978 1095 1030 vel
1119 980 1226 1030 servicii
1249 994 1266 1030 a
1287 978 1409 1044 quolibet
1430 978 1489 1029 loco
1512 980 1569 1031 sive
1592 984 1666 1029 curte
1690 994 1737 1029 seu
1759 994 1777 1028 a
1798 963 1918 1028 villicis
1940 962 1992 1028 vel
2015 985 2036 1027 a
2058 972 2234 1030 cellerariism
2264 980 2351 1046 quasi

689 1099 723 1135 ex
749 1082 840 1134 debito
862 1088 890 1135 st
919 1086 1019 1134 statuto
1042 1084 1100 1147 iure
1128 1085 1220 1151 exigat
1241 1099 1276 1135 ac
1301 1084 1453 1135 mansiones
1475 1067 1527 1133 vel
1555 1084 1770 1149 pernoctationes
1792 1085 1897 1149 uspiam
1929 1084 2097 1149 frequentare
2118 1088 2223 1141 caveat.
2258 1100 2276 1133 a
2300 1083 2348 1135 Ad

687 1203 904 1254 unumquemque
926 1204 990 1239 vero
1012 1188 1109 1254 locum,
1144 1204 1222 1254 quem
1245 1188 1329 1240 abbas
1357 1188 1392 1239 ad
1413 1187 1597 1255 placitandum
1620 1187 1791 1251 ordinaverit,
1824 1204 1884 1238 oum
1906 1188 1959 1238 Xll
1988 1188 2064 1253 equis
2086 1194 2114 1240 et
2134 1187 2247 1240 totidem
2273 1188 2347 1239 viris

688 1291 835 1347 advocatus
857 1292 939 1344 semel
962 1298 1065 1343 tautum
1093 1294 1123 1343 in
1144 1308 1215 1344 anuo
1238 1276 1405 1360 adveniat,
1441 1293 1493 1343 nisi
1515 1307 1563 1357 pro
1592 1292 1684 1359 aliqua
1704 1294 1863 1344 necessitate
1886 1292 1920 1343 ab
1949 1292 2047 1343 abbate
2070 1294 2160 1359 sepius
2182 1292 2345 1356 advocetur,

688 1410 720 1447 ac
741 1401 807 1447 tnnc
827 1412 876 1462 pro
899 1380 965 1447 loci
980 1390 1132 1463 qualitaten
1154 1380 1198 1454 ab
1221 1380 1343 1447 abbate
1359 1396 1474 1451 honeste,
1492 1397 1655 1461 suscipiatur
1670 1389 1703 1446 et
1724 1401 1895 1461 procuretur,
1918 1395 1989 1447 infra
2002 1395 2090 1447 locum
2113 1400 2202 1447 antem
2224 1401 2346 1447 mona·
2371 1395 2389 1445 6

688 1486 779 1551 nterii
808 1501 913 1552 nullum
944 1502 1073 1567 placitum
1102 1503 1154 1552 nisi
1176 1506 1272 1569 rogatu
1300 1507 1328 1553 et
1354 1494 1515 1552 voluntate⁰
1543 1501 1649 1552 abbatis
1677 1514 1803 1568 umquam
1831 1506 1931 1551 statuat
1953 1517 1977 1565 s,
2011 1500 2114 1551 nullum
2143 1500 2175 1552 de
2201 1483 2345 1549 militari

638 1606 665 1655 11
688 1605 792 1656 familia
813 1607 871 1657 sine
893 1608 967 1657 insta
988 1607 1121 1658 sociorum
1145 1612 1279 1660 fluorum
1302 1606 1495 1657 deliberatione
1518 1605 1644 1671 dampnet
1666 1606 1711 1657 vel
1732 1590 1845 1677 aliqua
1867 1591 1987 1656 iniuria
2010 1606 2157 1670 cohereant,
2191 1598 2346 1657 offendatp.

688 1710 742 1772 Qui
763 1694 924 1761 militares
940 1694 994 1761 vel
1008 1694 1075 1761 alio
1098 1695 1230 1761 nomine
1245 1709 1432 1761 ministeriales
1447 1711 1547 1775 optimo
1563 1726 1580 1758 s
1593 1711 1652 1761 iure
1667 1710 1846 1775 perfruantur,
1870 1726 1923 1775 qno
1938 1710 2087 1762 Fuldeusss
2102 1693 2155 1761 vel
2169 1710 2313 1776 Augenees
2329 1726 2345 1756 ι

652 1815 666 1864 I
687 1816 840 1879 pociuntur.
884 1798 1040 1885 Amplius
1067 1815 1172 1865 nnllnm
1194 1831 1211 1864 s
1238 1815 1333 1865 domus
1361 1807 1541 1865 servientemq
1569 1816 1627 1866 sine
1654 1832 1670 1863 e
1698 1830 1829 1866 consensu
1857 1815 1963 1866 abbatis
1992 1814 2026 1865 ad
2054 1814 2185 1866 iudicium
2210 1797 2267 1864 vel
2298 1798 2345 1863 ad

687 1903 866 1990 dampnum
889 1925 977 1986 cogat.
998 1937 1014 1968 s
1037 1919 1151 1982 Quando
1174 1925 1263 1970 autem
1290 1919 1371 1969 buius
1393 1919 1526 1969 commissi
1549 1910 1765 1985 [praevaricator]
1787 1919 1831 1970 vel
1852 1921 1881 1969 in
1908 1918 2028 1969 homiues
2050 1912 2108 1968 aut
2129 1920 2158 1968 in
2180 1933 2231 1981 res,
2260 1916 2337 1983 quod
2367 1918 2403 1966 10

685 2023 768 2091 vulgo
790 2023 914 2075 balmnut
936 2023 1043 2087 dicitnr,
1066 2024 1205 2086 exstiterit,
1228 2024 1318 2073 statim
1339 2038 1356 2072 s
1378 2024 1435 2075 sine
1458 2038 1533 2075 mora
1554 2028 1581 2074 et
1603 2024 1659 2075 siue
1681 2023 1838 2088 preiudicio,
1865 2023 1918 2073 nisi
1940 2024 1994 2073 cito
2016 2022 2166 2088 resipuerit,
2194 2020 2344 2073 advocatia

685 2146 746 2180 cnm
769 2129 893 2180 omnibns
916 2127 1061 2179 commodis
1084 2130 1142 2179 sino
1164 2144 1212 2193 spe
1234 2129 1445 2194 recuperationis
1468 2129 1577 2179 carebit
1611 2145 1628 2177 s
1649 2129 1685 2178 Et
1707 2134 1738 2178 ut
1765 2128 1814 2179 lrec
1836 2127 1938 2178 firmius
1961 2127 2103 2178 credantur
2131 2131 2159 2177 et
2181 2126 2342 2193 diligentins

686 2238 887 2296 conserventur,
910 2248 992 2284 mann
1013 2234 1123 2299 propria
1145 2233 1237 2283 subter
1258 2232 1424 2283 firmavimus
1447 2238 1474 2283 et
1495 2233 1577 2283 anulo
1599 2238 1690 2284 nostro
1713 2234 1835 2300 insigniri
1857 2233 1993 2283 iussimus.

789 2358 863 2444 Ego
887 2376 1044 2441 Liutpertus
1066 2354 1210 2440 recognovi
1234 2372 1465 2437 archicapellanus
1488 2378 1515 2423 et
1538 2374 1693 2439 subscripsi.

789 2515 861 2564 Data
883 2530 953 2565 anno
977 2531 994 2563 s
1016 2516 1208 2565 incarnationis
1230 2514 1331 2565 domini
1354 2498 1647 2584 septingentesimo
1672 2497 1879 2584 sexagesimo
1903 2514 1956 2577 1x3
1994 2515 2082 2562 sctum
2104 2494 2279 2580 Mogontia
2305 2493 2341 2559 in
2369 2509 2404 2558 ro

686 2610 919 2687 pentecostem
943 2602 1053 2669 iudei
1076 2604 1207 2669 nomine
1230 2619 1344 2669 feliciter
1367 2633 1454 2668 amen.

1465 2911 1554 2985 220.

1421 3069 1602 3148 (Unccbt.)

684 3211 780 3283 Korl
806 3212 870 3282 dcr
902 3209 1029 3282 Groesc
1055 3211 1194 3283 sclrcnlct
1221 3213 1299 3283 dem
1325 3212 1358 3282 lt.
1387 3209 1592 3283 Alexander
1619 3211 1922 3307 (Otloheorcrt)
1950 3211 2058 3301 swdlf
2078 3210 2237 3283 Metu-ner
2274 3212 2344 3283 orit

692 3333 801 3421 Weilr,
828 3334 932 3407 Kind
956 3336 1031 3407 cod
1057 3334 1178 3407 Besits
1204 3334 1306 3407 seroie
1331 3336 1399 3405 dcc
1427 3334 1583 3405 Zcbnton
1610 3357 1675 3407 oco
1702 3336 1769 3407 dcc
1789 3334 2060 3427 Fiscolpcs'cillco
2087 3334 2137 3404 im
2162 3332 2340 3423 lllcrpou.
2366 3354 2406 3403 so

2076 3502 2295 3515 -——

790 3664 895 3724 curos.
916 3664 1155 3725 Ottmhuroaom
1177 3683 1234 3725 oua
1257 3665 1323 3724 dem
1338 3665 1426 3724 Endc
1449 3665 1499 3725 des
1522 3668 1574 3726 12.
1591 3664 1617 3725 J
1616 3666 1644 3725 h.
1662 3662 1687 3737 f.
1704 3657 1733 3725 6'
1756 3665 1799 3723 im
1813 3664 2022 3724 Reichearcbt'c
2042 3681 2084 3722 su
2098 3661 2251 3721 Mdncbcn
2271 3660 2340 3740 (B).

786 3804 921 3861 Kbomm
943 3803 1124 3862 Hierorobic
1146 3802 1328 3876 Auoosrma
1349 3806 1380 3874 3,
1403 3805 1478 3863 326.
1508 3835 1551 3846 -
1573 3804 1767 3877 Fcycrahcnd
1789 3803 1978 3864 Jotroecter
2002 3802 2193 3863 Ottohetrreas
2218 3807 2247 3871 1,
2273 3803 2339 3862 621

786 3914 821 3966 n⁰
840 3912 862 3967 3
884 3924 941 3966 oue
964 3908 1001 3965 B.
1032 3940 1075 3950 -
1097 3907 1179 3968 Mon.
1203 3907 1298 3965 Boios
1319 3911 1388 3977 31⁰,
1419 3910 1551 3967 102104
1575 3924 1611 3966 cn
1638 3908 1701 3969 coll.
1721 3907 1825 3982 privil.
1853 3906 1947 3967 onos.
1970 3924 1995 3967 s.
2021 3903 2105 3965 XVI
2123 3905 2192 3983 (aus
2215 3902 2268 3981 B).
2295 3938 2341 3948 -

787 4010 927 4073 Steichelc
949 4009 1060 4070 Archiv
1088 4009 1112 4083 f,
1140 4010 1243 4072 Gcsclr.
1266 4010 1295 4073 d.
1319 4011 1417 4096 Bistlr.
1441 4010 1603 4085 sussum
1624 4014 1655 4083 2,
1684 4014 1726 4071 14
1753 4028 1809 4071 aas
1832 4011 1870 4072 B.
1909 4043 1945 4056 -
1981 4009 2025 4071 M.
2052 4010 2087 4070 6.
2111 4008 2167 4070 SS.
2191 4012 2245 4080 23,
2269 4011 2338 4069 614
2363 4024 2402 4071 ss

786 4132 843 4173 oue
866 4114 905 4174 B.
929 4146 972 4156 -
995 4113 1190 4173 Mdlrlhochcr
1205 4115 1278 4188 Res.
1302 4117 1367 4175 492
1390 4114 1491 4193 (477).

788 4254 873 4314 Noch
902 4254 958 4312 den
985 4252 1180 4312 contaedere
1210 4253 1329 4313 Worten
1358 4253 1408 4312 dee
1433 4251 1626 4313 Chronistcn:
1670 4254 1715 4314 He
1738 4258 1806 4314 sunt
1835 4254 2013 4325 donationes,
2045 4252 2149 4330 quibus
2176 4251 2341 4327 imperator

787 4359 911 4418 Karolns
940 4358 1171 4418 Ontenburreuee
1205 4358 1409 4432 monasterinm
1440 4356 1546 4418 ditavit
1573 4362 1602 4419 et
1630 4376 1681 4435 per
1714 4376 1816 4419 manns
1845 4358 2028 4419 fundatorum
2064 4359 2130 4417 dato
2158 4373 2213 4432 quo
2243 4372 2340 4432 snpra

786 4461 938 4540 privilegio
961 4461 1094 4540 primitus
1117 4462 1281 4521 transmisit
1300 4462 1356 4536 yilt
1379 4462 1457 4521 cuch
1480 4459 1536 4534 fair
1558 4463 1639 4523 disse
1661 4463 1803 4524 Urltundc
1828 4464 1875 4522 die
1889 4464 2045 4537 Dotirunp
2067 4480 2124 4522 ooo
2145 4468 2179 4519 n⁰
2192 4464 2267 4522 219.
2294 4494 2340 4505 —

785 4566 955 4641 decbunp
982 4583 1039 4624 aus
1062 4566 1116 4623 der
1142 4570 1239 4625 ersten
1261 4563 1373 4638 Halfte
1401 4566 1452 4626 des
1475 4570 1527 4627 12.
1551 4566 1605 4628 le.
1628 4569 1702 4627 ohne
1730 4569 1806 4627 echte
1833 4567 1971 4642 Vorlo9c;
2016 4568 2063 4626 dic
2085 4566 2259 4639 Schmhsno
2281 4565 2337 4625 des
2361 4582 2401 4632 ³0

787 4672 918 4730 Zebaten
947 4687 1011 4729 com
1034 4669 1173 4744 Illcrpoo
1201 4670 1297 4729 durch
1318 4670 1399 4729 Korl
1422 4669 1451 4730 6.
1479 4669 1532 4730 Gr.
1558 4671 1634 4730 wird
1663 4672 1769 4732 hereite
1791 4675 1824 4731 in
1853 4673 1905 4732 der
1932 4690 1983 4732 vor
2005 4674 2089 4733 1115
2112 4669 2339 4745 onpcfcrts'pterr

791 4774 933 4836 Urkundc
960 4774 1041 4834 Ottcs
1060 4774 1078 4832 1
1100 4774 1145 4832 M.
1167 4774 1203 4833 G.
1220 4773 1292 4836 DD.
1315 4779 1345 4846 1,
1371 4778 1434 4835 613
1457 4780 1491 4833 n⁰
1506 4776 1568 4835 163
1591 4775 1655 4834 und
1683 4777 1717 4835 is
1739 4777 1829 4835 deren
1852 4778 2029 4837 crweitcrter
2050 4776 2191 4849 suessae
2213 4774 2234 4836 1.
2253 4792 2275 4835 c.
2303 4778 2338 4849 2,

787 4885 852 4943 882
872 4887 907 4940 n⁰
921 4883 1003 4940 423α
1027 4880 1159 4939 amabat
1181 4880 1237 4955 opi.
1261 4880 1497 4956 Mitthcilunpen
1520 4881 1570 4941 dee
1593 4880 1734 4942 Instituta
1756 4879 1781 4953 s.
1804 4884 1857 4943 det.
1886 4881 1952 4943 ΘΕ.
1975 4885 2028 4953 21,
2053 4884 2105 4943 99.

786 5070 858 5154 Ego
873 5068 1019 5135 Karolns
1046 5067 1177 5153 [gratis]
1201 5067 1254 5133 dei
1273 5068 1498 5135 Romanorum
1521 5071 1701 5156 imperator
1723 5068 1777 5135 die
1800 5072 1944 5158 presenti
1968 5068 2011 5134 sd
2034 5069 2197 5155 prefatum
2221 5088 2336 5133 mona·

683 5174 818 5240 sterium
840 5197 899 5261 per
925 5195 1043 5239 manus
1068 5171 1261 5258 Gauciperti
1290 5174 1436 5259 episcopi
1460 5182 1492 5238 et
1514 5172 1653 5239 Totonis
1683 5173 1826 5257 abbatis,
1861 5175 1972 5239 fratris
2001 5172 2158 5255 eiusdem,
2192 5195 2235 5237 ex
2257 5192 2337 5238 mea
2361 5190 2400 5241 ³5

682 5279 883 5365 proprietate
899 5279 988 5344 viros
1012 5276 1187 5344 duodecim
1204 5298 1279 5342 cum
1302 5278 1465 5344 uxoribus
1489 5286 1522 5343 ct
1536 5276 1648 5343 liberis
1672 5300 1711 5343 ao
1728 5288 1800 5345 tota
1823 5279 2033 5365 possessione
2057 5299 2118 5342 sna
2141 5296 2200 5363 pro
2223 5276 2337 5341 anime

682 5407 754 5450 mee
777 5383 884 5449 salute
907 5384 969 5450 deo
994 5392 1027 5449 et
1046 5381 1146 5448 besto
1170 5382 1297 5448 martiri
1313 5381 1517 5466 Alexandro,
1544 5384 1641 5449 sicuti
1665 5406 1708 5450 ex
1730 5382 1931 5449 hereditario
1954 5382 2026 5448 iure
2048 5381 2213 5468 possideo,
2236 5380 2336 5447 trado

680 5488 913 5555 nichilominus
937 5497 971 5554 et
993 5485 1200 5569 transfundo,
1235 5510 1275 5552 ea
1297 5486 1453 5554 videlicet
1475 5488 1668 5554 condicione
1700 5496 1738 5553 nt
1769 5512 1811 5554 ex
1833 5486 1886 5552 his
1917 5487 1972 5573 qui
2004 5486 2145 5553 obierint
2174 5486 2337 5571 optimum

681 5602 810 5658 tantum
833 5592 965 5677 bonnm,
1001 5592 1090 5678 quod
1111 5591 1146 5655 in
1173 5590 1350 5657 mobilibus
1384 5591 1485 5657 rebus
1507 5590 1692 5674 habuerint,
1729 5592 1842 5658 abbati
1872 5602 1905 5657 et
1931 5582 2088 5657 fratribus
2118 5590 2237 5678 prefati
2267 5590 2336 5657 loci

681 5699 786 5782 detur,
810 5706 921 5762 cetera
935 5694 1129 5778 heredibns3
1153 5695 1281 5760 sivero
1305 5694 1432 5782 absque
1451 5694 1571 5761 herede
1594 5694 1744 5781 obierint,
1767 5695 1885 5784 predia
1900 5694 1952 5762 vel
1976 5692 2136 5781 quidquid
2156 5692 2336 5763 habuerint
2360 5716 2399 5767 40

757 5885 817 5942 210.
836 5886 873 5952 m)
890 5901 937 5938 om
954 5884 1044 5940 Rusd
1064 5900 1118 5938 oosr
1136 5883 1279 5938 dereelhm
1296 5883 1387 5938 Hasd
1412 5884 1458 5938 dis
1478 5883 1576 5939 Glossc
1593 5884 1636 5939 M.
1658 5885 1691 5939 G.
1710 5884 1760 5940 SS.
1778 5887 1825 5949 23,
1846 5886 1898 5938 613
1917 5883 1987 5937 ΝΑ*
2073 5884 2103 5949 u)
2138 5886 2286 5937 usualitate
2307 5886 2335 5939 B

835 5956 863 6021 o)
879 5954 971 6009 durch
986 5953 1291 6024 Vcrwes'esrrpssciclres
1302 5968 1374 6008 corr.
1387 5970 1442 6008 osa
1453 5955 1594 6006 voluntate
1612 5964 1639 6007 et
1650 5962 1747 6023 rogatu
1817 5952 1893 6078 ppgis
1911 5952 1962 6007 der
1978 5952 2111 6008 Urkunds
2151 5953 2292 6008 ricdriche
2308 5956 2335 6011 1.

834 6024 913 6078 Mos.
932 6024 1022 6078 Bos'oo
1039 6026 1102 6087 29⁶,
1120 6026 1187 6077 401:
1212 6023 1258 6075 vel
1275 6023 1366 6091 aliqua
1384 6026 1483 6076 iniuria
1501 6025 1618 6075 offendat
1721 6024 1749 6093 q)
1766 6039 1812 6076 om
1858 6022 1918 6077 arrd
1941 6038 1994 6077 cort
2013 6020 2154 6077 dcrsclben
2173 6022 2265 6078 Horrd
2283 6022 2337 6081 die

838 6093 936 6148 Gloesc
955 6093 998 6147 M.
1020 6093 1053 6146 G.
1073 6092 1122 6147 SS.
1141 6094 1187 6160 23,
1205 6095 1259 6146 613
1276 6090 1371 6147 ΝΜ.
