5642 7159
714 780 780 844 424
1307 785 1744 845 Ksrsnsossunonrt.

712 964 856 1056 presenti
871 978 1068 1035 testamento
1091 969 1164 1034 iura
1182 969 1308 1053 damus,
1332 969 1439 1036 nevel
1463 967 1550 1056 ipsih
1572 969 1626 1035 vel
1641 972 1764 1056 posteri
1788 991 1900 1035 eornm
1918 972 2042 1036 iniusta
2065 971 2235 1036 servitute
2263 970 2384 1055 oppri-

714 1084 844 1141 mantur
865 1073 916 1140 vel
939 1071 1138 1139 indebitum¹
1160 1074 1336 1139 servicium
1357 1075 1491 1140 minime
1515 1074 1646 1140 solvant
1668 1074 1813 1140 ecclesie.
1855 1074 1960 1160 Igitur
1983 1074 2144 1162 quosdam
2171 1097 2219 1139 ex
2244 1073 2322 1139 illis
2347 1073 2384 1138 in

713 1180 928 1245 cottidianum
952 1178 1128 1244 servicium
1155 1187 1397 1263 computamus,
1433 1179 1489 1263 qui
1520 1179 1658 1264 singulis
1683 1175 1944 1244 ebdomadibusk
1974 1200 2040 1244 una
2070 1177 2124 1243 die
2156 1178 2193 1242 in
2223 1175 2384 1242 ecclesia

710 1283 906 1348 ministrent.
931 1282 996 1363 Qui
1019 1305 1096 1347 vero
1122 1267 1297 1347 servicium
1320 1282 1447 1349 solvere
1469 1279 1634 1365 noluerit¹,
1658 1283 1775 1368 viginti
1791 1283 1945 1349 denarios
1970 1283 2108 1373 ecclesie
2126 1282 2247 1347 solvat
2274 1283 2383 1348 etsie

711 1409 914 1473 perannum
936 1411 957 1452 a
981 1388 1138 1453 servitute
1161 1386 1244 1453 liber
1266 1387 1389 1452 existet
1411 1396 1552 1473 excepta
1579 1387 1751 1453 vehicione
1783 1387 1851 1452 vini
1880 1396 1913 1453 et
1939 1387 2091 1452 frumenti
2125 1385 2422 1473 undecumqust

710 1491 742 1555 in
766 1514 846 1556 usus
869 1491 1006 1556 fratrum
1029 1512 1207 1577 eorumque
1228 1491 1422 1577 portacione
1444 1493 1477 1556 in
1500 1493 1689 1576 granarium
1713 1498 1840 1576 atquem
1863 1489 2040 1556 cellerium.
2067 1491 2209 1555 Femina
2227 1511 2318 1554 vero
2343 1490 2380 1554 in

710 1594 884 1681 principali
906 1595 979 1661 loco
1003 1597 1053 1660 sui
1076 1596 1157 1660 iuris
1179 1604 1349 1661 monentes
1372 1604 1440 1660 tres
1464 1594 1617 1660 denarios
1641 1595 1781 1678 solvant,
1812 1595 1896 1661 alies
1918 1619 1995 1661 vero
2020 1595 2180 1682 degentes
2205 1593 2378 1660 solidum.

711 1700 745 1766 Si
762 1709 872 1765 eutem
887 1703 938 1765 vir
952 1709 1102 1765 mortuus
1118 1700 1226 1783 fuerit,
1249 1701 1381 1785 gemina
1396 1721 1475 1786 pers
1500 1699 1689 1765 substancie
1705 1701 1776 1765 eius
1799 1700 1832 1764 in
1848 1722 1927 1764 usus
1950 1698 2089 1765 ecclesie
2106 1700 2236 1782 veniat,
2265 1701 2378 1765 tercia

709 1815 803 1891 parte
827 1805 923 1871 uxori
946 1813 979 1870 et
1001 1802 1078 1869 filiis
1101 1806 1171 1869 eius
1194 1814 1401 1886 remanente,
1425 1805 1453 1867 si
1476 1804 1609 1878 femina,
1633 1806 1737 1870 tercia
1760 1825 1837 1891 pers
1861 1801 2000 1869 ecclesie
2016 1803 2177 1868 solvatur.
2206 1803 2282 1885 Qui
2299 1805 2377 1869 sine

708 1910 828 1977 herede
851 1920 999 1976 mortuus
1023 1909 1130 1988 fuerit,
1155 1906 1297 1973 ecclesia
1320 1907 1509 1972 substancie
1532 1907 1618 1972 illi-us
1641 1906 1737 1973 heres
1754 1909 1825 1973 erit.
1854 1907 1907 1973 Illi
1923 1929 2010 1992 vero,
2034 1907 2090 1994 qui
2106 1907 2294 1973 censuales
2311 1931 2377 1992 per
2401 1924 2433 1972 ιο

708 2025 792 2081 nos¹¹
815 2015 894 2079 facti
918 2023 995 2078 sunt
1018 2014 1087 2078 sive
1110 2013 1161 2076 vir
1184 2013 1252 2076 sive
1282 2011 1407 2095 mulier,
1443 2013 1585 2098 quinque
1614 2011 1766 2077 denarios
1789 2013 1823 2076 in
1851 2013 2081 2098 assumpcione
2111 2021 2233 2076 sancte
2259 2011 2376 2077 Marie

709 2120 857 2202 solvant,
880 2127 915 2184 et
937 2117 964 2182 si
989 2118 1062 2203 quis
1086 2139 1144 2202 per
1168 2117 1363 2181 triennium⁰
1384 2115 1485 2180 talem
1509 2135 1643 2181 censum
1666 2138 1732 2181 non
1756 2114 1982 2200 persolvente,
2005 2115 2186 2181 cottidiano
2207 2116 2374 2181 servituti

709 2235 742 2289 et
764 2225 826 2288 iuri
851 2219 1044 2287 subiacebit.
1083 2221 1135 2285 De
1157 2222 1227 2284 viro
1251 2228 1403 2284 mortuo‘¹
1427 2221 1585 2305 optimum
1608 2220 1799 2303 iumentum,
1829 2221 1855 2285 si
1880 2218 1989 2302 babet,
2020 2222 2069 2285 sin
2091 2227 2218 2303 autem,
2246 2219 2374 2284 melius

709 2329 940 2393 vestimentum
963 2325 1032 2390 eius
1056 2324 1197 2389 ecclesia
1220 2322 1373 2407 babebit;
1410 2324 1532 2389 femine
1555 2325 1738 2410 preciosius
1768 2324 1998 2390 vestimentum
2022 2323 2121 2388 dabit.
2170 2323 2242 2404 Qui
2269 2335 2375 2389 extra

709 2431 867 2496 familiam
884 2429 1023 2496 ecclesie
1038 2429 1195 2514 nupserit,
1220 2429 1351 2514 gemine
1365 2450 1444 2514 pers
1462 2427 1650 2494 substancie
1667 2429 1736 2493 eius
1760 2427 1898 2494 ecclesie
1915 2429 1987 2494 erit.
2009 2429 2231 2493 Mansionarii
2250 2439 2371 2494 antem
2398 2447 2428 2493 ro

710 2545 869 2603 statutum
893 2535 1068 2600 servicium
1091 2543 1130 2607 et,
1146 2555 1281 2598 censum
1304 2533 1345 2598 de
1368 2532 1457 2597 huba
1481 2554 1541 2597 sua
1564 2532 1719 2598 solvant‘.
1745 2529 1810 2611 Qui
1827 2531 1948 2597 hubam
1971 2531 2096 2597 babens
2113 2541 2146 2596 et
2171 2530 2205 2596 in
2224 2535 2375 2619 propria

709 2641 792 2705 curti
821 2647 936 2704 contra
966 2637 1168 2703 voluntatem
1191 2635 1324 2701 abbatis
1353 2636 1471 2702 sedens
1501 2645 1648 2701 mortuus
1678 2636 1786 2718 fuerit,
1821 2635 1886 2700 due
1914 2644 2026 2721 partes
2061 2633 2264 2700 substancie
2295 2636 2373 2701 eins
2402 2649 2403 2652 ’

708 2744 846 2810 ecclesie
869 2751 973 2808 erunt.
997 2740 1061 2822 Qui
1085 2740 1276 2807 censualem
1300 2740 1434 2806 duxerit
1455 2761 1594 2807 uxorem
1617 2740 1686 2806 sive
1709 2750 1913 2823 extraneam,
1937 2741 1997 2805 filii
2012 2741 2082 2805 eins
2104 2739 2252 2806 heredes
2278 2741 2375 2807 bube

708 2870 773 2914 non
797 2857 893 2913 erunt
914 2858 948 2912 et
969 2846 1042 2910 ideo
1070 2855 1200 2911 mortuo
1224 2868 1263 2912 eo
1292 2846 1425 2930 gemina
1446 2867 1523 2930 pars
1554 2843 1744 2910 substanoie
1767 2847 1837 2910 eius
1866 2845 2007 2910 ecclesie
2030 2844 2187 2910 solvetur.
2240 2847 2312 2928 Qui
2338 2849 2375 2913 in

706 2952 797 3018 bnba
819 2960 966 3017 mortuus
989 2950 1097 3031 fuerit,
1127 2951 1285 3034 optimum
1308 2951 1491 3014 iumentum
1514 2951 1605 3014 eius‘
1628 2970 1701 3013 eum
1725 2948 1845 3014 vestitu
1869 2949 2027 3036 superiori
2052 2947 2197 3014 ecclesie
2222 2949 2376 3017 habebit
2398 2969 2431 3018 ιο

706 3066 739 3122 et
761 3055 848 3121 filius
871 3057 942 3119 eius
957 3052 1052 3118 heres
1074 3051 1161 3118 hube
1177 3053 1247 3117 erit.
1271 3053 1518 3119 Mansionarius
1534 3051 1657 3117 hubam
1679 3073 1746 3116 non
1768 3051 1895 3118 babens
1918 3053 2033 3138 viginti
2057 3051 2217 3117 denarios
2243 3053 2375 3140 solvat,

705 3160 828 3225 femina
843 3166 973 3223 autem·
990 3156 1141 3222 solidum.
1166 3155 1201 3222 Si
1217 3164 1328 3220 autem
1340 3157 1525 3242 contigerit,
1543 3157 1631 3242 quod
1643 3157 1744 3223 alium
1760 3157 1958 3222 advocatum
1972 3179 2069 3243 quem
2086 3179 2150 3222 nos
2167 3157 2377 3248 liberosque

704 3274 837 3328 nostros
860 3261 1002 3328 ecclesia
1022 3262 1090 3326 iam
1112 3260 1284 3339 nominata
1307 3259 1468 3345 habuerit,
1499 3262 1636 3348 quilibet
1657 3263 1803 3328 virorum
1826 3262 1971 3328 modium
1995 3264 2040 3327 ei‘
2063 3260 2176 3328 solvat
2197 3286 2318 3332 avene
2343 3277 2379 3332 et

705 3377 771 3433 tres
795 3368 947 3433 denarios
970 3374 1004 3430 et
1027 3366 1054 3430 si
1073 3364 1152 3451 quid
1174 3365 1315 3451 emplius
1331 3364 1490 3449 dederint,
1514 3368 1619 3452 magis
1642 3369 1756 3453 rapine
1773 3389 1871 3452 quam
1895 3367 2022 3432 iusticie
2038 3366 2274 3452 reputabitur.
2300 3373 2379 3437 Ista

703 3494 793 3554 vero,
826 3492 933 3556 quea
954 3469 1048 3535 nobis
1076 3468 1325 3535 racionabiliter
1347 3469 1499 3534 ordinata
1524 3479 1610 3551 sunt,
1644 3480 1680 3534 ut
1702 3470 1744 3535 ab
1769 3470 1920 3536 omnibus
1948 3469 2100 3536 fidelibus
2123 3475 2263 3538 nostris
2298 3500 2376 3542 suc·
2403 3493 2436 3540 ro

705 3575 894 3641 sessoribus
910 3597 969 3660 per
983 3574 1094 3638 futura
1110 3583 1259 3658 tempora
1274 3573 1423 3640 firmius¹²
1441 3574 1679 3640 observentur*
1701 3577 1876 3662 veriusque
1893 3575 2078 3655 credantur,
2103 3596 2211 3640 menn
2230 3583 2382 3666 propria

706 3680 818 3745 subter
841 3700 913 3744 eam
935 3679 1139 3743 firmavimus
1162 3687 1195 3742 et
1217 3677 1306 3742 anuli
1330 3679 1434 3743 nostri
1457 3679 1672 3764 impressione
1697 3679 1819 3764 signari
1842 3680 2009 3744 iussimus.

807 3820 893 3882 Acta
917 3826 993 3882 sunt
1009 3816 1068 3881 hec
1083 3837 1169 3881 anno
1187 3815 1352 3880 dominice
1373 3816 1615 3882 incarnacionis
1632 3833 1782 3900 ncccxn,
1806 3817 1985 3882 indictione
2001 3816 2125 3902 quinta,
2154 3839 2254 3885 anno
2279 3826 2382 3908 regni

702 3923 807 3987 nostri
830 3939 905 3986 1111.

807 4043 945 4130 Signum
968 4043 1085 4109 Karoli
1108 4043 1242 4128 gloriosi
1264 4044 1391 4128 regis'.
2407 4066 2440 4114 3ο

805 4168 892 4232 Acta
915 4173 991 4230 sunt
1013 4163 1075 4228 bec
1097 4164 1130 4227 in
1153 4163 1293 4229 ecclesia
1316 4164 1603 4230 Newenstatensi¹
1626 4164 1766 4229 feliciter
1789 4172 1917 4228 amen5.

1482 4386 1568 4462 284.

1435 4529 1615 4608 (nascer.)

702 4676 798 4746 Karl
817 4677 881 4746 der
905 4671 1032 4746 orosse
1053 4673 1209 4763 bostcttipt
1223 4675 1308 4745 dem
1328 4672 1472 4743 Kloster
1498 4671 1554 4741 St.
1584 4670 1707 4741 Remi
1734 4671 1772 4741 ιἰι
1793 4670 1916 4742 licimo
1937 4672 1991 4742 dic
2012 4669 2232 4765 Scheukunp
2256 4679 2387 4752 scisses·

702 4797 829 4867 Nicbte
849 4794 1037 4866 Momiona
1062 4818 1106 4865 su
1134 4795 1241 4886 Sipuy
1267 4796 1342 4866 uod
1368 4795 1436 4865 deo
1462 4816 1538 4864 vom
1564 4791 1700 4879 Grosco
1721 4789 1918 4882 Aepolbert,
1947 4792 2075 4862 scissem
2104 4789 2383 4886 Verroandten,
2408 4825 2441 4871 ss

700 4916 882 5008 oorpobtco
908 4917 1015 4987 Feret
1049 4915 1201 5001 Woc'ore,
1238 4915 1352 4985 hister
1384 4915 1440 4984 eiu
1468 4913 1686 4983 tofiserliclrcs
1713 4909 1842 4997 Leinon,
1877 4918 2004 4983 sommi
2037 4913 2105 4982 deo
2137 4913 2384 5008 kduipliclaen

706 5040 981 5112 Gereolaetsumcu.

1915 5120 2037 5178 Lsittielr
2060 5121 2125 5178 813
2153 5121 2248 5183 June‘
2275 5131 2335 5188 30.

804 5299 1047 5372 enecatarum
1070 5297 1136 5356 desa
1161 5294 1286 5370 Anfonq
1310 5297 1361 5354 des
1384 5299 1436 5356 13.
1462 5295 1514 5356 ιΠι.
1534 5311 1567 5366 p.
1591 5298 1656 5355 108
1678 5297 1719 5351 im
1743 5292 1931 5354 Stadtorclric
1951 5309 1992 5350 ea
2013 5291 2116 5350 Reims
2143 5290 2221 5372 (B).

801 5423 915 5481 Marlot
930 5421 1059 5494 Metrop.
1072 5420 1227 5478 Remenois
1243 5419 1310 5476 bist.
1324 5422 1354 5487 1,
1371 5419 1433 5477 321
1452 5433 1487 5474 ec
1501 5433 1555 5474 ms.
1569 5415 1630 5473 cod.
1645 5431 1722 5473 coen.
1735 5411 1799 5490 (B).
1818 5445 1857 5456 -
1874 5412 2069 5472 Molalbocher
2082 5411 2161 5484 seq.
2178 5418 2251 5478 479
2268 5419 2381 5500 (466),
2407 5438 2441 5486 40

773 5608 833 5664 283.
853 5608 882 5676 b)
898 5608 942 5660 vel
962 5609 1014 5673 ipsi
1033 5606 1064 5658 ιἰι
1082 5605 1112 5659 D
1130 5603 1182 5657 ma't
1204 5602 1507 5672 Veraoeisunpszeicben
1525 5617 1571 5654 om
1589 5599 1677 5654 Roud
1695 5613 1749 5654 ocra
1768 5598 1908 5652 desselben
1928 5597 2019 5650 Hand
2037 5596 2265 5671 ncolrpetrcpesa

851 5679 871 5742 i)
888 5680 917 5728 in
935 5678 1053 5727 debitum
1072 5674 1110 5738 D,
1129 5673 1291 5727 debitumG
1392 5673 1422 5738 k)
1441 5671 1595 5722 ebdomadis
1615 5669 1638 5724 0
1739 5669 1759 5736 l)
1786 5670 1902 5719 voluerit
1921 5666 1956 5721 0²
1975 5665 2009 5720 (5³
2113 5668 2154 5734 m)
2175 5680 2206 5722 et
2227 5673 2264 5726 D

851 5746 880 5811 n)
897 5763 945 5813 per
963 5762 1012 5797 nos
1030 5745 1170 5796 censuales
1189 5742 1219 5795 D
1307 5743 1334 5808 o)
1351 5744 1480 5793 trinninm
1499 5739 1529 5793 D
1616 5741 1644 5806 p)
1661 5740 1773 5791 solverit
1790 5738 1820 5792 D
1891 5737 1918 5804 q)
1935 5733 2042 5789 voroO
2108 5738 2132 5799 r)
2154 5742 2257 5795 solvet
2281 5746 2308 5800 0

850 5820 874 5880 s)
891 5816 961 5880 fehlt
979 5814 1009 5867 D
1096 5815 1118 5878 t)
1136 5814 1251 5880 quilibet
1269 5815 1294 5864 oi
1312 5815 1428 5863 virorum
1447 5811 1564 5860 modium
1584 5809 1613 5862 D
1700 5808 1728 5873 ιι)
1746 5808 1860 5858 fideliter
1878 5806 1908 5859 D
2000 5806 2028 5871 v)
2045 5805 2213 5862 observetur
2235 5813 2264 5866 0

850 5887 884 5951 ιι)
902 5884 948 5936 die
967 5881 1150 5952 Sipuumzeile
1168 5881 1238 5945 fehlt
1256 5881 1287 5933 ιἰι
1305 5881 1335 5934 D
1439 5881 1465 5940 x)
1483 5879 1514 5930 ιἰι
1533 5879 1610 5930 einer
1628 5881 1707 5930 sonet
1724 5891 1798 5944 parta
1816 5873 1991 5944 belonplooert
2008 5873 2161 5954 dbscbrs'ft
2184 5879 2239 5933 des
2262 5889 2313 5940 18,
2328 5889 2380 5944 Jh·
2404 5889 2438 5939 45

849 5954 880 6006 ia
901 5953 955 6006 GL.
975 5956 1076 6006 1268&
1093 5951 1114 6017 f.
1133 5955 1152 6003 8
1169 5952 1201 6001 ira
1220 5950 1269 6002 der
1286 5947 1575 6002 Nationalbibliotbel·
1592 5962 1628 6000 eu
1646 5946 1732 5998 Poris
1750 5944 1821 6012 solut
1846 5942 2127 6008 sarracenescum
2147 5946 2382 6020 Nomcnssorm

849 6024 1047 6088 Nsostadicnsi)
1073 6022 1127 6073 dos
1154 6020 1468 6085 Nomessmouoqromm
1496 6017 1594 6082 Koris,
1621 6015 1706 6085 pleicb
1720 6013 1813 6081 jessem
1830 6029 1883 6066 oon
1900 6025 1933 6065 ιιι
1947 6016 2004 6068 252
2022 6012 2054 6066 in
2071 6011 2099 6066 B
2194 6021 2227 6086 y)
2249 6024 2382 6080 feliciter

850 6109 928 6145 amen
947 6092 1016 6156 sebit
1034 6091 1063 6143 C.
