5642 7159
1275 781 1708 842 KAISERURKUNDEN.

1458 968 1544 1044 1811.

669 1134 766 1205 Korl
792 1135 855 1205 der
886 1131 1014 1205 crasse
1048 1131 1205 1223 hostilico
1237 1132 1315 1203 dem
1342 1128 1488 1203 Kloster
1514 1127 1796 1200 Ecbterooolc
1830 1128 1886 1200 die
1918 1149 1985 1198 oon
2019 1126 2147 1197 scissem
2175 1125 2322 1198 Bruder

669 1254 874 1325 Korlmonn
896 1254 1119 1344 poscuerit-ten
1147 1253 1262 1324 Vilico
1282 1251 1390 1325 Dreis
1417 1255 1492 1324 sind
1516 1249 1711 1364 Ocsflinpcn
1731 1252 1780 1321 im
1807 1251 1962 1341 Bidpuu,
1989 1249 2053 1338 fiir
2079 1252 2135 1322 dic
2161 1273 2197 1321 ea
2222 1250 2321 1320 locine

668 1375 1051 1466 &Mnkunpsurkuude
1077 1376 1233 1447 erbultcc
1261 1374 1364 1446 licito.

1888 1473 1963 1559 [aas
1986 1476 2057 1535 oser
2081 1471 2275 1556 res-rori
2345 1483 2361 1530 s

776 1671 856 1729 Zsoes'
876 1668 1072 1742 Absclrrs'ftcn
1093 1688 1150 1728 voss
1172 1671 1322 1730 derselbess
1345 1671 1439 1730 Hand
1465 1672 1507 1729 im
1530 1671 1624 1730 Isibcr
1645 1687 1757 1729 oureus
1780 1669 1906 1742 Eptern.
1930 1685 1987 1727 uus
2011 1667 2064 1726 der
2092 1670 2190 1725 ersten
2212 1663 2320 1737 Hdlste

772 1775 822 1834 dea
845 1778 898 1835 13.
922 1775 977 1836 Ji.
1002 1774 1026 1846 f.
1051 1767 1103 1834 48
1127 1772 1181 1852 (Β)
1205 1776 1269 1834 aad
1292 1774 1316 1848 f.
1342 1780 1382 1836 79
1407 1767 1472 1853 (B')
1496 1776 1530 1833 in
1552 1775 1605 1834 der
1627 1776 1707 1836 hera
1732 1772 1899 1832 Bibliothelr
1920 1789 1961 1831 su
1988 1771 2095 1831 Gotho.

771 1913 909 1972 Murteae
939 1910 1009 1972 Ooll.
1034 1918 1064 1983 1,
1089 1917 1132 1972 47
1159 1929 1195 1971 es
1217 1915 1347 1972 cadurco
1376 1913 1503 1985 Epterss.
1530 1909 1584 1990 (B)
1614 1934 1655 1966 =
1686 1912 1796 1970 enimet
1824 1910 1906 1970 Hist.
1935 1910 1971 1968 dc
1992 1909 2144 1969 Lorras'nc
2166 1904 2213 1980 1⁶,
2244 1912 2318 1978 294,

770 2021 802 2078 2.
818 2018 863 2076 ed.
886 2011 934 2088 2⁶,
959 2022 1022 2077 120
1046 2039 1088 2073 =
1110 2017 1258 2076 Bestbolct
1274 2018 1354 2077 Hist.
1371 2018 1406 2075 dc
1428 2017 1638 2094 Luccmbourp
1659 2010 1707 2088 2⁶,
1733 2020 1783 2087 49,
1808 2037 1850 2070 =
1872 2015 2031 2073 Honibcim
2054 2014 2133 2074 Hiet.
2157 2015 2268 2075 Trecir.
2286 2018 2317 2085 1,

771 2125 836 2181 rie
857 2126 893 2180 nr
913 2124 953 2181 oo
983 2143 1025 2175 =
1058 2121 1160 2180 carza
1183 2122 1284 2184 curet.
1308 2115 1377 2193 13⁶,
1396 2103 1465 2180 ‘304
1487 2124 1588 2191 erro,
1618 2142 1660 2174 =
1688 2120 1792 2193 usqne
1819 2119 1931 2179 Patron
1957 2123 2008 2188 or,
2038 2121 2125 2178 1067
2145 2124 2180 2177 nv
2198 2121 2250 2181 ze.
2276 2153 2314 2164 -
2342 2135 2375 2182 ιο

771 2226 868 2300 Beyer
881 2225 1076 2285 Mittclrbes'ss.
1098 2225 1163 2286 ΠΒ.
1180 2230 1210 2295 1,
1235 2229 1276 2284 40
1291 2230 1326 2283 n⁰
1340 2228 1382 2285 36
1397 2243 1455 2284 aas
1472 2223 1628 2297 Absclirift
1642 2241 1698 2284 oon
1713 2224 1752 2282 B.
1769 2257 1813 2268 -
1835 2223 2030 2283 nruiiloacuer
2044 2223 2118 2298 ch.
2135 2227 2199 2283 348
2216 2222 2316 2303 (334).

778 2365 871 2425 Ucber
899 2364 948 2423 die
969 2365 1158 2438 Einres'lsunp
1187 2365 1242 2439 cpi.
1267 2369 1301 2423 η’)
1314 2367 1390 2425 184.
1434 2365 1494 2425 Die
1520 2366 1642 2424 scrin
1664 2357 1702 2422 B'
1729 2360 1920 2435 uberlieserte
1941 2362 2096 2435 Dotirunq
2125 2363 2202 2421 soird
2228 2363 2317 2422 sciron

772 2469 907 2528 dodurcls
928 2467 1082 2542 11111ᾰὶ119,
1116 2469 1185 2529 dass
1208 2469 1350 2529 Bcossrod
1372 2472 1406 2528 iss
1429 2473 1511 2529 sinn
1533 2469 1751 2530 Eclelcrnoclser
1773 2468 2017 2528 Privaturlrundc
2038 2469 2093 2528 mit
2116 2468 2318 2541 despiciebas

773 2573 927 2646 Datirssnp
950 2591 1025 2632 anno
1050 2574 1207 2648 x11regn.
1232 2575 1337 2633 Karolo
1360 2591 1427 2649 rege
1453 2573 1499 2652 (iss
1523 2575 1552 2633 Β
1575 2572 1600 2645 f.
1625 2573 1679 2651 57)
1702 2591 1764 2632 aar
1786 2572 1844 2632 den
1869 2573 1944 2632 Tiiel
1967 2576 2056 2634 abbas
2080 2570 2176 2643 [11111.

770 2760 915 2826 Karolus
938 2760 1047 2843 gratia
1070 2760 1122 2825 dei
1145 2784 1206 2826 rex
1222 2761 1427 2828 Francorum
1451 2771 1483 2827 et
1498 2760 1796 2847 Langobardorum
1814 2782 1854 2825 ac
1886 2761 2045 2846 patricius
2061 2760 2313 2827 Romanorum⁸.
2347 2778 2380 2826 ιτ»

772 2861 959 2951 Quicquidb
992 2865 1078 2929 enim
1101 2865 1184 2929 locis
1218 2875 1407 2931 sanctorum
1437 2864 1673 2931 venerabilium
1697 2863 1738 2929 ob
1767 2886 1911 2930 amorem
1940 2863 2065 2929 domini
2092 2863 2239 2930 cedimus
2262 2865 2313 2930 vel

668 2970 910 3042 confirmamus,
945 2968 1007 3034 boc
1031 2968 1147 3033 nobis⁰
1168 2969 1213 3035 ad
1236 2971 1420 3037 mercedem
1442 2971 1495 3037 vel
1520 2971 1563 3036 ad
1586 2968 1835 3036 retributionem
1860 2966 2029 3035 eternam⁶¹
2051 2970 2213 3055 pertinere
2236 2991 2313 3035 con·

666 3073 808 3140 fidimus.
854 3072 1004 3137 Idcirco·
1026 3082 1140 3139 notum
1172 3076 1214 3139 sit
1237 3073 1389 3140 omnibus
1417 3074 1570 3140 fidelibus
1593 3075 1716 3140 nostris
1739 3075 1947 3160 presentibus
1979 3073 2107 3139 seilicet
2129 3084 2161 3138 et
2183 3075 2312 3148 futuris,

667 3176 808 3263 qualiter
836 3177 888 3242 vir
915 3175 1114 3242 venerabilis
1137 3175 1383 3243 Bernerardus¹
1401 3188 1522 3244 sancte
1554 3173 1754 3246 Sunonensis
1783 3179 1874 3244 urbis
1903 3187 1958 3244 et‘
1987 3177 2126 3243 ecclesie
2156 3177 2316 3265 archiepi-

668 3302 798 3369 scopus,
822 3286 878 3368 qui
894 3290 944 3346 est
965 3290 1075 3347 rector
1089 3283 1281 3346 monasterii
1298 3280 1436 3365 sanctil,
1460 3282 1516 3348 ubi
1533 3281 1684 3348 sanctus¹
1706 3282 1940 3349 Willibrordus
1964 3304 2102 3368 corpore
2124 3282 2312 3367 requiescit,
2338 3299 2373 3348 ao

667 3385 756 3472 quod
778 3394 831 3452 est
854 3385 952 3450 situm
975 3386 1009 3450 in
1031 3384 1105 3450 loco
1136 3386 1190 3470 qui
1215 3385 1336 3451 dicitur
1356 3384 1600 3472 Epternacus¹¹‚
1635 3386 1822 3452 clementie¹
1844 3388 1937 3473 regni
1960 3387 2065 3451 nostri
2088 3386 2240 3468 innotuit,
2275 3406 2314 3450 eo

665 3489 754 3575 quod
776 3489 863 3554 bone
885 3490 1041 3554 memorie
1063 3489 1310 3555 Karlomannus
1341 3490 1507 3577 quondam
1537 3513 1713 3577 germanus
1737 3501 1849 3556 noster
1876 3512 1936 3576 pro
1961 3489 2121 3555 mercedis
2153 3512 2211 3555 sue
2235 3511 2315 3573 aug-

664 3603 775 3659 mento
805 3593 903 3658 villas
931 3592 1062 3679 aliquas
1091 3595 1125 3658 in
1153 3616 1240 3680 pago
1264 3593 1415 3660 Bedense
1444 3597 1477 3659 in
1507 3595 1581 3661 loco
1610 3603 1852 3680 nuncupantem
1883 3595 2000 3659 Dreise
2030 3616 2129 3679 super
2155 3593 2314 3658 fiuvium¹¹

665 3696 822 3762 Salmaua
837 3705 871 3762 et
886 3695 1079 3781 Ufieninge⁰
1102 3718 1203 3783 super
1216 3698 1316 3763 fluvio
1333 3698 1476 3764 Lisarup
1492 3721 1558 3763 una
1574 3719 1648 3763 cum
1665 3699 1761 3764 terris
1781 3697 1934 3763 domibus
1951 3707 1983 3761 et
1999 3696 2136 3762 edificiis
2153 3696 2314 3762 acolabus

664 3802 860 3888 mancipiia‘¹
882 3802 987 3868 vineis
1012 3801 1104 3866 silvis
1127 3804 1254 3887 campis
1278 3803 1382 3888 pratia
1404 3803 1541 3888 pascuis
1564 3804 1660 3889 aquis
1688 3825 1889 3890 aquarumve
1913 3801 2117 3885 decursibus,
2153 3811 2257 3868 totum
2281 3810 2314 3867 et
2341 3819 2376 3866 ss

664 3905 708 3969 ad
731 3907 905 3990 integrum,
942 3905 1100 3992 quicquid
1123 3905 1166 3970 ad
1190 3908 1264 3992 ipsa
1285 3906 1360 3972 loca
1383 3906 1533 3992 legibus⁸
1562 3908 1724 3994 pertinere
1747 3907 1887 3991 videtur,
1922 3906 1965 3972 ad
1995 3905 2179 3992 predictum
2202 3927 2313 3971 mona-

665 4009 799 4074 sterium
823 4011 913 4074 visua
936 4011 999 4074 fuit
1021 4009 1258 4093 condonasse¹,
1295 4010 1354 4075 sed
1375 4009 1577 4096 negligentia
1599 4011 1771 4076 eveniente
1794 4032 2002 4096 nequaquam
2026 4009 2156 4074 cartula
2178 4030 2312 4074 conces·

664 4113 783 4178 sionis·
804 4114 909 4199 ipsius
932 4114 1079 4198 germani
1102 4116 1206 4179 nostri
1230 4114 1350 4180 exinde
1372 4125 1511 4200 accepta
1533 4116 1684 4198 fuisset‘;
1708 4115 1794 4181 unde
1817 4115 1937 4179 asserit
1959 4137 1994 4179 se
2016 4115 2083 4179 iam
2107 4113 2216 4179 dictus
2235 4113 2313 4178 Ber·

663 4214 827 4281 noradue⁸
860 4216 1129 4303 archiepiscopus
1163 4218 1257 4304 ipsas
1292 4241 1345 4283 res
1379 4219 1490 4304 quieto
1527 4219 1642 4284 ordine
1677 4218 1721 4284 ad
1752 4227 1878 4305 partem
1912 4219 1977 4283 iam
2013 4217 2092 4282 dicti
2124 4218 2313 4282 monasterii

663 4329 806 4386 tenerer.
835 4319 901 4386 Sed
924 4340 982 4407 pro
1006 4321 1053 4386 rei
1076 4323 1183 4386 tocius
1206 4321 1361 4388 firmitate
1385 4325 1479 4409 petiit
1501 4345 1522 4387 a
1545 4322 1740 4389 celsitudine
1763 4333 1889 4405 nostra,
1912 4332 1949 4387 ut
1972 4321 2034 4386 hoc
2062 4345 2122 4387 nos
2147 4322 2254 4387 denuo
2279 4323 2313 4386 in
2335 4339 2370 4386 ao

663 4423 845 4490 elemosina
873 4433 987 4489 nostra
1010 4434 1043 4490 et
1071 4426 1241 4490 iamdicti
1270 4428 1418 4512 germani
1447 4429 1550 4492 nostri
1579 4450 1638 4513 per
1666 4437 1812 4493 nostram
1842 4428 2073 4493 auctoritatem
2101 4449 2180 4512 erga
2201 4429 2311 4514 ipsum

664 4539 816 4593 sanctum
837 4527 944 4593 locum
963 4529 1165 4595 concederev
1187 4539 1286 4616 atque
1310 4530 1506 4596 confirmare
1522 4530 1726 4597 deberemus.
1758 4530 1861 4596 Cuius
1876 4533 2071 4617 peticionem
2089 4552 2147 4616 pro
2171 4531 2312 4596 divino'

663 4633 784 4697 intuitu
807 4642 840 4697 et
862 4634 1047 4698 reverentia
1076 4634 1182 4718 ipsius
1207 4636 1312 4699 sancti
1336 4635 1402 4700 loci
1426 4634 1591 4701 noluimus
1615 4636 1790 4721 denegare,
1826 4635 1940 4701 sedin
1965 4633 2116 4699 omnibus
2147 4656 2206 4720 pro
2230 4657 2312 4699 mer·

664 4736 754 4801 cedis
788 4745 900 4802 nostre
928 4747 1105 4823 augmento
1129 4739 1199 4802 ita¹
1227 4739 1433 4804 concessisse
1460 4747 1560 4825 atque
1591 4739 1805 4805 confirmasse
1832 4739 2033 4825 cognoscite.
2079 4737 2313 4824 Quapropter!

663 4863 721 4926 per
745 4863 880 4927 presens
896 4840 1126 4907 decernimus⁸
1148 4863 1189 4906 ac
1204 4840 1355 4906 iubemus
1371 4851 1573 4929 preceptum,
1597 4852 1634 4907 ut
1649 4843 1758 4908 nullus
1782 4841 1938 4930 quislibet
1954 4842 1994 4908 de
2017 4840 2171 4907 fidelibus
2188 4843 2312 4907 nostris
2334 4859 2370 4906 35

662 4965 768 5030 neque
791 4967 833 5009 ex
863 4945 1038 5011 iudiciaria
1062 4953 1226 5031 potestate
1255 4945 1323 5011 ullo
1347 4968 1504 5032 umquam
1532 4957 1679 5032 tempore
1707 4955 1967 5012 autememorato
1991 4945 2180 5012 Bernerado
2209 4945 2312 5012 archi·

661 5047 821 5134 episcopo
843 5071 950 5135 neque
974 5048 1225 5114 successoribus
1249 5050 1328 5132 suia,
1360 5051 1416 5135 qui
1439 5051 1560 5114 fuerint
1581 5059 1726 5116 rectores
1749 5051 1939 5115 monasterii
1965 5052 2070 5114 sancti
2094 5049 2312 5134 Willibrordi,

738 5253 798 5309 186.
817 5254 843 5318 a)
861 5256 1042 5306 Romanorum
1055 5271 1102 5307 rex
1114 5262 1141 5306 et
1154 5256 1393 5322 Langobardorum
1407 5270 1440 5306 ac
1453 5257 1581 5320 patricius
1594 5257 1758 5307 Francorum
1772 5254 1807 5308 B'
1877 5258 1905 5320 b)
1923 5258 2044 5325 quicquit
2055 5255 2099 5321 B',
2118 5255 2216 5308 cbcssso
2229 5254 2260 5307 Ζ.
2274 5257 2312 5307 26

817 5327 842 5387 c)
860 5327 960 5375 sanctis
979 5328 1013 5376 st.
1032 5325 1084 5374 boc
1102 5327 1179 5376 nobis
1192 5325 1227 5377 B'
1247 5327 1299 5378 wis
1316 5324 1348 5376 iss
1359 5334 1394 5376 πθ
1407 5327 1461 5376 185
1530 5325 1557 5389 d)
1574 5325 1618 5376 sal
1636 5327 1839 5377 retributionem
1857 5333 1885 5377 et
1901 5333 2020 5378 eternam
2040 5325 2067 5378 B
2136 5325 2162 5389 a)
2179 5327 2263 5392 igitur
2277 5323 2313 5376 B'

815 5393 1010 5454 OBoonradus
1028 5392 1072 5457 13‘,
1091 5393 1137 5446 ds'e
1154 5394 1256 5462 pleicbe
1275 5392 1477 5457 Nomcssasorm
1496 5393 1528 5445 s'ss
1545 5405 1578 5445 ss⁰
1591 5396 1654 5461 184,
1672 5398 1734 5460 185,
1752 5400 1832 5447 aossst
1850 5395 1889 5448 s'm
1907 5395 1993 5448 Liber
2007 5409 2112 5448 careus
2125 5395 2246 5461 Epterss.
2266 5393 2312 5446 ds'e
2334 5394 2369 5443 40

815 5459 1051 5524 Numensformers
1069 5465 1219 5515 Bernradas
1238 5464 1269 5530 (f.
1290 5462 1342 5527 56‘,
1359 5461 1422 5529 61),
1449 5461 1619 5514 Berneradus
1637 5462 1668 5528 (f.
1688 5465 1815 5530 57-58),
1835 5465 2005 5516 Beoneradus
2024 5463 2055 5530 (s.
2076 5459 2138 5530 58'),
2157 5465 2313 5515 Bsonradus

815 5529 846 5594 (f.
867 5531 919 5594 58,
939 5530 1072 5598 59-63').
1091 5535 1250 5585 Beunradus
1267 5532 1300 5599 (s.
1320 5532 1366 5597 59)
1383 5531 1436 5601 opi.
1455 5531 1498 5584 Μ.
1519 5531 1553 5585 G.
1573 5531 1622 5586 SS.
1640 5535 1686 5594 23,
1705 5535 1748 5596 14,
1766 5535 1813 5600 25,
1831 5536 1875 5598 31,
1893 5537 1938 5600 38,
1956 5537 1993 5587 68
2075 5535 2103 5600 g)
2120 5532 2191 5600 fehlt
2209 5530 2243 5584 B'

816 5600 846 5662 h)
862 5602 950 5651 sancti
969 5605 1125 5653 monasterii
1143 5598 1177 5655 B
1249 5603 1269 5667 i)
1288 5604 1421 5668 dompnus
1439 5597 1474 5654 R
1546 5602 1574 5666 lr)
1592 5604 1620 5653 in
1639 5603 1698 5653 loco
1717 5604 1870 5668 Epternaco
1889 5603 1915 5655 B
1985 5602 2006 5669 l)
2025 5603 2196 5655 clementiam
2209 5601 2244 5654 B'

816 5669 854 5734 m)
871 5677 1058 5736 nuncupantes
1077 5670 1104 5724 Β
1174 5674 1203 5736 n)
1220 5673 1303 5724 fluvio
1316 5670 1352 5724 B'
1423 5671 1449 5739 o)
1468 5670 1601 5723 Olfioinus
1619 5670 1654 5732 B,
1673 5671 1705 5724 s'ss
1724 5671 1778 5724 dcss
1797 5672 1922 5726 undena
1940 5671 2150 5726 Ecbterssccber
2172 5669 2237 5726 Ura.
2255 5686 2313 5723 saar

816 5736 862 5790 ds'e
880 5738 968 5792 Form
986 5741 1130 5807 Ufienings
1147 5743 1311 5808 (Uffeninga,
1330 5741 1485 5807 Ufiichina),
1504 5739 1596 5808 Beyer
1606 5740 1794 5794 Mitteirtesis.
1812 5741 1869 5796 UB.
1886 5743 1914 5805 2,
1932 5745 1959 5805 8,
1981 5745 2021 5807 16,
2042 5745 2077 5794 77
2092 5753 2125 5793 ss⁰
2139 5744 2183 5808 19,
2201 5744 2244 5822 31,
2262 5743 2313 5807 35,ι
2335 5739 2369 5787 46

816 5812 841 5872 1,
860 5810 916 5860 204
933 5819 967 5861 ss⁰
980 5812 1034 5862 139
1105 5811 1133 5878 p)
1150 5827 1231 5877 snper
1248 5812 1343 5861 Liaera
1361 5809 1389 5863 B
1469 5810 1497 5878 q)
1515 5811 1638 5862 domibus
1656 5813 1735 5862 terris
1753 5811 1865 5862 edificiis
1884 5813 2027 5877 mancipiis
2046 5812 2190 5863 accolabus
2208 5809 2235 5862 B

815 5877 838 5940 r)
856 5878 1007 5930 condonare
1025 5878 1088 5932 ΒΒ’
1167 5883 1191 5944 a)
1208 5882 1338 5931 cessionis
1350 5879 1386 5933 B‘
1465 5881 1486 5947 t)
1504 5880 1555 5930 fuit
1567 5879 1602 5931 B'
1690 5880 1718 5944 u)
1737 5887 1857 5946 spectare
1870 5879 1905 5932 B‘
1987 5880 2014 5945 v)
2033 5883 2111 5947 petiit
2123 5881 2310 5932 celsitudinem

813 5954 940 6008 nostram,
958 5955 990 5998 ut
1006 5966 1055 6000 nos
1074 5950 1194 6016 predicta
1211 5951 1272 6000 loca
1288 5951 1377 6001 denuo
1395 5951 1425 6000 in
1437 5949 1612 6000 elemosinam
1630 5956 1789 6001 nostramet
1807 5966 1855 6015 pro
1873 5950 1961 6001 salute
1979 5951 2069 6001 anime
2087 5951 2208 6016 germani
2226 5951 2311 6000 nostri

814 6031 863 6082 per
879 6024 998 6069 nostram
1017 6022 1203 6070 auctoritatem
1221 6022 1280 6085 ipso
1299 6025 1392 6070 sancto
1411 6019 1470 6070 loco
1489 6019 1582 6069 cedere
1600 6016 1636 6070 Β·
1731 6020 1766 6083 w)
1783 6020 1827 6069 dei
1844 6014 1878 6072 B
1975 6021 2004 6085 x)
2021 6020 2070 6070 hec
2088 6019 2116 6071 B
2210 6019 2239 6084 y)
2257 6016 2315 6081 cass

815 6093 978 6152 quapropter
995 6086 1066 6156 folqt
1085 6089 1116 6140 s'ss
1129 6087 1163 6141 B'
1181 6087 1366 6141 ussmittelbar
1384 6087 1431 6140 dis
1450 6086 1669 6141 Oorroboruts'oss
1686 6092 1714 6138 et
1731 6093 1762 6138 ut
1779 6089 1829 6139 bec
1847 6090 1992 6141 auctoritas
2062 6089 2088 6154 a)
2105 6088 2272 6140 decrevimus
2284 6085 2312 6139 B
2334 6085 2368 6134 50
