5642 7159
932 1483 979 1566 Pl
990 1481 1129 1588 PPlN‚
1159 1468 1349 1568 KON1G
1377 1483 1500 1567 VON
1533 1484 1768 1574 lTAllEN.

1310 1787 1397 1860 317.

1261 1929 1438 2006 (Uueclrt.)

521 2067 657 2160 Ptppiu
676 2067 815 2139 scheulct
841 2068 921 2138 dem
940 2066 1084 2138 Kloster
1103 2064 1139 2138 S.
1169 2065 1384 2139 Viuceuro
1411 2092 1470 2139 cm
1497 2068 1666 2142 Volturno
1694 2071 1794 2142 clueo
1814 2069 1929 2142 struo
1949 2070 2093 2143 Laudes
2113 2096 2170 2143 aru

486 2190 761 2263 sodrlutr‘cclreu
787 2188 901 2260 Mser.

1473 2296 1508 2356 lu
1531 2295 1668 2356 comitatu
1689 2296 1862 2370 Aprutisnse
1885 2297 1948 2358 784
1971 2296 2053 2356 June·
2074 2301 2126 2358 10.

627 2483 737 2546 curos.
767 2485 907 2545 Vultum.
931 2502 988 2544 oua
1017 2483 1082 2543 dem
1104 2482 1232 2558 Assone
1260 2483 1311 2543 dee
1333 2485 1385 2544 12.
1409 2484 1463 2544 Jt.
1488 2483 1513 2557 f.
1538 2485 1592 2546 ὅδ’
1612 2488 1645 2545 iu
1674 2487 1726 2546 ἄεν
1752 2487 1919 2552 Biblioteru
1942 2488 2106 2548 Borbsrim'
2131 2507 2172 2548 ru

628 2591 706 2649 Rom
730 2587 794 2668 (B).

627 2728 782 2788 Murctorv'
804 2727 860 2790 HS.
884 2746 942 2789 rer.
965 2728 1036 2789 Ital.
1060 2723 1109 2800 1⁶,
1132 2729 1200 2789 362
1220 2744 1277 2788 uus
1300 2727 1339 2788 B.
1363 2761 1405 2770 -
1429 2727 1626 2788 Mnuuacter
1648 2731 1720 2804 Rea.
1745 2731 1808 2792 510
1833 2729 1932 2809 (491).

629 2865 803 2940 Funerum
830 2865 881 2926 des
904 2864 1081 2926 curruum
1103 2866 1260 2927 Iohannes
1292 2864 1360 2944 (ool.
1384 2865 1434 2926 ἄίε
1461 2866 1697 2941 Vortemcrlsunp
1719 2885 1760 2926 ru
1781 2874 1816 2926 ν’
1833 2867 1911 2948 227)
1936 2870 2008 2930 obus
2028 2870 2099 2946 jede
2120 2891 2171 2931 ur·

627 2968 787 3029 kuudliclrc
807 2969 939 3044 Vulnus.
962 2969 1136 3030 Isoocutiou
1151 2970 1216 3030 und
1231 2968 1431 3044 Sipuumres'le
1448 2993 1487 3024 =
1504 2970 1559 3029 ἄεν
1572 2969 1746 3045 decbuuo
1767 2977 1803 3030 u⁰
1814 2975 1906 3034 227⁰.
1930 2973 1982 3033 Du
2003 2974 2051 3034 ἄνέ
2066 2974 2171 3034 Hand

627 3071 737 3146 schrift
759 3075 928 3149 uutoyrcpb
943 3076 992 3146 ist,
1016 3073 1086 3148 salle
1102 3073 1151 3133 ἄνέ
1171 3074 1402 3134 Vcrsoorreulreit
1417 3074 1470 3134 ἄεν
1487 3075 1691 3149 sprcclrliclsuv
1707 3073 1915 3136 Oonstrodiou
1930 3077 1997 3137 ἄεννν
2018 3077 2174 3150 Verfcsscr

627 3178 717 3239 3εᾶνᾶ
747 3197 806 3238 rur
827 3178 915 3239 Luat.
959 3179 1086 3253 Puppim
1120 3179 1174 3238 der
1200 3181 1302 3238 rwcitc
1330 3179 1410 3241 Solen
1433 3179 1527 3239 Korts
1549 3178 1578 3240 ἄ.
1606 3177 1659 3238 Gr.
1689 3178 1754 3238 und
1784 3179 1837 3239 ἄεν
1859 3180 2037 3254 Ηᾶἄεᾳανᾶ,
2071 3182 2174 3242 words

629 3285 689 3343 781
715 3281 808 3357 April
830 3285 872 3344 15
895 3286 929 3342 iu
951 3285 1028 3343 Rom
1049 3301 1122 3342 sum
1144 3283 1246 3358 Koniq
1267 3301 1324 3343 oon
1345 3283 1456 3344 Italion
1475 3285 1615 3360 polum,-
1636 3299 1668 3341 εν
1690 3285 1773 3343 rtorb
1796 3286 1859 3344 810
1882 3284 1954 3344 ἄνᾶν·
1976 3288 2006 3346 8.

471 3485 502 3534 1⁶
630 3470 669 3534 In
691 3470 824 3536 nomine
848 3469 972 3537 domini
1005 3470 1057 3537 dei
1081 3480 1114 3538 et
1143 3470 1319 3538 salvatoris
1348 3471 1454 3537 nostri
1477 3471 1554 3536 Iesu
1577 3468 1708 3537 Christi.
1754 3471 1889 3557 Pipinus
1916 3481 2037 3538 cuncta
2058 3495 2172 3558 regum

525 3575 738 3661 imperatoris
753 3574 980 3641 moderamina
996 3574 1108 3641 divina
1123 3575 1241 3641 celitus
1264 3575 1497 3662 preordinante
1513 3577 1632 3662 grstia,
1655 3576 1709 3642 cui
1724 3577 1870 3643 universi
1886 3576 1976 3643 orbis
1991 3587 2174 3664 potestates

528 3678 742 3754 subiciuntur,
767 3679 892 3746 abenas
907 3681 1064 3764 retinens,
1086 3681 1294 3765 Frunoigene
1313 3680 1422 3766 gentis
1445 3688 1564 3763 rector,
1588 3679 1678 3745 urbis
1694 3681 1797 3746 Rome
1813 3690 1985 3766 augustus.
2090 3680 2173 3749 Cum

526 3783 758 3850 innumerabili
781 3784 993 3870 expeditione
1015 3807 1074 3872 per
1097 3785 1269 3872 Liguriam
1292 3793 1393 3871 utque
1415 3784 1555 3850 Emilias
1578 3792 1688 3871 partes
1711 3806 1751 3851 ac
1774 3782 1937 3851 Adriacas
1959 3785 2058 3853 urbes
2080 3808 2174 3873 pera·

526 3910 626 3974 grans
657 3887 689 3954 in
715 3889 912 3954 Pinnensem
940 3897 1039 3975 atque
1063 3888 1293 3975 Aprutiensem
1325 3889 1452 3972 deveni,
1487 3898 1608 3954 terram
1637 3889 1749 3975 ibique
1772 3889 1813 3955 de
1843 3898 1932 3956 statu
1958 3891 2174 3976 ecelesiarum

470 4009 505 4058 so
526 3992 706 4080 populique
727 3993 798 4058 iure
820 3991 1055 4078 interrogando
1072 4002 1286 4079 percontatus
1309 3992 1517 4060 emendanda
1533 3993 1716 4058 emendavi.
1739 3993 1829 4060 Inter
1844 3993 1905 4060 hec
1928 3994 2017 4060 famu
2031 3995 2174 4083 preclari

525 4098 681 4184 martyris
704 4097 870 4163 Vincentii
902 4105 936 4162 et
963 4096 1123 4182 religione
1146 4106 1179 4163 et
1206 4096 1418 4164 multitudine
1445 4097 1648 4163 confratrum
1677 4119 1754 4184 sepe
1786 4119 1845 4184 per
1872 4107 1976 4165 totum
2004 4099 2174 4186 Europam

526 4201 763 4288 divulgabatur
785 4211 819 4267 et
840 4202 1036 4285 mirabatur,
1060 4202 1182 4290 qnippe
1205 4205 1322 4270 martir
1344 4225 1442 4271 carus
1465 4203 1527 4269 deo
1552 4201 1718 4290 dupplicis
1742 4201 1893 4269 elementi
1916 4195 2037 4290 passus
2060 4225 2173 4289 penus,

526 4328 592 4391 quo
616 4316 705 4373 terra
728 4307 799 4372 eius
822 4329 941 4394 corpus
964 4308 1114 4373 venerari
1136 4329 1197 4394 pro
1220 4309 1347 4375 meritis
1370 4310 1506 4395 eiusque
1529 4309 1640 4374 anima
1663 4307 1715 4373 dei
1738 4306 1847 4394 gloria
1869 4307 2071 4374 coronanda.
2096 4309 2173 4390 Qus

527 4412 568 4477 de
597 4432 700 4477 cansa
729 4411 933 4498 Autbpertus
968 4412 1038 4478 eius
1072 4413 1263 4479 monasterii
1297 4412 1414 4496 abbas,
1448 4413 1554 4499 patris
1587 4413 1651 4477 mei
1682 4409 1793 4476 Caroli
1827 4409 2020 4478 liberalibus
2053 4410 2173 4477 studiis

472 4531 506 4580 ro
528 4517 697 4601 magister,
721 4517 766 4582 ad
788 4538 849 4582 nos
873 4526 1016 4603 quatuor
1038 4516 1218 4582 monachos
1242 4526 1276 4583 et
1297 4517 1367 4582 vita
1391 4525 1424 4583 et
1445 4515 1595 4583 moribus
1618 4513 1803 4581 laudabiles
1827 4516 1926 4590 misit,
1955 4517 2011 4601 qui
2035 4536 2174 4601 percon·

527 4618 605 4684 sulti
619 4618 716 4684 nobis
732 4620 821 4686 famu
835 4621 1027 4686 monasterii
1051 4642 1110 4706 pro
1125 4621 1352 4707 magnitudine
1375 4623 1464 4688 fame
1480 4630 1580 4708 atque
1602 4643 1637 4686 re
1653 4640 1771 4706 pauca,
1795 4617 1854 4684 sed
1870 4621 2002 4685 omnino
2026 4619 2175 4684 veridica

527 4723 736 4810 respondere.
782 4723 984 4810 Optulerunt
1012 4724 1181 4811 optutibus
1209 4726 1331 4790 uostris
1366 4735 1524 4811 precepta
1546 4745 1662 4810 regum
1690 4721 2000 4808 Longobardorum,
2030 4721 2174 4807 Aystulfi

525 4826 681 4894 videlicet
711 4837 744 4894 et
771 4827 948 4910 Desiderii‚
977 4849 1039 4893 nec
1061 4850 1138 4894 uon.
1155 4839 1347 4917 preceptum
1380 4832 1435 4916 pie
1463 4827 1704 4896 recordationis
1740 4825 1850 4891 domni
1882 4827 2041 4911 genitoris
2068 4827 2173 4892 nostri

526 4933 639 5001 Caroli
663 4934 804 5018 piissimi
828 4933 970 5019 augusti,
993 4935 1028 4999 in
1052 4932 1173 5020 quibus
1196 4935 1404 4999 continentes
1427 4955 1657 5021 precessorum
1681 4953 1814 4998 suorum
1830 4929 1988 4995 videlicet
2009 4951 2125 5016 regum
2141 4939 2175 4995 et

471 5055 505 5104 co
527 5039 648 5105 ducum
672 5037 813 5123 Gysulfi,
838 5037 905 5103 dux
929 5038 1038 5124 gentis
1061 5037 1373 5122 Longobardorum‚
1397 5048 1431 5103 et
1453 5038 1646 5123 Lioprandi‚
1671 5037 1740 5103 dux
1763 5036 1904 5102 ducatus
1928 5033 2100 5120 Spoletini,
2125 5032 2174 5098 illi

526 5165 669 5230 namque
686 5150 898 5230 suggerentes
915 5163 955 5208 ac
971 5150 1131 5227 petentes,
1155 5151 1192 5207 ut
1208 5141 1325 5207 eadem
1348 5150 1506 5229 precepta
1523 5150 1635 5206 nostru
1657 5140 1927 5205 confirmaremus
1950 5138 2173 5225 preceptionis

527 5248 787 5330 confirmatione,
815 5256 927 5312 tamen
949 5268 1062 5331 regem
1084 5245 1295 5312 Desiderium
1318 5245 1543 5332 Longobardc
1565 5245 1674 5330 gentis
1697 5243 1895 5309 extollentes
1920 5264 2021 5327 supra
2044 5250 2174 5308 ceteros

528 5373 622 5437 reges
638 5349 937 5436 Longobardornm
960 5349 1075 5416 dicunt
1096 5350 1130 5414 in
1146 5349 1279 5416 Valerie
1302 5349 1454 5438 partibus
1470 5346 1708 5414 ammirabilem
1728 5347 1791 5412 sibi
1808 5349 2016 5413 concessisse
2039 5346 2173 5430 donum,

528 5453 682 5520 videlicet
709 5455 945 5520 monasterinm
972 5453 1006 5519 in
1034 5452 1158 5520 honore
1186 5454 1275 5521 beati
1297 5455 1387 5521 Petri
1416 5453 1570 5541 apostoli,
1605 5451 1693 5539 quod
1716 5452 1897 5517 Beneventi
1925 5473 1984 5537 per
2011 5454 2175 5516 somnium

471 5572 506 5622 31
528 5558 591 5624 sibi
614 5559 797 5625 revelatum
820 5560 921 5624 situm
948 5559 982 5622 in
1004 5557 1148 5623 Tritensi
1170 5558 1257 5625 valle
1279 5582 1355 5625 cum
1385 5558 1472 5624 dotis
1496 5565 1528 5624 et
1551 5555 1686 5642 prediis,
1720 5556 1806 5622 sicut
1828 5557 1862 5621 in
1890 5563 2046 5641 precepto
2070 5556 2140 5621 eius
2149 5554 2173 5636 ¹)

527 5664 723 5730 continetur.
767 5663 831 5728 His
853 5662 1011 5748 predictis
1040 5683 1105 5727 non
1130 5662 1281 5728 omnibus
1311 5662 1434 5728 auditis
1458 5683 1515 5727 eos
1543 5659 1828 5745 interrogavimus,
1864 5657 1987 5744 quida
2008 5681 2060 5724 me
2082 5667 2175 5725 tante

527 5767 792 5854 congregationis
815 5776 885 5833 tam
900 5766 1041 5853 preclari
1063 5769 1217 5852 martyris
1233 5765 1371 5850 vellent;
1396 5765 1545 5832 dicentes
1561 5762 1646 5828 velle
1668 5762 1801 5828 abbatis
1818 5782 1858 5827 ac
1874 5764 2019 5827 omnium
2034 5762 2175 5829 fratrum

564 5958 585 6025 ¹)
603 5956 754 6012 Murotors'
772 5956 820 6012 SS.
840 5957 882 6020 1⁶,
900 5959 964 6019 352,
984 5955 1148 6010 Mortuerlr
1166 5954 1308 6010 ἄεενεᾶὸενν
1326 5954 1487 6010 Functus.
