5642 7159
676 781 742 849 236
1290 781 1719 843 Kalsnuueueubuu.

676 974 856 1039 servientes
879 972 986 1060 ipsius
1009 968 1148 1036 ecclesie
1172 968 1435 1054 distringendum
1467 991 1530 1035 nec
1552 968 1638 1034 ullas
1666 967 1902 1034 redibuciones
1930 967 2164 1054 requirendum
2194 990 2325 1055 quoque

588 1148 593 1159 ¹
675 1086 824 1163 tempere
846 1077 1018 1163 ingredere
1041 1083 1099 1140 eut
1122 1082 1278 1140 exactare
1302 1072 1446 1139 deberet.
1482 1087 1565 1139 Cuius
1587 1089 1749 1153 peticionem
1770 1088 1950 1140 venerabilem
1973 1087 2059 1137 tribus
2081 1071 2157 1136 Ῑὶίεο
2180 1103 2213 1138 ex
2235 1089 2323 1139 causis

675 1177 831 1246 noluimus¹
850 1195 996 1264 denegare:
1019 1209 1075 1245 una
1089 1193 1216 1245 videlieet
1237 1199 1297 1264 pro
1313 1179 1553 1243 veneracione⁸
1575 1185 1643 1243 tam
1659 1178 1766 1264 ipsius
1790 1178 1896 1242 sancti
1914 1175 1978 1242 loci
1995 1198 2160 1263 quamque
2176 1176 2324 1262 ipsorum

676 1283 894 1359 sacerdotum,
918 1302 966 1366 qui
987 1298 1087 1349 ibidem
1110 1282 1242 1348 demine
1264 1297 1314 1349 deo
1337 1296 1468 1348 famulare
1490 1296 1622 1361 videntur,
1648 1291 1811 1368 quatenus
1833 1313 1882 1363 pro
1905 1298 1983 1348 uobis
2006 1312 2142 1363 uxoreque
2165 1311 2197 1347 ac
2219 1295 2282 1348 liliis
2298 1301 2325 1348 et

675 1401 782 1454 filiabus
811 1404 910 1454 uostris
932 1408 960 1454 et
987 1402 1088 1468 populo
1110 1402 1189 1452 nobis
1217 1416 1234 1450 a
1262 1401 1312 1452 deo
1338 1401 1480 1452 commisso
1510 1402 1609 1466 iugiter
1631 1399 1732 1452 domini
1761 1400 1970 1451 misericordiam
1997 1399 2093 1451 melius
2115 1400 2258 1465 implorare
2281 1399 2325 1452 de·
2348 1401 2364 1448 e

674 1507 769 1571 lectot3
792 1505 855 1571 alia,
877 1512 908 1557 ut
930 1508 958 1557 in
981 1506 1080 1556 divinis
1101 1505 1198 1556 litteris
1221 1510 1247 1555 et
1268 1490 1303 1554 ln
1326 1503 1454 1556 doctrinis
1478 1505 1663 1570 spiritualibus
1686 1487 1862 1570 ampliorem¹¹
1885 1509 2019 1556 certamen
2042 1505 2146 1556 mittero
2169 1508 2326 1569 procurent;

674 1611 759 1661 tercia
781 1611 838 1661 eius
860 1611 962 1661 meritis
984 1609 1207 1675 compellentibus
1229 1610 1268 1659 ita
1290 1611 1438 1675 prestitisse
1461 1614 1487 1661 et
1509 1611 1536 1659 in
1560 1610 1683 1661 omnibus
1715 1611 1879 1662 concessisse
1905 1611 2067 1676 cognoscite.
2112 1609 2258 1675 Propterea
2279 1625 2328 1674 per

675 1718 825 1780 presentem
848 1715 1035 1765 auctoritatem
1074 1695 1191 1784 (atquc
1214 1698 1479 1764 confirmacionis
1509 1707 1702 1784 preceptum
1725 1698 1936 1764 concedimus
1964 1708 2064 1785 atque
2091 1698 2326 1764 confirmamus

675 1803 889 1869 denominata
912 1802 1101 1889 specialiter
1115 1801 1190 1867 loca
1205 1802 1238 1866 in
1261 1802 1333 1887 ipso
1352 1811 1466 1868 sancto
1490 1812 1523 1867 et
1538 1800 1734 1868 venerabili¹
1755 1803 1838 1885 loco,
1862 1802 1897 1868 id
1920 1810 1971 1868 est
1993 1799 2190 1868 cenobium'K
2214 1810 2327 1867 sancte

676 1907 781 1973 Maria
813 1928 943 1992 semper
965 1906 1102 1991 virginis
1130 1913 1163 1970 et
1185 1904 1354 1990 genitricis
1383 1904 1506 1970 domini
1537 1907 1641 1971 nostri
1669 1905 1747 1970 Iesu
1776 1904 1909 1990 Christi,
1945 1906 2033 1992 quod
2061 1905 2193 1992 quidem
2215 1906 2326 1971 Ferox
2352 1922 2384 1969 10

676 2009 765 2076 abba
787 2009 953 2076 edificavit
982 2009 1016 2074 in
1038 2009 1172 2074 Verona
1201 2008 1291 2073 foras
1315 2031 1425 2075 muros
1454 2009 1596 2075 civitatis
1620 2009 1694 2076 loco
1724 2013 1778 2095 qui
1801 2020 1941 2076 vocatur
1968 2009 2012 2075 ad
2036 2009 2216 2096 Organum,
2252 2031 2327 2075 cum

677 2114 830 2181 omnibus
853 2113 897 2178 ad
922 2136 957 2179 se
979 2113 1080 2179 rebus
1103 2112 1344 2199 pertinentibus
1366 2137 1428 2179 nec
1450 2137 1517 2180 non
1540 2124 1572 2179 ct
1595 2114 1738 2181 ecclesia
1760 2117 1867 2180 sancti
1890 2115 2073 2197 Laurentii,
2102 2136 2165 2200 que
2189 2114 2254 2178 sita
2277 2124 2328 2178 est

679 2222 714 2284 in
736 2217 883 2284 Foroiuli
911 2217 985 2283 loco
1020 2219 1075 2304 qui
1098 2228 1310 2305 nuncupatur
1331 2219 1436 2305 Bega,
1471 2241 1547 2284 cum
1572 2219 1724 2285 omnihus
1754 2218 1970 2285 facultatibus
2002 2220 2080 2300 suis,
2117 2216 2268 2282 similiter
2294 2226 2328 2282 et

678 2321 923 2405 senodochium,
948 2321 1037 2409 quod
1060 2321 1129 2387 dux
1151 2320 1305 2387 Roduald
1328 2322 1498 2388 edificavit
1520 2325 1553 2388 in
1576 2322 1724 2388 Foroiuli
1748 2321 1911 2389 vocabulo
1935 2325 2042 2388 sancti
2065 2321 2222 2387 Iohannis
2252 2343 2328 2387 cum

678 2424 830 2492 omnibus
855 2425 1052 2491 adiacentiis
1075 2425 1128 2491 vel
1151 2427 1362 2512 pertinenciis
1386 2426 1466 2492 suis.
1504 2426 1567 2492 Dei
1592 2426 1693 2512 igitur
1715 2426 1971 2492 misericordiam
1999 2426 2247 2492 considerantes
2271 2435 2326 2490 tue
2351 2443 2382 2490 ιε»

678 2539 792 2597 sancte
814 2531 969 2617 peticioni
986 2553 1117 2596 sensum
1141 2531 1398 2597 accomodantes
1415 2531 1563 2596 cedimus
1586 2541 1686 2618 atque
1702 2532 1936 2597 confirmamus
1961 2552 2073 2597 omnes
2090 2532 2326 2617 precepciones

678 2643 748 2699 tam
780 2655 896 2720 regum
920 2655 1019 2720 quam
1049 2632 1169 2698 ducum
1205 2632 1467 2722 quibuscumque
1490 2635 1618 2700 scilicet
1645 2634 1751 2701 modis
1785 2645 1934 2722 tempore
1957 2635 2255 2722 Longohardorum
2284 2634 2327 2699 ad

679 2740 789 2826 ipsum
812 2746 961 2804 sanctum
985 2747 1018 2804 et
1039 2737 1261 2804 venerabilem
1284 2739 1395 2804 locum
1418 2747 1550 2805 constat
1573 2739 1763 2806 devolutum
1773 2738 1790 2802 ¹.
1826 2740 1934 2822 Quam
1958 2738 2001 2805 ob
2024 2763 2093 2806 rem
2118 2737 2326 2827 specialiter>

680 2842 885 2908 decernimus
909 2851 1009 2928 atque
1024 2842 1185 2926 iubemus,
1208 2852 1245 2907 ut
1259 2842 1369 2908 nullus
1393 2842 1550 2929 quislibet
1566 2842 1606 2908 de
1630 2843 1724 2909 vobis
1740 2853 1798 2908 aut
1814 2845 1996 2910 iunioribus
2011 2844 2064 2910 vel
2080 2843 2328 2909 successoribus

678 2949 796 3013 vestris
819 2946 940 3013 amodo
965 2954 998 3011 et
1020 2945 1187 3033 deinceps,
1221 2956 1259 3013 ut
1283 2947 1437 3029 diximus,
1466 2947 1500 3011 in
1523 2947 1620 3013 villas
1643 2946 1695 3012 vel
1719 2957 1828 3014 curtes
1853 2971 1910 3013 seu
1937 2947 2141 3035 quibuslibet
2163 2947 2245 3012 locis
2270 2967 2329 3010 scu
2351 2962 2386 3011 ‘20

677 3049 777 3117 rebus
800 3048 853 3116 vel
887 3051 1091 3116 monasteria
1112 3051 1254 3116 virorum
1284 3073 1324 3115 ac
1358 3050 1543 3137 puellarum
1566 3061 1600 3117 et
1628 3052 1858 3118 senodochium
1880 3052 1932 3118 vel
1960 3054 1994 3116 in
2023 3051 2224 3139 quibuslibet
2247 3050 2328 3116 locis

678 3153 836 3220 ecclesias
866 3154 910 3219 ad
932 3154 1098 3239 prefatum
1127 3154 1235 3220 locum
1259 3155 1474 3240 respicientes
1503 3155 1546 3220 ud
1569 3176 1690 3221 causas
1720 3155 1920 3222 audiendum
1948 3155 2001 3221 vel
2024 3154 2158 3240 fr[eta]⁸
2185 3154 2328 3241 undique

681 3256 880 3342 exigendum
895 3279 956 3322 nec
978 3256 1128 3322 homines
1143 3259 1288 3343 ipsarum
1311 3259 1527 3324 ecclesiarum
1544 3259 1806 3345 distringendum
1829 3282 1891 3325 nec
1907 3262 2096 3325 mansiones
2121 3268 2179 3324 aut
2194 3269 2330 3344 paratas

679 3359 869 3425 faciendum
898 3382 958 3426 nec
981 3360 1068 3427 ullas
1098 3359 1331 3427 redibuciones
1354 3362 1588 3447 requirendum
1617 3362 1684 3428 ullo
1713 3386 1869 3450 umquam
1898 3373 2043 3450 tempore
2071 3360 2242 3448 ingredere
2274 3368 2332 3426 aut

682 3473 837 3530 exactare
856 3466 1073 3550 presumatis3
1096 3465 1156 3531 sed
1182 3463 1310 3551 (omnia
1333 3488 1396 3552 que
1419 3464 1631 3553 protulimus>
1660 3467 1720 3533 sub
1745 3469 1956 3534 emunitatis¹¹
1978 3468 2109 3532 nomine
2133 3466 2244 3531 valeat
2265 3488 2330 3531 me·
2353 3481 2387 3529 25

680 3578 829 3633 moratus
852 3568 1011 3634 Paulinus
1045 3570 1234 3655 patriarche
1264 3571 1399 3656 eiusque
1431 3591 1641 3636 successores
1674 3572 1708 3635 in
1737 3570 1889 3636 omnibus
1920 3569 2002 3635 locis
2037 3569 2070 3635 c't
2093 3570 2194 3636 'rebus
2224 3567 2268 3633 ad
2297 3591 2332 3633 se

680 3672 921 3758 pertinentibus
945 3673 1055 3758 quieto
1080 3672 1195 3739 ordine
1225 3674 1333 3739 vivere
1357 3696 1397 3739 ac
1420 3674 1573 3740 resedere
1602 3684 1635 3740 et
1657 3696 1716 3761 pro
1740 3674 1836 3740 nobis
1859 3696 1899 3739 ac
1928 3674 2020 3760 prole
2044 3697 2101 3740 seu
2125 3683 2158 3739 et
2179 3695 2238 3760 pro
2263 3681 2329 3738 sta·

680 3776 811 3841 bilitate
833 3777 961 3862 imperii
990 3779 1094 3842 nostri
1118 3776 1241 3842 domini
1270 3777 1532 3844 misericordiam
1554 3779 1674 3864 iugiter
1696 3778 1884 3865 implorare.
1929 3780 1974 3844 Et
1995 3787 2032 3844 ut
2059 3778 2120 3843 hec
2148 3778 2330 3843 auctoritas

681 3879 806 3945 firmior
829 3879 990 3945 habeatur
1025 3890 1058 3946 et
1087 3881 1251 3946 diuturnis
1279 3880 1484 3968 temporibus
1518 3882 1634 3948 melius
1664 3893 1889 3967 conservetur,
1926 3905 2025 3947 manu
2055 3881 2188 3968 propria
2220 3880 2332 3946 subter

679 3984 884 4051 firmavimus
907 3994 941 4050 et
963 3985 1004 4050 de
1027 3984 1126 4050 anulo
1151 3994 1262 4050 nostro
1286 3984 1423 4072 sigillari
1451 3987 1616 4052 iussimus.
2354 4000 2388 4051 eo

784 4123 922 4210 Signum
947 4127 1013 4204 tlt.)
1036 4123 1153 4189 Karoli
1176 4122 1405 4205 gloriosissimi
1428 4127 1525 4212 regis.

784 4247 887 4315 Iacob
911 4246 1061 4312 advicem
1084 4245 1211 4311 Radoni
1234 4249 1422 4333 recognovi.

785 4370 876 4435 Data
898 4367 1005 4456 pridie
1029 4389 1135 4433 nonas
1159 4378 1318 4455 augustas
1342 4390 1429 4434 anno
1453 4387 1557 4433 xxun
1581 4368 1997 4453 etxvn11regninostri;
2032 4378 2142 4433 actum
2166 4369 2331 4456 Reganes·

679 4474 765 4560 burg
786 4472 917 4561 palacio
941 4470 1092 4557 public03
1115 4473 1148 4536 in
1171 4473 1223 4538 dei
1246 4475 1376 4539 nomine
1399 4472 1540 4539 feliciter
1563 4497 1670 4539 amen.

1472 4716 1557 4791 176.
2356 4741 2389 4788 ss

681 4859 776 4930 Korl
796 4859 859 4929 der
884 4855 1012 4929 Grosse
1032 4856 1171 4928 salwaht
1190 4858 1268 4927 dem
1286 4857 1431 4929 Klostor
1448 4857 1504 4930 St.
1526 4859 1816 4928 Emmeromm
1839 4857 1892 4928 bes·
1908 4856 2134 4949 chcnsburq
2156 4858 2213 4927 ein
2230 4855 2336 4928 Stiiclr

682 4979 908 5070 aulicpeodcn
935 4978 1089 5050 Laudes.

1793 5081 1967 5156 Frontsurt
1992 5087 2054 5144 794
2077 5082 2217 5142 Februor
2238 5086 2292 5143 22.

793 5257 931 5332 Oripinol
953 5255 1007 5334 (A)
1031 5256 1096 5315 aad
1119 5256 1285 5317 Obortulur
1307 5274 1364 5316 aue
1387 5257 1441 5315 der
1461 5258 1583 5315 awriten
1606 5254 1714 5328 Helste
1736 5257 1786 5316 des
1810 5262 1861 5317 11.
1887 5257 1940 5317 Jls.
1967 5255 1992 5328 f.
2017 5253 2046 5316 7'
2071 5254 2125 5334 (Β)
2149 5258 2191 5316 im
2214 5256 2337 5316 Reicies-

790 5363 891 5421 cretio
912 5379 953 5419 sss
974 5360 1136 5421 Maronea.
2359 5371 2394 5420 se

792 5498 1033 5575 PesThes.1⁶‚
1059 5506 1075 5559 1
1100 5503 1172 5558 n⁰1
1198 5516 1254 5558 aas
1278 5499 1308 5557 Β
1336 5523 1376 5554 =
1405 5500 1509 5573 Lentu
1531 5499 1599 5560 BA.
1622 5494 1693 5570 21⁶,
1717 5505 1768 5560 99.
1797 5533 1838 5543 -
1866 5500 2335 5573 Mberprob.Rotisb.1a⁰1

790 5623 847 5665 aas
864 5605 901 5667 A.
925 5637 967 5648 -
990 5604 1068 5665 Rue
1091 5603 1154 5665 OD.
1171 5605 1289 5664 Ratish.
1306 5611 1336 5677 1,
1360 5609 1381 5665 8
1403 5611 1437 5663 ss⁰
1451 5608 1494 5665 10
1516 5621 1572 5663 cus
1588 5603 1628 5666 A.
1652 5639 1694 5648 -
1716 5604 1798 5664 Mon.
1817 5605 1911 5663 Boios
1933 5607 2002 5674 28⁰,
2026 5606 2047 5663 3
2069 5607 2140 5664 22⁰2
2161 5620 2217 5662 aas
2233 5602 2272 5663 A.
2296 5634 2338 5646 -

792 5708 986 5767 Meblbocbcr
1007 5709 1080 5783 Rep.
1103 5713 1164 5769 321
1192 5708 1294 5788 (312).

767 5876 826 5931 175.
845 5878 869 5939 e)
888 5877 931 5927 bis
948 5891 1002 5929 voss
1020 5876 1161 5931 derselben
1180 5877 1271 5930 Hand
1288 5879 1441 5948 uocbqetro
1460 5896 1495 5932 ess
1573 5878 1737 5946 ouolumus
1756 5875 1783 5929 B
1858 5877 1887 5942 g)
1904 5879 2081 5929 veneracione
2099 5875 2126 5929 B
2212 5876 2241 5941 h)
2258 5875 2335 5942 spiri·

843 5945 943 5997 talibus
960 5947 1090 6013 ampliore
1107 5946 1135 5999 Β
1222 5950 1242 6012 i)
1258 5949 1413 6001 venerabile
1536 5947 1566 6012 k)
1583 5947 1739 5998 coenobium
1757 5945 1785 5997 Β
1854 5947 1874 6010 l)
1892 5946 2041 5998 disolutum
2059 5944 2095 6006 B,
2115 5945 2165 5999 der
2186 5945 2255 5998 Text
2273 5943 2335 5996 lts'cr
2356 5943 2390 5993 45

841 6013 978 6075 sorderet,
994 6015 1130 6070 venece
1147 6015 1227 6070 sollte
1244 6031 1273 6070 es
1290 6016 1413 6071 Maccus:
1432 6023 1460 6068 et
1477 6032 1564 6082 omne,
1582 6016 1653 6083 quod
1741 6020 1846 6066 constat
1863 6029 1923 6066 esse
1940 6016 2096 6066 devolutum
2202 6015 2238 6081 m)
2257 6029 2336 6064 seno·

845 6084 954 6134 dochiss
969 6082 997 6137 Β
1066 6087 1096 6153 ιι)
1114 6088 1254 6137 munitatis
1272 6085 1306 6138 B.
