5642 7159
1255 733 1694 794 KAISERURKUNDEN.

755 916 847 978 Μόνη.
871 923 1046 978 concernunt
1068 919 1109 978 tes
1138 919 1231 980 dende
1259 921 1301 979 dn
1324 923 1370 980 rai
1397 938 1453 980 snr
1475 921 1515 980 tes
1544 922 1651 995 bonnae
1680 921 1715 980 de
1736 921 1858 996 Fumea
1880 926 1907 980 ct
1930 922 2026 981 Rcoin
2047 926 2078 993 2,
2101 925 2123 984 3
2148 919 2233 999 (tinto
2255 921 2298 980 dn

757 1021 856 1093 Greffe
878 1023 912 1080 de
934 1024 964 1081 tu
986 1025 1121 1082 chambre
1143 1043 1168 1084 r.
1192 1025 1228 1082 de
1252 1024 1353 1103 ridete).
1382 1057 1419 1068 -
1445 1026 1539 1098 Beyer
1563 1026 1756 1085 Mittetrhcin.
1786 1026 1850 1086 UB.
1875 1030 1904 1097 1,
1928 1029 1969 1085 19
1992 1032 2027 1083 n⁰
2050 1029 2091 1085 16
2113 1043 2170 1085 aaa
2194 1026 2232 1084 B.
2255 1058 2298 1070 -

754 1127 949 1187 Mtthlbocher
970 1129 1043 1201 Rea.
1068 1131 1109 1188 95
1134 1127 1213 1207 (93).

755 1267 866 1338 Eiaerrc
887 1265 1065 1340 Stilisirnnp
1088 1270 1143 1325 nn't
1171 1268 1334 1340 nielfochen
1357 1269 1533 1342 Anhltnaen
1556 1286 1597 1328 an
1624 1269 1679 1326 das
1703 1267 1868 1326 Fonnnlar
1890 1268 1942 1324 der
1965 1268 2208 1326 Pnoatnrtsmde
2236 1268 2300 1326 and

751 1371 889 1444 peringen
902 1371 1082 1446 Antehnnnp
1106 1390 1146 1430 un
1161 1372 1208 1430 die
1224 1372 1344 1430 Formel
1366 1372 1419 1430 der
1433 1369 1639 1448 Mandbn'efc,
1665 1369 1720 1442 frte
1742 1370 1789 1427 dic
1806 1369 1980 1443 Schcnhsmp
2002 1388 2057 1428 aon
2081 1371 2235 1444 Kesselinq
2257 1373 2332 1428 ant

754 1473 803 1533 die
822 1474 885 1534 ΠΙ.
902 1481 937 1533 n⁰
960 1479 1017 1546 15;
1041 1475 1105 1533 dem
1125 1475 1289 1534 Charahter
1312 1475 1364 1532 der
1378 1474 1670 1533 Familiennrlcnnde
1693 1475 1880 1546 cntsprechen
1903 1477 1980 1532 anch
1994 1475 2042 1532 die
2063 1473 2300 1546 Unterschn‘ften

756 1575 864 1652 (sichel
887 1578 981 1637 Bcitr.
1005 1597 1031 1636 e.
1056 1577 1139 1652 Dipl.
1164 1578 1213 1637 IV
1242 1579 1358 1639 Wiener
1381 1577 1446 1638 ΕΒ.
1471 1582 1523 1648 17,
1548 1575 1635 1656 579),
1670 1577 1718 1634 die
1750 1579 1826 1636 anch
1861 1580 1894 1635 in
1926 1580 2009 1636 einer
2041 1578 2299 1651 merowingischen

754 1681 1009 1754 Kbnipsnrbnnde
1030 1684 1086 1760 (M.
1115 1681 1151 1742 G.
1175 1682 1245 1741 DD.
1270 1683 1390 1740 Morosa.
1411 1687 1458 1741 ,19
1480 1689 1515 1740 n⁰
1541 1686 1590 1750 19,
1613 1681 1711 1741 Havet
1737 1682 1892 1756 Qneetions
1917 1680 2028 1739 Meron.
2059 1681 2086 1737 V
2104 1683 2138 1738 tn
2160 1680 2241 1740 Bibt.
2265 1681 2300 1739 de

754 1771 861 1842 t’Ecale
890 1784 940 1842 des
969 1786 1083 1844 chades
1106 1787 1157 1855 51,
1187 1788 1229 1845 52
1250 1791 1285 1843 n⁰
1309 1789 1338 1856 5,
1372 1785 1499 1844 Oenones
1524 1791 1552 1854 1,
1574 1789 1650 1854 236,
1682 1783 1820 1856 Oricinal
1841 1787 1874 1841 in
1897 1785 1996 1854 Paris,
2019 1785 2074 1857 opt.
2093 1784 2147 1842 die
2168 1803 2229 1843 nar
2250 1786 2300 1843 ab·

754 1885 920 1958 schriftlich
947 1887 1137 1960 ubertieferte
1165 1889 1235 1949 Urh.
1260 1888 1316 1961 far
1339 1887 1450 1958 Carbie,
1474 1890 1519 1948 Μ.
1547 1888 1583 1948 G.
1607 1887 1678 1947 DD.
1701 1887 1820 1947 Meron.
1845 1892 1887 1947 36
1909 1896 1944 1946 n⁰
1967 1888 2021 1962 40)
2044 1886 2206 1959 aaftrctcn.
2242 1889 2300 1948 Die
2320 1893 2351 1940 10

754 2007 811 2049 ans
834 1991 887 2050 der
908 1993 1017 2050 litteren
1042 1991 1095 2070 (Β)
1118 1994 1301 2052 stammcndc
1316 1995 1445 2068 jtnaerc
1465 1991 1619 2064 Abschrift
1642 1990 1693 2070 (0)
1717 1994 1802 2054 bictet
1825 1995 1859 2050 in
1881 1995 1966 2053 ihren
1981 1992 2218 2066 Abracichanpen
2239 2012 2301 2051 nar

756 2093 992 2154 Eruendatianen
1021 2097 1072 2155 des
1102 2095 1277 2166 scarabeos,
1312 2114 1367 2154 von
1396 2097 1490 2153 denen
1525 2096 1595 2154 aber
1624 2096 1746 2154 manche
1776 2098 1941 2169 aeaenstber
1974 2097 2027 2155 der
2057 2098 2198 2170 peringen
2234 2097 2300 2156 Ver-

754 2196 932 2256 lb'asliehlceit
955 2217 1010 2257 van
1034 2200 1062 2258 B
1084 2202 1187 2258 innare
1211 2201 1426 2273 Berechtiannp
1449 2201 1551 2259 haben.
1587 2199 1646 2258 Die
1677 2201 1779 2259 beiden
1801 2218 1856 2259 oon
1878 2203 1958 2260 einer
1981 2201 2073 2261 Hand
2097 2201 2146 2260 dcs
2169 2203 2222 2260 12.
2246 2199 2299 2261 Jh.

754 2299 818 2372 auf
836 2303 941 2362 Rasnr
962 2306 1213 2378 nachaetrayenen
1237 2304 1344 2364 Stellen
1373 2320 1493 2376 eramen
1521 2303 1606 2362 keinc
1628 2304 1793 2363 sachlichcn
1816 2304 1983 2374 Bedentcn,
2019 2323 2103 2363 wenn
2124 2306 2200 2363 anch
2222 2307 2300 2362 min·

754 2404 869 2465 aaran
892 2408 933 2464 im
950 2407 1110 2466 Ansdrnch
1124 2409 1235 2484 imperii
1251 2408 1298 2466 dic
1313 2411 1430 2481 enatem
1448 2407 1512 2466 Zeit
1527 2408 1589 2466 sich
1605 2407 1752 2468 benntlich
1769 2409 1873 2468 nracht.
1896 2407 1959 2466 Der
1973 2408 2070 2467 Navae
2091 2409 2141 2466 aee
2156 2407 2301 2467 Ansetctt·
2321 2415 2352 2464 15

754 2511 830 2568 ortes
854 2512 892 2567 ist
915 2511 1153 2568 wahrscheinlich
1183 2511 1316 2570 rerdnbt
1338 2511 1402 2569 und
1430 2512 1571 2570 oietlcicht
1593 2515 1648 2571 mit
1671 2513 1834 2588 Trigonum
1857 2512 1969 2585 antem
1991 2512 2123 2571 Kobtene
2146 2512 2300 2582 identisch,

754 2611 807 2683 apl.
833 2612 1059 2688 Halalae-Effare
1079 2617 1122 2671 ins
1141 2615 1181 2676 N.
1199 2617 1307 2674 Archia
1330 2619 1381 2685 18,
1404 2618 1469 2674 280
1492 2615 1531 2674 N.
1549 2618 1580 2676 3.

757 2781 813 2862 (o.)
837 2783 995 2870 Pippinus
1019 2808 1078 2849 rex
1103 2787 1304 2850 Francorum
1328 2787 1377 2850 vir
1399 2786 1559 2850 inluster⁸.
1656 2787 1700 2852 Et
1725 2788 1801 2872 quia
1825 2785 1938 2851 divina
1960 2785 2055 2850 nobis
2078 2783 2301 2871 providentiab

651 2885 685 2948 in
702 2884 820 2949 solium
835 2887 926 2971 regni
942 2890 1078 2951 unxisse
1095 2888 1302 2954 manifestum
1320 2899 1379 2972 est,
1397 2898 1526 2974 oportet
1542 2912 1582 2953 ea
1596 2892 1630 2953 in
1647 2888 1699 2954 dei
1714 2890 1846 2953 nomine
1862 2910 2025 2970 exercere,
2046 2890 2079 2952 in
2096 2896 2177 2975 que⁰
2192 2891 2301 2973 potius

651 2989 791 3071 gratiam
815 2997 914 3074 atque
938 2989 1140 3054 voluntatem
1164 2991 1314 3058 altissimi
1338 2996 1496 3079 consequi
1519 2992 1700 3058 valeamus.
1731 2992 1941 3057 Meminimus
1966 2993 2050 3057 enim
2075 2993 2179 3077 ipsius
2202 3015 2299 3056 evan·
2319 3003 2353 3049 ‘20

651 3085 737 3176 gelii,
762 3092 794 3155 in
818 3113 882 3177 quo
906 3093 969 3158 ait:
1005 3091 1079 3173 ,Qui
1104 3095 1184 3158 facit
1206 3096 1408 3161 voluntatem
1433 3098 1537 3183 patris
1559 3099 1634 3179 mei,
1670 3098 1724 3183 qui
1748 3098 1781 3160 in
1805 3096 1907 3160 caelis
1930 3105 1990 3168 est,
2014 3096 2084 3180 ipse
2108 3094 2245 3159 intrabit
2268 3096 2300 3158 in

652 3215 787 3278 regnum
812 3194 1018 3260 caelorum‘¹.
1056 3198 1099 3262 Et
1122 3197 1199 3283 quia
1222 3222 1315 3285 reges
1339 3223 1381 3264 ex
1406 3201 1467 3265 deo
1489 3212 1631 3285 regnant
1653 3199 1815 3286 nobisque
1838 3211 1953 3285 gentes
1976 3209 2009 3264 et
2031 3221 2134 3281 regna
2158 3219 2215 3283 pro
2242 3223 2301 3263 sua

652 3297 879 3363 misericordia
902 3299 945 3363 ad
968 3299 1217 3384 gubernandum
1242 3306 1415 3385 commisit,
1448 3303 1696 3390 providendum,
1726 3313 1762 3367 ut
1784 3315 1817 3367 et
1841 3303 1996 3367 sublimes
2020 3312 2165 3367 rectores
2188 3305 2300 3382 simus,

651 3401 804 3486 inopibus
829 3412 861 3467 et
883 3403 1085 3489 pauperibus
1110 3427 1168 3490 pro
1193 3427 1305 3471 amore
1329 3406 1450 3472 Christi
1475 3407 1660 3490 gubernare
1683 3418 1783 3493 atque
1807 3404 1964 3472 educared
1987 3428 2052 3470 non
2075 3405 2300 3490 neglegamus.

652 3507 743 3571 Deus
760 3511 879 3572 etenim
896 3508 1004 3594 Moysi
1020 3509 1203 3596 legislatori
1219 3510 1468 3576 tabernaculum
1486 3511 1705 3596 propitiatorii
1728 3510 1889 3575 adornare
1910 3512 2092 3596 praecepit3
2117 3509 2299 3574 Salamoni⁰
2317 3515 2353 3563 25

653 3633 782 3697 quoque
805 3613 891 3698 regis
907 3613 1065 3698 templum
1081 3617 1114 3677 in
1131 3616 1261 3680 nomine
1277 3617 1380 3700 ipsius
1397 3615 1608 3680 aedificatum
1626 3614 1748 3678 scimus
1764 3637 1845 3679 auro
1862 3613 2093 3701 lapidibusque
2110 3636 2300 3680 exornasse.

651 3715 721 3780 Nos
745 3718 842 3798 enim,
870 3719 1021 3802 quamvis
1044 3741 1108 3782 non
1133 3728 1199 3782 tam
1223 3740 1343 3802 magna
1366 3717 1494 3784 hisdem
1519 3715 1720 3804 quoequare‘
1740 3716 1897 3798 valemus,
1929 3727 2049 3798 tamen,
2082 3738 2146 3802 quo
2171 3716 2301 3780 facilius

653 3842 837 3905 possumus,
874 3844 915 3885 ex
938 3823 1079 3906 propriis
1109 3820 1322 3886 facultatibus
1353 3844 1436 3908 quas
1465 3819 1623 3887 habemus
1654 3821 1784 3886 domino
1820 3832 2019 3906 cooperante
2053 3821 2301 3885 eidemcfferre

653 3922 888 4004 desideramus,
925 3926 1003 4008 quia
1037 3924 1126 4005 nihil,
1162 3935 1197 3989 ut
1220 3927 1267 3990 ait
1289 3923 1488 4012 apostolus²,
1523 3929 1555 3990 in
1584 3926 1670 3989 hunc
1698 3925 1854 3990 mundum
1878 3925 2047 3989 intulimus
2071 3948 2131 3990 nec
2154 3923 2301 4005 dubium,

653 4027 730 4112 quia
753 4050 794 4092 ex
819 4050 857 4092 eo
882 4031 1056 4114 quicquam
1082 4030 1225 4095 auferre⁸
1247 4032 1438 4116 poterimus,
1465 4031 1522 4095 sed
1538 4029 1619 4095 illud
1635 4038 1763 4094 tantum
1779 4029 1822 4092 ad
1843 4030 1950 4113 animq
1975 4028 2114 4092 salutem
2138 4028 2302 4093 credimus
2321 4034 2355 4083 30

653 4130 821 4215 proficere,
858 4132 1012 4217 quicquid
1042 4131 1164 4197 devota
1193 4143 1301 4198 mente
1325 4134 1365 4198 de
1395 4134 1495 4200 rebus
1525 4135 1724 4199 transitoriis
1755 4133 1887 4198 domino
1919 4133 2067 4198 videmur
2096 4130 2301 4197 distribuere.

654 4235 757 4319 lgitur
779 4235 857 4300 dum
880 4245 992 4300 notum
1010 4245 1060 4299 est
1084 4236 1235 4303 omnibus
1251 4248 1318 4302 tam
1342 4239 1535 4324 propinquis
1559 4260 1657 4324 quam
1681 4239 1803 4301 exteris
1827 4237 2014 4301 nationibus
2037 4258 2098 4301 nos
2114 4246 2147 4300 et
2163 4237 2302 4318 coniuge

652 4350 766 4404 nostra
789 4338 1009 4404 Bertradaneh
1032 4342 1063 4404 in
1088 4363 1199 4406 aurore
1224 4343 1329 4407 sancti
1353 4342 1535 4409 Salvatoris
1558 4365 1619 4406 nec
1635 4363 1702 4406 non
1718 4349 1751 4404 et
1767 4349 1880 4421 sancte
1901 4339 1952 4405 dei
1976 4340 2153 4424 genetricis
2177 4339 2301 4403 Mariae

652 4451 752 4527 atque
779 4443 951 4507 beatorum
981 4445 1162 4529 principum
1192 4446 1417 4531 apostolorum
1447 4447 1533 4509 Petri
1561 4456 1593 4509 ot
1621 4446 1715 4510 Pauli
1750 4446 1801 4510 vel
1832 4447 1936 4510 sancti
1964 4444 2121 4511 Iohannis
2153 4447 2301 4530 Baptistq

653 4569 710 4610 seu
727 4556 760 4610 et
774 4549 946 4611 martirum
964 4549 1069 4612 sancti
1087 4547 1256 4633 Stephani,
1274 4548 1435 4614 Dinnisii¹
1458 4560 1490 4614 et
1505 4548 1658 4613 Mauricii
1674 4559 1774 4634 atque
1789 4550 2015 4614 confessorum
2034 4552 2138 4613 sancti
2156 4549 2301 4629 Martini,
2321 4558 2354 4606 ³5

653 4649 792 4715 Vedasti
808 4659 906 4735 atque
920 4649 1076 4716 Germani
1093 4654 1327 4717 monasterium
1341 4655 1374 4717 in
1387 4677 1422 4717 re
1436 4653 1645 4739 proprietatis
1661 4662 1773 4737 nostre
1789 4652 1976 4735 aedificare,
1993 4653 2081 4737 quod
2097 4663 2148 4718 est
2159 4655 2303 4738 positum

654 4755 738 4818 infra
763 4757 916 4820 terminos
932 4755 1075 4822 Bidense
1100 4767 1198 4841 atque
1216 4755 1372 4838 Ardinne,
1397 4758 1453 4821 ubi
1476 4756 1601 4822 rivulus
1618 4758 1672 4842 qni
1697 4756 1817 4821 dicitur
1834 4754 2097 4822 Dethenobach¹¹
2119 4756 2303 4843 ingreditur

654 4861 685 4923 in
710 4861 885 4941 Prumiam,
924 4862 956 4926 in
986 4862 1090 4945 ipsius
1113 4858 1208 4924 vero¹
1238 4862 1428 4924 monasterii
1457 4860 1628 4925 ecclesiam
1658 4861 1699 4925 de
1732 4860 1908 4924 scandaliis
1943 4861 2065 4925 domini
2095 4863 2196 4925 nostri
2226 4862 2302 4925 Iesu

653 4963 773 5028 Christi
797 4986 938 5030 necnon
955 4965 1058 5050 ipsius
1076 4965 1250 5049 genetricis
1266 4962 1372 5048 Maris
1395 4974 1644 5050 ceterorumque
1661 4973 1860 5046 sanctorum,
1885 4986 2023 5048 quorum
2047 4986 2146 5049 supra
2164 4966 2301 5030 lecimus

653 5070 861 5149 mentionem,
885 5070 945 5130 visi
963 5068 1084 5132 fuimus
1107 5067 1285 5132 recondere
1301 5068 1482 5153 reliquias¹¹
1506 5078 1605 5153 atque
1621 5067 1742 5132 ibidem
1766 5066 1947 5131 monachos
1971 5069 2217 5149 constituemus,
2246 5069 2355 5153 quito

654 5169 713 5234 sub
751 5180 864 5251 sanctq
898 5172 1156 5235 conversationis
1186 5191 1302 5234 norma
1332 5172 1382 5235 vel
1419 5171 1597 5235 secundum
1634 5171 1899 5256 praecedentium
1934 5180 2064 5256 patrum
2099 5170 2302 5236 doctrinam⁰

654 5275 797 5342 debeant
820 5278 950 5340 omnino
976 5285 1160 5355 exerceret,
1186 5277 1340 5362 quatinus
1364 5284 1409 5356 ut,
1435 5276 1488 5358 qui
1507 5274 1656 5338 monachi
1682 5273 1819 5339 solitarii
1842 5284 2083 5359 nuncupantur,
2102 5274 2142 5338 de
2157 5276 2302 5360 perfecta

654 5381 786 5464 quieteq
810 5379 942 5444 valeant
964 5378 1048 5444 duce
1072 5379 1203 5445 domino
1228 5403 1285 5465 per
1308 5389 1459 5464 tempora
1482 5379 1651 5442 exultarer
1678 5387 1711 5442 et
1734 5377 1794 5443 sub
1819 5388 1936 5442 sancta
1958 5378 2073 5463 regula
2098 5378 2246 5443 viventes
2269 5390 2302 5443 et

654 5484 826 5549 beatorum
856 5493 986 5568 potrum
1018 5484 1118 5547 vitam
1150 5492 1314 5548 sectantes
1344 5506 1402 5568 pro
1434 5493 1522 5547 statu
1547 5483 1825 5567 ecclesiamque·
1856 5481 2058 5567 longevitate
2082 5484 2175 5567 regni
2198 5484 2301 5548 nostri

745 5672 780 5724 lb.
810 5673 836 5737 a)
854 5669 1004 5722 illustrisG
1090 5671 1116 5734 b)
1134 5671 1224 5736 divine
1242 5673 1320 5723 nobis
1338 5672 1524 5737 providentiae
1541 5669 1568 5722 Β
1654 5673 1679 5735 c)
1697 5673 1815 5720 exerceri
1834 5674 1862 5721 in
1881 5672 2017 5737 quibusG
2107 5672 2135 5734 d)
2153 5671 2303 5723 educaraB
2322 5673 2356 5720 tt

806 5741 832 5806 e)
851 5741 1029 5792 Salomoni&
1131 5740 1342 5806 OcosquareG
1446 5742 1474 5806 g)
1496 5741 1589 5791 offerre
1608 5738 1660 5791 BG
1761 5740 1947 5805 l1)coniugem
1973 5749 2091 5792 nostram
2109 5738 2306 5793 BertradamO

808 5812 828 5875 i)
845 5808 1006 5861 DionisiiO
1118 5809 1145 5874 h)
1164 5809 1382 5860 Detdenbabctl
1491 5811 1511 5874 l)
1529 5825 1591 5860 vern
1610 5807 1636 5859 B
1748 5809 1784 5872 m)
1802 5809 1932 5860 ecclesiae
1952 5810 1978 5861 Β
2090 5810 2117 5875 n)
2135 5811 2256 5875 reliquiis
2275 5809 2302 5862 Β

807 5881 833 5946 o)
851 5878 920 5945 fehlt
940 5879 989 5999 OB
1055 5877 1082 5944 p)
1100 5882 1215 5929 exerceri
1236 5877 1262 5929 Β
1358 5883 1384 5944 q)
1403 5882 1486 5945 quieti
1507 5877 1532 5929 B
1627 5878 1650 5941 r)
1667 5877 1776 5927 valeant
1795 5879 1864 5929 dues
1883 5880 1991 5930 dourino
2010 5880 2119 5930 valeant
2137 5880 2257 5931 exultare
2282 5880 2304 5930 t}

809 5951 831 6017 s)
850 5951 943 6015 utqui

657 6056 676 6122 ¹)
694 6057 745 6110 Ec.
764 6053 868 6108 Marta.
890 6057 912 6120 7,
930 6057 966 6107 21
1072 6051 1095 6114 ²)
1113 6051 1134 6104 1
1152 6051 1219 6107 Tim.
1239 6057 1264 6115 (i,
1287 6052 1370 6120 Teyl.
1389 6052 1483 6105 Forat.
1505 6050 1640 6114 Marcselti
1660 6050 1684 6116 1,
1702 6052 1752 6100 140
2320 6052 2355 6101 tn
