5642 7159
683 797 748 862 326
1284 798 1721 859 KAlSERUBKUNDllN.

685 989 816 1075 Aquam
839 985 983 1071 longam,
1008 1006 1112 1070 usque
1135 983 1213 1050 dum
1236 986 1327 1049 venit
1348 986 1382 1048 in
1397 982 1620 1050 Burrienam¹.
1643 984 1735 1049 Infra
1757 984 1841 1049 istos
1862 983 2111 1069 prenominatos
2134 983 2228 1071 fines,
2253 984 2346 1047 sicut

685 1115 706 1163 a
729 1089 852 1158 sanctis
875 1087 1026 1175 patribus
1049 1098 1083 1154 et
1104 1087 1233 1155 idoneis
1257 1110 1298 1153 ac
1321 1089 1496 1157 catholicis
1518 1088 1708 1156 hominibus
1731 1088 1912 1175 antiquitus
1940 1088 2071 1174 inipso
2094 1086 2236 1153 ecclesia
2259 1108 2342 1152 con·

619 1228 622 1233 ’
686 1191 860 1263 stitutum'¹
881 1194 985 1259 fuisse
1000 1194 1218 1279 repperimus,
1242 1192 1353 1258 omnia
1368 1215 1447 1279 pars
1469 1194 1573 1281 ipsius
1588 1192 1750 1267 ,ecclesiae
1773 1213 1890 1258 secure
1905 1213 1945 1257 ac
1969 1192 2080 1279 quiete
2102 1202 2218 1259 nostra
2235 1192 2343 1277 regali

685 1301 882 1368 auctoritate
905 1297 1114 1385 perhenniter
1128 1297 1309 1383 possideat.
1335 1297 1462 1363 Retulit
1476 1298 1575 1364 etiam
1597 1296 1781 1384 prelibatus
1798 1296 1959 1383 pontifex,
1983 1295 2073 1382 quod
2087 1296 2217 1362 cuidam
2242 1296 2343 1362 fratri

686 1427 745 1471 suo
762 1406 928 1491 Ansperto
951 1404 1083 1470 nomine
1099 1402 1265 1489 quaedam
1287 1403 1433 1469 oratoria
1447 1404 1527 1469 iuris
1552 1412 1688 1469 sanctae
1704 1402 1876 1489 Regiensis
1892 1401 2062 1486 ecclesiae,
2086 1424 2187 1467 unum
2203 1400 2343 1489 quidem
2366 1415 2383 1466 5

684 1513 716 1576 in
739 1510 897 1575 Luciaria
920 1510 1005 1574 inter
1026 1506 1155 1573 Padum
1176 1515 1210 1573 et
1232 1506 1429 1572 Bundenum
1451 1508 1486 1572 in
1508 1507 1632 1573 honore
1657 1508 1761 1574 sancti
1787 1507 1922 1593 Georgii
1953 1516 1987 1573 et
2009 1507 2100 1573 aliud
2122 1508 2156 1573 in
2180 1506 2344 1573 Gabiana

684 1614 833 1681 similiter
860 1613 947 1677 inter
968 1609 1096 1676 Padum
1125 1618 1159 1675 et
1180 1609 1378 1676 Bondenum
1406 1611 1440 1676 in
1468 1610 1592 1677 honore
1622 1611 1727 1678 sancti
1756 1611 1908 1679 Andreae
1937 1620 2173 1695 constructum,
2208 1612 2342 1677 cunctis

684 1718 800 1787 diebus
830 1718 919 1782 vitae
947 1736 1029 1780 suae
1055 1736 1115 1800 per
1142 1713 1310 1781 decretum
1339 1738 1536 1783 concessum
1565 1716 1747 1801 habuisset,
1783 1718 1852 1802 sed,
1887 1739 1962 1784 cum
1991 1716 2202 1804 postmodum
2231 1717 2342 1783 isdem

686 1824 870 1909 Anspertus
898 1819 1087 1885 monasterii
1109 1818 1368 1887 Nonantolensis
1397 1829 1529 1907 portum
1558 1824 1705 1908 petisset,
1739 1821 1829 1910 ipsa¹
1859 1825 2004 1889 oratoria
2031 1843 2090 1909 pro
2118 1845 2177 1889 suo
2200 1823 2343 1888 introitu

683 1926 834 2015 predicto
850 1923 1048 1991 monasterio
1061 1921 1208 1988 dederat.
1232 1923 1487 1991 Prenominatus
1500 1947 1577 1991 vero
1595 1934 1689 2013 pater
1701 1926 1923 2014 Apollenariis
1940 1929 2125 2014 episcopus,
2142 1950 2183 1991 ne
2195 1926 2342 1992 eeclesia
2367 1942 2401 1990 ro

686 2053 747 2097 sua
762 2030 943 2115 dampnum
957 2034 1136 2116 pateretur,
1155 2049 1231 2093 cum
1247 2051 1307 2093 suo
1330 2029 1494 2095 advocato
1509 2030 1677 2117 presentia
1692 2029 1787 2096 ducis
1803 2032 1908 2097 nostri
1925 2029 2071 2098 Goeradi
2087 2051 2162 2095 cum
2178 2028 2340 2095 Anselmo

686 2137 752 2201 iam
779 2134 861 2201 dicti
890 2131 1079 2199 monasterii
1109 2129 1230 2197 abbate
1260 2133 1293 2197 in
1321 2133 1479 2200 iudicium
1506 2136 1670 2201 convenit.
1715 2136 1889 2203 Dissensio
1919 2159 2008 2219 vero,
2044 2158 2128 2223 quae
2157 2135 2242 2200 inter
2271 2133 2340 2199 duo

687 2236 891 2309 venerabilia
914 2236 988 2302 loca
1011 2245 1172 2320 creverat,
1197 2235 1322 2324 absque
1346 2238 1527 2305 vicinorum
1551 2240 1784 2326 episcoporum
1807 2240 1976 2306 audientia
1997 2238 2185 2306 nullatenus
2209 2238 2340 2304 definiri

686 2351 828 2432 poterat.
851 2340 997 2427 Ideoque
1020 2340 1108 2405 datis
1131 2333 1272 2406 induciis
1295 2351 1362 2407 tres
1385 2343 1544 2430 episcopi,
1567 2342 1686 2408 Petrus
1711 2343 1839 2409 scilicet
1860 2344 2093 2427 Bononiensis,
2118 2341 2338 2409 Geminianus

687 2448 883 2514 Mutinensis
911 2455 945 2513 et
965 2445 1083 2511 Petrus
1106 2446 1297 2513 Parmensis
1326 2467 1399 2513 cum
1423 2445 1498 2511 aliis
1526 2446 1656 2513 idoneis
1680 2456 1713 2513 et
1738 2446 1913 2514 'catholicis
1942 2447 2021 2514 viris
2052 2446 2226 2513 convocati
2251 2454 2339 2511 sunt.
2367 2462 2401 2509 ro

688 2551 817 2635 Quibus
840 2572 916 2617 cum
939 2552 1004 2615 ism
1032 2550 1101 2615 fato
1126 2548 1209 2616 duce
1233 2548 1387 2617 Goerado
1417 2552 1452 2616 in
1474 2550 1595 2617 iudicio
1626 2552 1848 2619 residentibus
1872 2552 2083 2640 Apollenaris
2106 2552 2285 2638 episcopus
2308 2558 2342 2616 et

686 2656 792 2723 abbas
815 2654 994 2721 Anselmus
1009 2653 1183 2736 affuerunt,
1208 2677 1347 2740 quorum
1363 2656 1610 2742 quaerimoniae
1634 2656 1799 2723 subtiliter
1814 2656 1985 2724 discussae
2008 2655 2149 2721 ecclesia
2165 2655 2341 2741 Reganus,

687 2761 741 2826 cui
764 2759 876 2826 debito
899 2760 970 2824 iure
992 2758 1058 2822 iam
1081 2758 1152 2823 lata
1176 2759 1322 2824 oratoria
1345 2758 1496 2824 subiecta
1518 2768 1621 2835 erant,
1645 2762 1805 2826 canonico
1830 2782 1870 2826 ac
1886 2759 1986 2846 legali
2010 2757 2122 2825 ordine
2145 2758 2340 2844 adquisivit.

688 2866 732 2930 Et
747 2862 789 2931 ob
812 2864 989 2929 firmiorem
1006 2863 1216 2928 securitatem
1230 2864 1382 2929 notitiam
1400 2863 1558 2949 scriptam
1574 2863 1782 2951 testibusque
1797 2864 1987 2931 roboratam
2009 2885 2084 2929 cum
2107 2864 2180 2949 ipso
2204 2862 2341 2928 decreto

688 2968 976 3056 sepenominatus
998 2975 1093 3053 pater
1115 2967 1302 3053 presentiae
1324 2975 1437 3032 nostre
1460 2966 1581 3033 obtulit
1601 2968 1786 3055 postulans,
1815 2979 1852 3035 ut
1874 2979 1907 3035 et
1928 2992 1988 3036 noe
2015 2967 2199 3035 inviolabili
2222 2977 2339 3033 nostro
2366 2983 2399 3031 20

687 3083 844 3162 precepto
873 3096 945 3139 eam
969 3073 1140 3137 firmantes
1169 3093 1299 3137 omnem
1327 3071 1549 3137 contentionis
1578 3094 1699 3137 nevum
1727 3071 2003 3157 abstergeremus.
2049 3071 2153 3139 (iuius
2181 3072 2347 3159 peticioni,

687 3187 870 3245 annuentes
893 3200 953 3264 per
975 3175 1038 3241 hoc
1060 3183 1209 3241 nostrum
1232 3185 1423 3261 preceptum
1455 3176 1623 3263 predictae
1647 3186 1784 3243 sanctae
1812 3178 1974 3244 ecclesiae
1996 3179 2070 3265 ipsa
2093 3179 2239 3244 oratoria
2263 3198 2341 3243 con·

688 3284 857 3349 firmamus
881 3291 982 3367 atque
1006 3281 1076 3346 sine
1098 3277 1166 3345 ullo
1190 3279 1435 3345 contradictore
1457 3282 1671 3347 restituimus.
1699 3281 1856 3348 Preterea
1879 3291 1912 3348 et
1934 3283 2044 3368 gaium
2067 3290 2227 3357 nostrum,
2250 3281 2344 3368 quod

688 3389 721 3453 in
737 3386 854 3453 eodem
876 3384 951 3451 loco
967 3386 1061 3451 iuxta
1076 3406 1130 3449 res
1153 3384 1256 3469 ipsius
1273 3382 1436 3450 ecclesiae
1458 3385 1492 3450 in
1507 3384 1666 3451 Luciaria
1688 3387 1840 3454 coniacet
1855 3394 1888 3452 et
1909 3407 1996 3452 nunc
2012 3387 2141 3452 noviter
2164 3385 2342 3461 excolitur,

619 3502 622 3505 ’
687 3514 726 3558 eo
750 3489 940 3577 postulante
964 3490 1110 3554 oratorio
1135 3488 1241 3553 sancti
1267 3486 1457 3573 Ge[or]gii¹³¹
1486 3511 1545 3575 per
1567 3488 1630 3555 hoc
1653 3500 1802 3556 nostrum
1831 3501 2023 3577 preceptum
2046 3491 2117 3556 iure
2140 3491 2275 3577 proprio
2300 3488 2344 3555 ob
2371 3506 2404 3555 2⁵

687 3596 819 3663 animae
841 3603 975 3660 nostrae
999 3594 1140 3659 salutem
1171 3592 1383 3659 concedimus
1405 3614 1481 3659 cum
1504 3593 1744 3679 piscationibus
1773 3618 1834 3681 per
1855 3595 1983 3661 Padum
2007 3605 2040 3661 et
2062 3594 2260 3661 Bundenum
2284 3616 2344 3681 pa·

687 3702 847 3787 ludesque
862 3709 896 3766 et
917 3698 1012 3765 lacus
1029 3697 1290 3764 coniacentibus.
1315 3696 1473 3763 Similiter
1496 3718 1626 3784 quoque
1649 3708 1682 3765 ct
1705 3700 1850 3765 oratorio
1876 3701 1982 3765 sancti
1998 3698 2153 3764 Andreae
2176 3696 2344 3764 donamus

688 3815 809 3873 terram
832 3812 866 3870 et
887 3803 1006 3869 silvam
1029 3802 1112 3868 iuris
1135 3802 1229 3887 regni
1250 3802 1367 3883 nostri,
1391 3822 1477 3887 quae
1499 3802 1588 3867 circa
1610 3823 1664 3868 res
1688 3802 1836 3869 eiusdem
1859 3804 2022 3869 ecclesiae
2048 3803 2134 3868 inter
2155 3800 2287 3868 Padum
2310 3812 2347 3867 et

687 3908 884 3976 Bondenum
906 3908 940 3971 in
958 3904 1113 3971 Gabiana
1127 3906 1289 3988 consistit,
1313 3925 1388 3970 cum
1403 3905 1643 3990 piscationibus
1659 3929 1718 3993 per
1734 3905 1861 3973 Padum
1876 3917 1909 3973 et
1924 3904 2121 3973 Bundenum
2135 3903 2347 3992 paludesque

688 4023 721 4081 et
749 4013 852 4095 lacus,
887 4019 924 4076 ut
947 4032 1025 4095 sepe
1053 4010 1224 4075 nominata
1255 4016 1371 4074 sancta
1394 4010 1570 4095 Regiensis
1599 4009 1742 4077 ecclesia
1769 4010 1853 4077 haec
1883 4012 1994 4078 omnia
2019 4011 2089 4076 iure
2120 4010 2344 4097 proprietario
2370 4028 2405 4077 eo

689 4127 801 4186 teneat
824 4126 923 4203 atque
945 4114 1118 4203 possideat
1147 4113 1274 4200 absque
1297 4111 1437 4179 alicuius
1464 4116 1642 4202 potestatis
1666 4115 1938 4182 contradictione.
1984 4114 2205 4181 concedimus
2229 4115 2345 4198 etiam,

690 4232 737 4307 ut,
761 4224 789 4288 si
812 4222 979 4288 contentio
997 4218 1153 4286 derebus
1170 4239 1209 4284 ac
1225 4219 1358 4284 familiis
1375 4220 1523 4287 eiusdem
1540 4222 1703 4288 ecclesiae
1725 4223 1824 4288 fuerit
1838 4221 1944 4305 horta,
1967 4220 2066 4287 liceat
2081 4222 2253 4307 inquisitio
2269 4221 2346 4287 fieri

689 4327 876 4415 perbonos
900 4335 934 4393 et
956 4327 1118 4411 ingenuos
1140 4322 1291 4390 homines
1308 4326 1565 4413 circumquaque
1588 4336 1759 4393 manentes
1781 4349 1886 4413 usque
1909 4326 1952 4392 ad
1974 4334 2219 4391 sacramentum
2242 4322 2348 4391 habe·

690 4442 813 4518 autque
837 4430 900 4496 sihi
924 4429 1098 4516 pontifices
1121 4429 1225 4514 ipsius
1250 4428 1412 4495 ecclesiae
1435 4428 1616 4496 advocatos
1641 4429 1724 4498 duos
1747 4430 1894 4514 veltres,
1919 4432 1946 4496 si
1969 4451 2106 4496 necesse
2122 4429 2231 4510 fuerit,
2257 4450 2348 4516 quos

687 4536 751 4621 jpsi
774 4534 943 4620 elegerint,
967 4534 1022 4619 qui
1045 4553 1183 4598 causam
1205 4532 1310 4619 ipsius
1333 4532 1494 4599 ecclesiae
1518 4532 1692 4619 diligenter
1714 4534 1882 4620 inquirant
1904 4543 1937 4599 et
1953 4535 2158 4607 examinent;
2181 4533 2246 4619 ipsi
2263 4554 2347 4599 vero
2373 4552 2409 4601 35

688 4640 845 4707 advocati
874 4637 916 4703 ab
942 4638 1029 4702 omni
1058 4636 1193 4723 puplica
1216 4638 1391 4702 exactione
1421 4638 1486 4703 sint
1508 4640 1679 4705 immunes.
1725 4638 1856 4725 Siquis
1886 4648 1998 4705 autem
2019 4639 2106 4704 hanc
2128 4646 2240 4723 nostre
2264 4658 2349 4703 con·

688 4742 870 4809 stitutionis
893 4740 1127 4806 auctoritatem
1150 4740 1277 4805 irritam
1300 4741 1410 4807 facere
1432 4744 1654 4829 temptaverit,
1683 4742 1874 4808 emunitatis
1898 4742 2045 4825 multam,
2080 4742 2115 4807 id
2138 4750 2189 4807 est
2210 4744 2348 4823 argenti

687 4848 791 4913 libras
814 4862 899 4927 xxx,
922 4845 1010 4931 parti
1033 4853 1170 4909 sanctae
1193 4842 1353 4928 Regensis
1377 4844 1537 4911 ecclesiae
1560 4846 1747 4932 persolvere
1770 4856 1920 4934 cogatur.
1959 4862 1996 4912 Et
2018 4866 2049 4912 ut
2069 4861 2122 4913 hoo
2143 4852 2257 4930 nostre
2281 4844 2350 4911 lar-

687 4950 818 5039 gitionis
834 4959 868 5014 et
890 4965 1045 5015 amentatis
1061 4970 1100 5013 ac
1123 4946 1324 5014 defensionis
1340 4969 1399 5014 seu
1421 4949 1644 5035 inquisitionis
1661 4951 1713 5017 vel
1736 4952 1966 5018 advocationis
1989 4958 2179 5037 preceptum
2203 4964 2348 5017 dinturnis

687 5071 853 5138 temporibus
883 5055 917 5118 in
940 5073 1001 5120 suo
1028 5052 1147 5118 robore
1175 5063 1368 5139 permaneat
1389 5062 1489 5140 atque
1521 5054 1562 5119 ab
1593 5054 1744 5122 omnibus
1774 5056 1884 5122 verius
1907 5054 2060 5121 credatur
2086 5064 2119 5119 et
2148 5051 2348 5137 diligentius
2373 5074 2408 5123 40

689 5180 856 5240 observetur,
878 5190 974 5225 manus
996 5179 1087 5240 nostre
1109 5174 1307 5238 subscriptione
1330 5174 1423 5224 subter
1445 5176 1633 5226 annotavimus
1655 5176 1791 5242 anuloque
1812 5179 1904 5227 nostro
1928 5174 2046 5240 sigillare
2068 5174 2203 5224 iussimus.

790 5320 848 5398 (0.)
871 5317 885 5401 ξ
907 5332 1018 5400 Signum
1041 5325 1097 5392 (Μ.)
1120 5332 1210 5383 Caroli
1231 5332 1417 5399 gloriosissimi
1440 5334 1519 5398 regis.
1542 5316 1556 5400 ᾗ

792 5462 850 5539 (0.)
871 5455 886 5539 ξ
908 5472 1057 5524 Giltbertus
1080 5472 1200 5523 advicem
1222 5472 1343 5523 Radonis
1365 5474 1509 5539 recognovi
1533 5477 1560 5524 et
1581 5459 1595 5542 Ξ
1617 5461 1710 5536 (SR).
1735 5461 1792 5538 (Sl.
1818 5460 1861 5535 1.)

764 5680 825 5736 285.
843 5682 865 5748 i)
882 5683 994 5734 aastott
1012 5696 1059 5748 per
1071 5681 1183 5747 paludes
1196 5680 1323 5732 civitatis
1340 5695 1428 5732 novas
1440 5709 1471 5719 —
1486 5682 1644 5732 Burrianaru
1663 5679 1695 5733 s'a
1708 5678 1735 5733 B
1753 5679 1799 5734 die
1811 5677 2035 5746 Interpolutioa:
2056 5679 2126 5728 sicut
2137 5675 2204 5727 fines
2217 5679 2347 5731 cernitur

841 5751 1011 5803 monasteriis
1029 5751 1133 5802 domini
1151 5751 1301 5803 Salvatoris
1318 5753 1348 5802 in
1365 5751 1493 5803 Macreds
1509 5766 1596 5818 nsque
1614 5753 1643 5801 in
1662 5750 1773 5813 Siclam,
1795 5750 1893 5801 exinde
1911 5749 2034 5799 deorsum
2054 5762 2100 5813 per
2119 5744 2219 5797 Siclam
2238 5763 2343 5813 usque·
2369 5748 2405 5798 45

841 5835 948 5889 quaque
966 5820 1097 5887 perfines
1115 5823 1186 5872 inter
1204 5821 1345 5873 Erberiam
1362 5826 1391 5872 et
1408 5836 1532 5887 campum
1551 5819 1697 5872 (lulianum
1715 5820 1833 5886 indeque
1851 5821 1880 5869 in
1898 5833 2022 5883 campum
2046 5822 2074 5867 et
2092 5818 2161 5866 sicut
2182 5814 2347 5869 decernitur

842 5894 914 5943 inter
931 5906 1057 5957 campum
1080 5896 1108 5941 et
1124 5891 1231 5957 plebem
1255 5892 1343 5942 sancti
1359 5890 1491 5942 Thomadi
1510 5892 1557 5957 qui
1575 5896 1687 5941 vocatur
1704 5889 1801 5940 Alaina
1818 5894 1846 5941 et
1865 5887 1927 5938 inde
1945 5890 1974 5937 in
1993 5902 2090 5953 aquam
2108 5885 2232 5951 Longam
2250 5901 2346 5953 usque

840 5963 870 6012 in
882 5960 986 6024 villam,
998 5976 1050 6026 qne
1062 5960 1157 6011 Ortum
1170 5962 1241 6026 regis
1254 5962 1416 6011 nominatur.
1435 5960 1509 6011 Infra
1522 5960 1572 6010 hos
1584 5961 1785 6026 prenominatos
1797 5958 1865 6009 fines
1884 5994 1907 6007 ..
1924 5955 1974 6009 der
1987 5952 2116 6024 solymsdc
2128 5952 2196 6007 Sata
2208 5974 2243 5999 =
2256 5956 2283 6006 A
2298 5956 2346 6009 oia

841 6030 987 6097 possident,
1006 6045 1048 6082 roo
1066 6028 1094 6082 B
1111 6029 1248 6091 abbricht
1265 6045 1314 6081 um
1332 6033 1390 6082 eret
1408 6027 1452 6081 bei
1470 6028 1519 6082 der
1538 6028 1699 6093 Pdnformel
1716 6025 1819 6081 wieder
1837 6026 2012 6080 ciarusetsen
2092 6024 2291 6091 elnonensem
2313 6028 2342 6079 Δ

841 6100 862 6167 l)
880 6117 896 6152 a
913 6114 967 6152 ooo
986 6097 1128 6152 desselben
1146 6096 1237 6151 Herrd
1255 6114 1309 6151 aas
1328 6116 1343 6149 o
1362 6113 1432 6150 corr.
1452 6098 1478 6149 A
1550 6101 1586 6161 m)
1604 6098 1650 6151 die
1669 6096 1777 6161 Schrist
1796 6095 1957 6166 obperiehen
1976 6096 2002 6148 A
2369 6095 2406 6147 50
