5642 7159
660 768 726 834 220
1268 767 1591 830 uu1suuuuuuu
1597 768 1693 829 burt.

764 956 900 1044 Signum
925 956 990 1038 (ll.)
1014 955 1126 1021 domni
1149 954 1262 1021 Karoli
1286 955 1518 1041 gloriosissimi
1541 956 1639 1040 regis.

763 1095 908 1181 Optatus
930 1094 1081 1160 advicem
1104 1094 1235 1160 Radoni
1262 1092 1332 1179 <et>
1357 1095 1533 1180 recognovi
1558 1102 1590 1158 et
1618 1093 1755 1178 (scripsi
1780 1102 1813 1158 et
1833 1089 2046 1178 subscripsi).

761 1235 852 1299 Data
880 1251 943 1298 vlu
977 1232 1045 1297 kal.
1075 1232 1243 1298 novembr.
1279 1253 1365 1297 anno
1395 1250 1458 1296 xxi
1493 1241 1525 1297 et
1553 1248 1615 1298 xvi
1642 1234 1735 1316 regni
1770 1233 1873 1296 nostri
1883 1252 1890 1312 3
1929 1241 2040 1296 actum
2069 1230 2305 1317 Reganesburh

659 1341 795 1405 civitate
817 1346 952 1421 nostra3
975 1339 1008 1402 in
1033 1337 1085 1402 dei
1108 1337 1239 1402 nomine
1262 1336 1402 1402 feliciter
1425 1359 1531 1402 amen.

1443 1648 1529 1722 163.

660 1810 755 1881 Kart
782 1812 845 1881 der
877 1807 1005 1880 Grosse
1032 1808 1175 1880 verteitrt
1201 1809 1279 1878 dem
1306 1806 1451 1879 Ktoster
1476 1806 1533 1878 St.
1569 1805 1720 1878 Victor
1745 1807 1784 1878 iu
1810 1806 1995 1878 Marsaittc
2021 1806 2244 1878 Immaaita'tt.

1932 1945 2048 2006 Worms
2074 1949 2136 2005 790
2160 1946 2261 2006 Mars.

762 2137 918 2211 Absctrrift
940 2156 997 2197 aas
1020 2139 1073 2197 der
1099 2139 1221 2197 rwettea
1243 2136 1350 2210 Hdtfte
1371 2137 1423 2196 des
1446 2143 1497 2200 11.
1522 2137 1574 2199 Ja.
1604 2139 1647 2197 im
1673 2137 1779 2197 Graad
1809 2137 1972 2196 cartulaire
2002 2135 2026 2209 f.
2049 2139 2073 2195 2
2098 2139 2140 2194 ias
2163 2135 2305 2210 De'parte·

763 2245 1037 2303 amalasuinta
1058 2243 1212 2303 Marsettte
1235 2240 1301 2320 (B).

763 2384 902 2442 Martiae
931 2382 1000 2442 Uolt.
1031 2388 1060 2461 1,
1089 2385 1131 2441 46
1158 2399 1195 2441 err
1221 2383 1301 2444 aretz.
1329 2398 1353 2440 s.
1383 2382 1508 2441 Victoris
1536 2381 1589 2458 (Β)
1623 2405 1658 2432 =
1691 2381 1828 2455 Bouqaet
1852 2383 1881 2451 5,
1912 2383 1976 2441 752
2002 2386 2036 2438 πθ
2057 2382 2097 2440 64
2129 2404 2167 2434 ;.-
2202 2381 2308 2453 Mipne
2333 2395 2363 2444 ιο

763 2488 876 2547 Patrct.
894 2491 945 2558 97,
962 2490 1026 2548 978
1041 2492 1075 2545 rs⁰
1090 2490 1141 2548 54.
1164 2521 1206 2530 —
1233 2485 1374 2546 Gairard
1390 2485 1472 2549 Cart.
1489 2486 1525 2544 cte
1541 2486 1584 2545 St.
1607 2487 1705 2545 Victor
1727 2485 1763 2544 de
1777 2486 1930 2544 Marseitte
1948 2491 1976 2556 1,
1993 2489 2014 2545 8
2036 2491 2070 2543 rs⁰
2084 2489 2113 2545 8.
2141 2519 2178 2528 —
2204 2485 2306 2544 Marl-

765 2593 870 2651 bacher
890 2593 962 2666 Rep.
986 2595 1049 2652 304
1073 2589 1174 2670 (295).

764 2732 843 2790 Eine
858 2728 1011 2803 Absrtrrift
1034 2730 1152 2792 des17.
1169 2729 1220 2788 Ja.
1246 2732 1278 2788 irs
1294 2729 1500 2789 crrarrataires
1517 2729 1548 2790 Β.
1571 2730 1668 2787 Victor
1684 2734 1700 2788 1
1721 2727 1745 2801 f.
1762 2733 1805 2788 37
1819 2731 1851 2787 irs
1867 2729 2030 2788 demselbers
2045 2729 2155 2788 Archiv
2176 2733 2307 2802 stamma

765 2837 820 2894 wie
841 2835 889 2893 die
907 2836 1125 2908 qemeinsamea
1139 2832 1311 2906 Lesetetrler
1326 2836 1473 2904 ermetem,
1497 2851 1554 2893 aas
1571 2834 1609 2905 B,
1633 2850 1717 2892 scena
1735 2835 1811 2893 auctr
1826 2836 1917 2893 aebers
1940 2834 1994 2892 der
2009 2833 2207 2908 Siquamaeile
2229 2835 2308 2894 locus

764 2939 854 3013 sigilli
883 2940 1047 3012 anaeqebea
1068 2941 1117 2997 ist.
1153 2973 1194 2980 -
1229 2938 1392 2996 Formular
1423 2961 1460 2990 =
1490 2939 1602 2997 a⁰147
1629 2938 1683 3010 ayt.
1708 2938 1804 2997 Sicket
1832 2939 1925 2997 Beitr.
1949 2956 1976 2997 r.
2000 2937 2084 3010 Dipt.
2108 2938 2168 2996 III
2193 2939 2309 2998 Wiener
2332 2951 2363 3000 15

766 3041 826 3102 SB.
843 3045 895 3112 47,
917 3045 992 3102 201.
1027 3042 1119 3102 Ueber
1141 3041 1188 3099 die
1210 3041 1399 3114 Einreitmap
1420 3058 1462 3099 aa
1484 3046 1547 3102 790
1569 3042 1763 3102 Mtttrtbaetrer
1785 3043 1803 3104 l.
1827 3060 1868 3115 r.,·
1898 3043 1952 3101 der
1972 3043 2070 3103 Name
2092 3043 2142 3101 des
2165 3043 2309 3102 Acestett·

766 3149 843 3203 ortes
866 3163 922 3204 aas
946 3146 1106 3206 Wormatin
1127 3145 1269 3205 cerderbt.

765 3331 905 3397 Carolus
928 3332 1044 3418 gracia
1066 3331 1118 3396 dei
1141 3355 1200 3397 rex
1223 3333 1428 3399 Francorum
1452 3344 1484 3400 et
1508 3332 1804 3420 Langobardorum
1827 3357 1867 3400 ac
1890 3336 2049 3422 patricius
2071 3336 2306 3402 Romanorum.

765 3435 949 3501 Maximum
964 3436 1056 3521 regni
1072 3437 1177 3501 nostri
1193 3437 1227 3500 in
1251 3427 1313 3502 bo'c
1328 3460 1450 3524 augere
1466 3437 1631 3503 credimus
1647 3441 1895 3521 munimentum,
1920 3441 1946 3505 si
1964 3439 2179 3527 petitionibus
2199 3463 2307 3505 sacer·

663 3540 777 3605 dotum
799 3539 851 3605 vel
875 3562 1043 3606 servorum
1067 3539 1129 3621 dei,
1165 3542 1286 3628 inquo
1316 3543 1439 3608 nostris
1468 3542 1602 3608 auribus
1630 3543 1752 3608 fuerint
1779 3543 1917 3629 prolate,
1952 3543 2088 3608 libenti·
2116 3546 2226 3609 animo
2251 3543 2307 3609 ob·
2332 3560 2366 3609 20

662 3654 882 3730 temperamus
898 3654 997 3731 atque
1014 3645 1047 3709 in
1063 3644 1115 3709 dei
1131 3646 1261 3710 nomine
1277 3645 1321 3710 ad
1337 3645 1487 3712 effectum
1503 3646 1724 3731 perducimus.
1749 3646 1959 3733 Quapropter
1974 3657 2087 3712 notum
2106 3649 2148 3713 sit
2165 3649 2308 3713 omnium
2382 3717 2386 3725 ,

662 3748 807 3815 fidelium
842 3758 1029 3816 nostrorum
1058 3747 1294 3834 magnitudini,
1330 3750 1471 3836 qualiter
1500 3772 1559 3815 nos
1594 3750 1635 3817 ob
1665 3772 1810 3816 amorem
1841 3749 1964 3816 domini
1998 3749 2042 3815 ad
2075 3754 2309 3817 monasterium

662 3852 881 3936 Massiliense,
912 3852 1001 3939 quod
1028 3839 1083 3918 est'
1110 3851 1360 3938 [constructum]
1390 3856 1425 3920 in
1451 3854 1575 3920 bonore
1603 3854 1794 3940 beatissime
1824 3877 2018 3941 semperque
2046 3857 2184 3941 virginis
2208 3855 2309 3940 llariq

664 3956 714 4023 vel
738 3958 844 4022 sancti
867 3957 1014 4022 Victoris
1038 3958 1192 4040 martiris,
1222 3957 1288 4024 tale
1310 3957 1506 4024 beneficium
1536 3959 1597 4023 visi
1622 3979 1734 4022 sumus
1758 3959 1973 4040 concessisse,
2002 3968 2038 4024 nt
2064 3957 2121 4043 [in]
2148 3958 2233 4024 villis
2258 3959 2309 4024 vel

662 4061 761 4127 rebus
786 4084 843 4127 seu
867 4060 1069 4147 quibuslibet
1092 4061 1184 4145 locis,
1219 4085 1281 4148 quq
1310 4085 1351 4127 ex
1374 4062 1537 4127 bonorum
1564 4061 1752 4127 hominumb
1781 4062 1934 4148 largitate
1961 4062 2083 4128 ibidcm
2113 4063 2231 4148 largite
2258 4062 2309 4128 vel
2332 4079 2366 4128 aa

664 4165 813 4252 delegate
836 4166 957 4231 fuerint
979 4165 1032 4230 vel
1063 4167 1196 4231 inantea
1218 4188 1239 4230 a
1263 4165 1324 4230 deo
1354 4164 1546 4231 timentibus
1569 4165 1756 4231 bominibus
1783 4165 1905 4231 ibidem
1930 4165 2044 4231 datum
2075 4166 2128 4232 vel
2152 4167 2309 4232 traditum

663 4271 770 4351 fuerit,
794 4268 951 4355 quicquid
973 4267 1097 4334 ibidem
1120 4271 1205 4334 iuste
1229 4278 1262 4334 et
1283 4267 1526 4334 rationabiliter
1549 4271 1714 4355 pertinere
1738 4270 1875 4351 videtur,
1899 4269 2008 4336 nullus
2032 4269 2132 4335 iudex
2156 4270 2310 4356 publicus

663 4373 708 4439 ad
730 4394 850 4439 causas
874 4373 1074 4438 audiendum
1097 4373 1150 4438 vel
1173 4373 1267 4438 freda
1290 4371 1489 4458 exigendum
1514 4395 1572 4437 seu
1595 4375 1783 4438 mansiones
1807 4373 1857 4438 vel
1881 4383 2016 4461 paratas
2039 4373 2228 4439 faciendum
2250 4397 2311 4439 nec

664 4479 812 4542 homines
828 4478 930 4563 ipsius
943 4477 1082 4563 ecclesie
1097 4476 1358 4562 distringendum
1373 4486 1473 4563 atque
1486 4476 1701 4543 fideiussores
1719 4477 1898 4543 tollendum
1915 4500 1975 4542 nec
1988 4477 2073 4542 ullas
2085 4477 2310 4544 redibutiones

664 4579 816 4667 publicas
839 4583 1071 4668 requirendum
1093 4581 1214 4647 ibidem
1237 4602 1368 4668 quoque
1384 4590 1530 4667 tempore
1554 4582 1725 4668 ingredere
1741 4605 1802 4647 nec
1826 4592 1983 4647 exactare
2005 4582 2135 4668 penitus
2158 4605 2221 4647 non
2238 4604 2308 4668 pre·
2333 4599 2367 4648 30

664 4694 782 4759 sumat,
806 4686 864 4750 sed
890 4685 950 4750 sub
975 4687 1183 4752 emunitatis⁰
1204 4687 1335 4751 nomine
1358 4685 1517 4751 deberent
1539 4687 1730 4752 consistere.
1755 4686 1935 4772 Propterea
1959 4685 2044 4750 banc
2067 4687 2310 4772 preceptionem

664 4789 874 4854 auctoritatis
897 4799 1009 4874 nostre
1033 4789 1243 4855 conscribere
1258 4790 1427 4872 iussimus,
1451 4812 1623 4877 perquam
1647 4788 1835 4875 specialiter
1851 4788 2055 4855 decernimus
2080 4790 2310 4873 ordinandum,

664 4904 700 4958 ut
722 4892 831 4959 nullus
854 4893 1010 4981 quislibet
1034 4894 1075 4959 de
1098 4893 1193 4958 vobis
1216 4891 1300 4959 nec‘¹
1322 4893 1505 4958 iunioribus
1528 4894 1648 4958 vestris
1671 4894 1824 4958 ammodo
1842 4903 1875 4959 et
1897 4893 2073 4980 deinceps⁸
2095 4897 2127 4960 in
2147 4895 2235 4960 villis
2257 4895 2310 4961 vel

663 4998 763 5063 rebus
785 4998 912 5084 prefate
941 4997 1080 5083 ecclesie
1105 4998 1192 5062 intra
1219 5020 1322 5083 regna
1345 4996 1478 5062 Christo
1511 4999 1659 5084 propicio
1682 5007 1797 5063 nostra
1825 4996 1870 5062 ad
1892 5020 2012 5063 causas
2036 4998 2236 5066 audiendum
2259 4999 2324 5064 vel.

663 5101 758 5167 freda
781 5101 980 5187 exigendum
1014 5124 1075 5166 nec
1104 5102 1293 5167 mansiones
1316 5110 1374 5167 aut
1406 5110 1542 5188 paratas
1570 5103 1756 5168 faciendum
1787 5101 1840 5166 vel
1869 5101 2017 5167 homines
2046 5103 2151 5188 ipsius
2174 5102 2311 5188 ecclesie
2335 5119 2368 5166 aa

665 5205 926 5292 distringendum
949 5204 1002 5270 vel
1025 5205 1238 5271 fideiussores
1262 5204 1443 5271 tollendum
1466 5227 1526 5270 nec
1550 5205 1634 5270 ullas
1658 5205 1881 5271 redibutiones
1904 5203 2057 5292 publicas
2081 5206 2313 5292 requirendum

664 5309 797 5392 ibidem,
822 5319 858 5375 ut
882 5309 1036 5389 diximus,
1062 5309 1128 5375 ullo
1152 5331 1309 5395 umquam
1332 5318 1478 5394 tempore
1502 5308 1672 5394 ingredere
1694 5330 1755 5374 nec
1778 5318 1935 5374 exactare
1958 5311 2089 5395 penitus
2113 5330 2178 5374 non
2201 5332 2311 5396 presu·
2387 5303 2389 5310 ’

665 5415 773 5496 matis,
797 5413 856 5479 sed
880 5414 939 5479 sub
957 5415 1148 5479 emunitatis
1171 5416 1301 5479 nomine
1318 5411 1451 5478 valcant
1474 5410 1544 5496 illi‘,
1569 5414 1624 5499 qui
1648 5435 1733 5478 nuuc
1757 5422 1904 5499 tempore
1929 5411 2050 5478 ibidem
2072 5422 2217 5478 rectores
2240 5436 2313 5479 esse

664 5518 825 5598 videntur,
852 5519 967 5603 suique
992 5540 1201 5583 successores
1225 5539 1297 5583 cum
1322 5516 1474 5581 omnibus
1491 5517 1592 5582 fredis
1616 5519 1782 5582 concessis
1805 5517 1910 5602 quieti
1922 5517 2031 5581 vivere
2055 5525 2087 5581 ct
2109 5517 2254 5581 residere
2270 5525 2313 5598 et,

665 5621 821 5707 quicquid
844 5620 966 5686 ibidem
989 5644 1075 5687 nunc
1098 5621 1141 5686 ad
1165 5643 1300 5708 presens
1323 5621 1408 5686 iuste
1432 5630 1465 5685 et
1486 5619 1726 5685 rationabiliter
1748 5621 1910 5706 pertinere
1933 5621 2083 5686 videturss
2105 5620 2155 5686 vel
2180 5623 2312 5688 inantea
2335 5639 2369 5688 40

664 5725 769 5790 adeo
799 5725 992 5791 timentibus
1016 5724 1203 5792 hominibus
1231 5726 1275 5791 ad
1297 5726 1371 5811 ipsa
1400 5733 1516 5789 sancta
1544 5725 1619 5789 loca
1647 5725 1802 5790 traditum
1830 5725 1883 5790 vel
1913 5724 2100 5810 delegatum
2128 5725 2234 5799 fuerit,
2270 5749 2313 5792 ex

663 5837 778 5893 nostra
811 5826 1031 5894 auctoritate¹¹
1060 5828 1183 5895 ibidem
1211 5829 1388 5917 proficiant
1415 5829 1449 5894 in
1482 5829 1678 5914 augmentis,
1707 5831 1863 5916 quatinus
1892 5828 2009 5893 melius
2038 5828 2178 5894 delectet
2206 5828 2313 5916 ipsam

740 6014 800 6071 tou.
819 6017 845 6082 a)
862 6017 1022 6071 liberioriB
1092 6019 1120 6083 b)
1137 6020 1257 6070 omnium
1270 6017 1297 6072 Β
1366 6020 1392 6089 c)
1411 6021 1565 6071 emunitatis
1579 6017 1614 6082 B,
1632 6018 1730 6072 ebeaco
1744 6020 1774 6072 Ζ.
1788 6022 1824 6074 38
1894 6021 1922 6085 d)
1939 6034 2014 6073 corr.
2034 6033 2088 6072 aas
2108 6035 2195 6088 neque
2213 6020 2246 6072 de

818 6086 844 6150 e)
862 6087 988 6139 deincebs
1007 6088 1034 6140 Β
1103 6087 1232 6154 oraleat
1249 6088 1305 6139 illis
1323 6086 1351 6141 B
1421 6091 1449 6156 g)
1468 6090 1618 6156 pertinetur
1635 6086 1662 6141 Β
1732 6090 1760 6156 h)
1779 6091 1895 6142 karitate
1914 6089 1940 6141 B
