5642 7159
1052 725 1171 784 naas
1194 726 1282 784 nan
1303 711 1472 788 onos'ss
1495 760 1544 784 -.
2063 721 2128 788 svs

475 911 636 998 predictis
664 911 779 996 aliqua
806 912 1023 998 pecuniarum
1054 911 1189 977 datione
1217 910 1451 1000 aliquomodo
1481 912 1543 979 sibi
1571 914 1743 982 retinenda
1770 914 1947 1000 putaverit,
1982 914 2068 984 sciat
2090 936 2126 981 se

475 1039 588 1084 carere
611 1017 821 1104 impetratis¹¹
843 1026 877 1083 et
899 1025 1030 1083 centurn
1048 1016 1207 1084 librarum
1230 1020 1303 1085 anri
1325 1041 1445 1105 penam
1469 1019 1633 1104 daturum,
1655 1018 1867 1084 medietatem
1890 1027 2003 1086 nostro
2028 1041 2124 1086 sacro
2205 1081 2208 1086 .

475 1123 592 1205 erario,
625 1121 787 1207 reliquam
811 1121 955 1187 eisdem'
982 1121 1178 1188 custodibus
1206 1121 1422 1204 retinendam,
1458 1121 1520 1188 hac
1543 1144 1622 1188 vero
1651 1121 1850 1198 conditione,
1885 1131 1922 1188 ut
1944 1145 2124 1210 numquam

473 1224 575 1290 liceat
596 1224 721 1290 vobisw
749 1224 800 1290 vel
824 1224 1072 1291 successoribus
1096 1227 1238 1292 vestris¹
1266 1226 1424 1313 predictis
1448 1226 1643 1294 custodibus
1672 1249 1742 1293 rem
1766 1226 1914 1314 predicte
1942 1226 2081 1294 ecclesie
2104 1252 2125 1294 a

436 1343 528 1398 ome
550 1331 763 1396 constitutam
785 1329 885 1396 alicui
907 1350 1029 1415 magno
1052 1330 1105 1396 vel
1127 1351 1230 1417 parvo
1254 1331 1395 1398 vendere
1418 1339 1476 1398 aut
1499 1331 1644 1397 alienare
1667 1331 1720 1398 vel
1737 1330 1931 1398 subtrahere
1946 1354 2006 1418 per
2021 1331 2123 1398 ullum

474 1432 610 1500 modum
632 1442 691 1500 aut
711 1433 888 1519 ingenium.
911 1435 955 1499 Et
979 1434 1033 1520 qui
1056 1444 1172 1501 contra
1194 1434 1280 1501 hocy
1302 1435 1413 1503 facere
1429 1436 1676 1523 presumpserit,
1700 1445 1940 1502 trecentorum*
1963 1435 2125 1502 decernet

476 1548 551 1604 octo
568 1534 758 1604 sanctorum
773 1548 906 1624 patrum
921 1538 1141 1605 anathematis
1157 1540 1310 1606 vinculo·
1338 1587 1432 1606 .....
1440 1537 1455 1578 l
1477 1547 1531 1606 et⁰
1553 1540 1781 1608 ecclesiastica
1796 1541 1994 1607 auctoritate
2009 1549 2125 1606 nostra

475 1641 518 1708 ab
548 1641 692 1708 eeclesia
720 1691 815 1708 .....
829 1639 844 1680 l
872 1644 959 1710 siout
985 1641 1159 1710 ethnicus‘¹
1185 1653 1219 1711 et
1248 1645 1446 1731 publicanus
1475 1648 1616 1729 existst3
1655 1644 1849 1713 observator
1875 1647 1932 1734 qui
1967 1648 2124 1732 extiterit,

475 1746 598 1813 domini
620 1745 849 1814 benedictione
864 1747 1077 1814 redundetur.
1101 1747 1149 1814 Ut
1163 1749 1294 1816 verius'
1315 1749 1481 1826 credetur,
1505 1758 1655 1816 nostram
1670 1750 1811 1816 formam
1831 1751 1990 1836 scriptam
2013 1751 2124 1816 inesse

421 1865 453 1916 ιο
477 1848 700 1938 precipimusf.

577 1989 727 2056 Datum¹
748 2014 809 2080 per
831 2014 965 2059 manum
988 1994 1074 2059 Boni
1098 1993 1380 2061 archicancellarii
1404 2017 1490 2061 anno
1514 1993 1641 2062 tercio¹¹
1669 1996 1865 2083 patriciatus
1889 1995 2000 2064 Caroli
2023 1996 2124 2083 impe·

473 2092 620 2162 satoris¹.

1255 2358 1342 2436 315.

1207 2518 1385 2598 (Unecht.)

421 2689 453 2739 rs
475 2673 571 2746 Kcrl
596 2676 661 2746 der
692 2673 821 2748 Groasc
853 2676 991 2748 schealt
1024 2679 1103 2755 dem
1129 2676 1274 2749 Kloster
1299 2676 1335 2748 S.
1371 2675 1586 2750 Viaocczo
1620 2700 1679 2749 om
1713 2677 1882 2750 Volturno
1909 2679 1965 2750 die
1992 2676 2125 2749 Kirobe

475 2795 535 2866 des
560 2795 594 2866 lc.
616 2794 800 2886 Pereprin,
827 2798 885 2869 die
910 2820 959 2883 er,
989 2800 1101 2871 durch
1127 2800 1202 2870 eine
1229 2797 1350 2870 Vieioa
1375 2798 1602 2890 irrepefr‘tlrrt,
1631 2800 1696 2870 mit
1720 2797 1858 2871 (lettera
1884 2800 1944 2871 des
1964 2798 2125 2872 Kloeters

475 2923 697 3009 ouepoetcttet
722 2918 825 2990 hatte.

579 3209 689 3273 Oleros.
718 3214 933 3275 Voltumnae
962 3214 1028 3274 desa
1056 3214 1184 3290 Aafaap
1211 3216 1262 3276 des
1291 3219 1343 3277 12.
1367 3215 1423 3277 Jh.
1447 3215 1472 3287 s.
1498 3218 1539 3276 67
1561 3217 1595 3274 ia
1623 3215 1676 3275 der
1703 3214 1868 3274 Biblieteoa
1895 3213 2060 3274 Beroeam·
2085 3230 2127 3272 sa

577 3318 656 3377 Rom
679 3314 743 3397 (Β).

578 3455 732 3516 Marutorr'
755 3456 809 3517 SS.
832 3474 891 3518 rer.
914 3457 986 3519 Ital.
1011 3453 1058 3530 1⁶,
1083 3461 1144 3520 361
1169 3477 1227 3520 aas
1250 3460 1288 3521 Β.
1313 3492 1355 3504 -
1377 3460 1574 3520 Mthlhucher
1595 3461 1668 3534 Ray.
1694 3462 1758 3520 498
1781 3456 1882 3538 (483).

577 3596 751 3672 Fclsehaap
773 3597 824 3656 dea
843 3596 1020 3658 Chremetes
1035 3598 1189 3659 Johuaaes
1213 3599 1281 3677 (opt.
1299 3600 1347 3660 dte
1368 3600 1607 3674 Vorhernerltunp
1628 3618 1670 3659 sa
1685 3604 1719 3660 πθ
1732 3600 1821 3674 227),
1845 3597 1898 3657 der
1919 3597 1995 3657 auch
2017 3596 2126 3658 uada·

577 3701 676 3775 weitip
692 3700 736 3781 (so
752 3702 785 3759 ia
802 3701 855 3760 der
867 3701 1042 3777 aarum
1057 3702 1121 3775 aas
1131 3702 1187 3762 dea
1201 3703 1321 3764 Nemea
1336 3703 1387 3764 des
1401 3705 1518 3779 Kcnr'pa
1533 3705 1721 3776 Desideriss,
1737 3704 1892 3763 Maratori
1906 3701 1965 3764 ΒΗ.
1982 3696 2029 3774 1⁶,
2049 3700 2126 3777 353)

583 3805 726 3865 Visiones
752 3806 960 3880 ossahrs'npea
988 3806 1066 3877 lieht,
1101 3808 1176 3867 ohne
1198 3809 1269 3883 jede
1295 3809 1492 3869 arlaadlr‘cha
1520 3810 1652 3884 Vorlapa
1687 3810 1735 3868 dr'e
1756 3807 1935 3882 Eradhlmsp
1962 3808 2045 3867 setae
2066 3807 2125 3866 Er·

578 3908 714 3984 fiadaap,
738 3912 772 3970 irs
786 3910 844 3969 dea
866 3911 1034 3971 erhalteaea
1054 3913 1140 3972 Vites
1153 3913 1218 3974 aad
1232 3913 1328 3974 Acten
1350 3915 1404 3974 der
1425 3915 1454 3973 h.
1471 3915 1628 3988 Pereprr'ni
1649 3914 1734 3973 leriae
1748 3912 1942 3973 atiliatischers
1956 3910 2126 3986 adalelmo.

579 4097 815 4164 Inestimabilis
845 4119 971 4164 summe
1000 4099 1209 4186 perfecteque
1237 4100 1395 4165 trinitatis
1424 4100 1567 4166 essentia
1600 4108 1722 4166 cuncta
1749 4099 1822 4164 iura
1854 4118 2031 4184 regnorum
2060 4096 2126 4162 dis·

477 4212 618 4289 ponente
633 4201 775 4268 Carolus
789 4203 959 4270 Romanus
983 4212 1144 4290 augustus
1159 4205 1395 4291 imperatorum
1420 4205 1571 4272 deferens
1587 4213 1752 4290 sceptrum
1775 4203 1879 4269 totius
1895 4201 2039 4288 Europe.

476 4307 540 4373 Per
563 4306 811 4374 Amitemenses
835 4308 1085 4395 Valvensesque
1114 4319 1227 4395 partos
1255 4310 1289 4374 in
1318 4308 1427 4376 locum
1451 4310 1636 4396 Septifonte
1664 4307 1789 4374 dictum
1813 4329 1888 4372 cum
1916 4304 2126 4392 expeditione

475 4411 706 4477 innumerabili
732 4415 868 4479 veniens
895 4412 1008 4499 ibique
1036 4415 1117 4480 fessi
1150 4412 1383 4499 requievimus,
1418 4422 1495 4500 post
1523 4434 1699 4500 corporeos
1733 4420 1915 4499 apparatus
1950 4409 2126 4476 dormitum

420 4531 455 4582 to
476 4516 605 4582 ivimus.
628 4516 724 4583 Mens
741 4518 881 4586 diversis
897 4521 986 4585 ouria
1002 4541 1082 4604 egra
1098 4540 1138 4584 ac
1155 4517 1307 4601 sollicita,
1330 4518 1408 4584 licet
1431 4540 1509 4584 caro
1526 4522 1685 4606 quiescat,
1709 4515 1930 4583 inestimanda
1948 4513 2127 4600 cogitando

476 4620 567 4686 videt
582 4630 615 4688 et
636 4619 781 4688 videndo
798 4623 935 4708 cogitat
958 4623 1071 4688 Media
1085 4622 1153 4688 iam
1175 4623 1243 4688 fere
1266 4631 1363 4690 nocte
1386 4621 1521 4709 quidam
1545 4623 1739 4710 peregrinus
1762 4645 1821 4709 per
1844 4621 1954 4686 omnia
1976 4617 2127 4707 pulcher·

475 4725 577 4790 rimus
599 4723 680 4790 mihi
703 4727 878 4794 dormienti
900 4729 1056 4814 apparuit
1077 4737 1183 4794 totum
1205 4751 1259 4794 me
1282 4729 1481 4806 illuminans,
1508 4726 1620 4793 velut·
1643 4725 1785 4792 visibilis
1808 4748 1848 4792 ac
1871 4723 2053 4790 materialis
2077 4721 2128 4788 sol

477 4827 653 4915 splendore
677 4840 781 4897 toturn
805 4831 969 4898 illuminat
990 4832 1160 4918 mundum,
1189 4834 1244 4919 qni
1267 4833 1347 4898 mihi
1370 4831 1454 4898 talia
1474 4831 1578 4897 verba
1599 4831 1765 4918 profatur:
1804 4830 1867 4915 ,Tu
1890 4838 2008 4917 potens
2031 4828 2127 4915 quasi

475 4935 510 4999 in
532 4934 639 5022 gloria
659 4938 841 5023 requiescis
864 4957 925 5002 neo
947 4958 1061 5002 curam
1082 4938 1148 5003 mei
1170 4935 1334 5023 michique
1362 4935 1509 5002 fidelium
1537 4957 1577 5001 ac
1605 4936 1800 5001 memoriam
1826 4932 2005 5022 producis‘.
2051 4930 2127 4997 Tali

421 5055 454 5104 so
476 5039 604 5106 visione
627 5042 842 5107 tremefactus
866 5041 995 5106 surrexi
1018 5037 1157 5106 sedensb
1181 5051 1215 5106 et
1237 5043 1399 5127 cogitans,
1426 5040 1590 5128 quidhoc
1613 5062 1687 5106 esse
1710 5041 1826 5127 possit.
1861 5040 1984 5105 Iterum
2008 5059 2127 5124 sopore
2193 5071 2195 5076 ·

459 5140 596 5230 'captus
618 5146 812 5230 perterritus
836 5146 955 5231 quievi.
993 5145 1075 5211 Mox
1098 5145 1240 5232 quedam
1263 5145 1371 5229 arbor,
1400 5145 1442 5211 de
1466 5168 1532 5234 qua
1554 5156 1679 5233 septem
1702 5146 1810 5211 fontes
1833 5143 2031 5211 videbantur
2054 5163 2128 5229 pro·

476 5248 595 5314 cedere
616 5247 776 5314 mundum
799 5256 906 5314 totum
927 5250 1113 5335 irrigantes,
1142 5271 1244 5336 supra
1267 5273 1319 5316 me
1342 5253 1415 5316 visa
1438 5260 1491 5318 est
1512 5250 1681 5316 assistere.
1727 5251 1817 5315 Inter
1840 5249 1900 5314 heo
1930 5247 2047 5314 diurna
2069 5246 2129 5312 lux

477 5350 707 5437 crepusculum
723 5352 827 5418 dabat
842 5362 874 5418 et
889 5373 970 5418 cura
986 5360 1018 5418 et
1033 5354 1159 5419 visione
1182 5363 1216 5419 et
1232 5376 1350 5440 sopore
1373 5354 1453 5420 mihi
1476 5355 1632 5442 depresso
1650 5354 1844 5441 peregrinus
1859 5351 2129 5439 perspicuissime

476 5455 560 5521 lucis
583 5455 739 5542 lampade
763 5456 880 5543 plenus
903 5457 965 5522 deo
990 5457 1032 5522 ab
1056 5458 1169 5524 inferis
1191 5457 1340 5525 redeunti
1370 5458 1563 5545 duobusque
1587 5456 1759 5544 discipulis
1788 5459 1822 5522 in
1843 5457 2003 5521 fractione
2030 5455 2128 5541 panis

418 5644 454 5695 40
553 5644 614 5702 tls
633 5647 662 5713 n)
679 5649 858 5714 impetra...
880 5645 933 5701 ΒΟ
999 5649 1027 5713 v)
1044 5647 1132 5699 eidem
1149 5646 1180 5701 D
1249 5647 1286 5712 vr)
1303 5648 1380 5697 nobis
1399 5645 1452 5699 01>
1538 5645 1567 5711 x)
1584 5647 1685 5698 nostris
1703 5643 1733 5698 D
1812 5644 1842 5710 y)
1859 5644 1909 5694 heo
1927 5641 1954 5694 Β
2034 5642 2060 5710 s)
2077 5649 2129 5694 ter·

630 5724 768 5768 centorum
787 5716 817 5770 D
911 5719 937 5785 a)
954 5717 1044 5769 iaculo
1062 5715 1150 5779 1301),
1170 5715 1216 5770 dia
1251 5714 1417 5769 morositate
1437 5713 1547 5768 Formel
1565 5713 1669 5767 lactet:
1699 5714 1879 5766 anathematis
1898 5713 2043 5764 innodetur
2060 5710 2128 5766 oder

631 5789 667 5837 sit
684 5786 829 5838 innodatus
907 5789 936 5854 b)
953 5784 1049 5840 Mose
1066 5784 1147 5839 BCD
1217 5732 1293 5852 olax
1312 5785 1339 5838 B
1417 5785 1444 5851 d)
1462 5786 1555 5836 eniens
1573 5782 1600 5836 Β
1681 5784 1708 5852 e)
1725 5799 1818 5864 verum
1837 5781 1890 5835 01>
1958 5781 2127 5848 Oderacoh

629 5855 662 5910 s'a
674 5855 702 5910 Β
719 5855 781 5910 εἰπε
792 5857 849 5910 Art
861 5855 1068 5925 Mersoprsssrs,
1085 5857 1110 5908 a
1127 5855 1178 5908 mit
1196 5853 1496 5924 etupeachrs'abeaemv
1514 5853 1575 5908 aad
1593 5853 1652 5906 ΤΕ
1670 5854 1702 5908 iss
1719 5851 1857 5907 uuunder
1875 5851 2059 5907 oersmrrtakt

631 5927 659 5992 g)
678 5927 740 5978 Dat
761 5923 813 5980 OD
883 5928 912 5993 h)
929 5942 1049 5978 anno...
1072 5922 1096 5978 0
1163 5926 1184 5993 i)
1200 5923 1271 5993 fehlt
1291 5923 1351 5980 01).

419 6044 454 6094 4⁶
552 6049 617 6106 815.
636 6051 662 6119 a)
679 6050 760 6103 velud
778 6050 805 6103 Β
875 6051 902 6117 b)
920 6052 1010 6102 sidens
1028 6049 1055 6103 B

1923 6149 1973 6199 60*
