5642 7159
1072 741 1194 802 naun
1216 739 1305 802 nnn
1328 739 1500 802 cnossn
1526 737 1623 820 [reu.
2097 731 2159 797 229

514 929 586 994 loco
612 929 666 1014 qui
690 927 810 994 dicitur
833 926 1097 1014 Ohyrihcpaoh⁸,
1121 949 1197 993 cum
1218 926 1361 992 basilica
1383 926 1429 992 ibi
1445 935 1636 993 constructa
1660 935 1774 1011 sancte
1789 925 1893 1008 Maris
1917 921 1970 988 dei
1993 921 2162 1008 genitricis

514 1042 547 1098 et
572 1033 677 1097 saneti
700 1031 899 1098 Michahelis
922 1033 1105 1117 ceterisque
1128 1031 1210 1097 locis
1233 1030 1280 1096 ibi
1314 1035 1570 1119 circumquaque
1599 1031 1684 1095 iuste
1707 1051 1747 1094 ac
1769 1027 1921 1114 legaliter
1950 1026 2106 1091 subiectis
2130 1034 2163 1089 et

514 1157 589 1201 cum
614 1135 764 1201 omnibus
793 1136 998 1220 pertinentiis
1021 1143 1054 1199 et
1077 1134 1271 1201 adiacentiis
1299 1135 1447 1202 eiusdem
1474 1135 1538 1200 loci
1561 1134 1605 1198 ad
1636 1133 1812 1220 ecclesiam
1840 1131 1892 1196 dei
1916 1128 2063 1203 tradidit,
2099 1149 2162 1214 que

514 1242 621 1306 estin
644 1237 726 1304 urbe
749 1240 888 1304 Patavia
911 1239 945 1304 in
968 1239 1090 1305 honore
1114 1241 1220 1305 sancti
1243 1240 1401 1326 Stephani
1425 1239 1665 1325 protomartiris
1689 1244 1889 1318 constructa,
1925 1232 2163 1321 postulansque

476 1359 492 1406 5
515 1343 620 1409 isdem
643 1343 841 1410 venerabilis
863 1345 915 1409 vir
938 1343 1118 1410 Waltricus
1148 1344 1323 1431 episcopus
1351 1364 1501 1409 necnon
1526 1362 1625 1427 supra
1653 1349 1835 1406 memorata
1857 1347 2008 1403 matrona
2030 1336 2163 1401 Irmins·

515 1448 613 1532 wind,
644 1458 681 1514 ut
703 1451 812 1536 ipsam
840 1449 1050 1515 traditionem
1073 1447 1223 1533 legaliter
1250 1457 1420 1533 peractam
1443 1469 1502 1533 per
1530 1455 1720 1531 preceptum
1750 1444 1957 1510 auctoritatis
1986 1449 2097 1524 nostre
2121 1437 2162 1502 ob

515 1573 660 1619 amorem
689 1553 742 1618 dei
772 1562 805 1618 et
831 1553 1049 1619 reverentiam
1078 1554 1185 1618 sancti
1210 1552 1369 1640 Stephani
1397 1572 1489 1617 more
1519 1548 1699 1636 <imperiali
1707 1546 1738 1630 ιι>
1774 1548 2051 1613 confirmaremus.
2096 1543 2163 1608 Nor

515 1665 625 1720 autem
648 1657 745 1721 iustis
768 1656 989 1742 peticionibus
1012 1677 1126 1721 eorum
1141 1656 1256 1721 libenti
1279 1657 1389 1721 animo
1406 1653 1624 1720 obaudientes
1649 1655 1806 1719 iussimus
1821 1651 1897 1717 inde
1920 1647 2085 1715 conscribi
2101 1647 2163 1712 hoc

515 1769 626 1845 nostre
649 1761 856 1825 auctoritatis
885 1770 1089 1846 preceptum,
1124 1783 1184 1848 per
1210 1758 1301 1846 quod
1328 1759 1533 1825 decernimus
1562 1767 1661 1845 atque
1689 1759 1820 1824 omnino
1849 1755 2011 1836 iubemus,
2046 1762 2082 1818 ut
2103 1750 2164 1836 hee

462 1881 494 1930 10
517 1864 645 1951 prefata
675 1863 810 1930 traditio
836 1864 1066 1949 Irminswinde
1095 1886 1116 1928 a
1144 1863 1241 1929 nobis
1271 1863 1400 1952 plenius
1430 1865 1463 1928 in
1492 1864 1544 1929 dei
1574 1864 1707 1928 nomine
1735 1862 1929 1926 confirmata
1958 1880 2016 1943 per
2045 1863 2165 1922 cuncta

516 1968 627 2032 futura
650 1968 764 2034 secula
788 1968 917 2033 stabilis
940 1977 973 2033 et
995 1966 1191 2033 inconvulsa
1213 1978 1405 2054 permaneat
1428 1967 1631 2055 liberamque
1654 1965 1773 2032 abhinc
1801 1970 1998 2050 potestatem
2021 1959 2166 2025 habeant

518 2092 631 2136 omnes
653 2081 800 2137 rectores
823 2071 971 2137 eiusdem
993 2073 1120 2159 prefate
1144 2072 1233 2137 sedis
1256 2073 1288 2136 in
1313 2071 1465 2138 omnibus
1489 2072 1529 2138 de
1553 2072 1604 2138 his
1627 2070 1728 2137 rebus
1751 2069 1913 2150 ordinare,
1938 2065 2110 2152 disponere
2134 2071 2166 2127 et

516 2197 630 2259 regere
658 2175 711 2241 vel
739 2176 896 2263 quicquid
924 2177 971 2241 eis
1001 2173 1144 2259 libuerit,
1181 2177 1338 2263 perficere
1367 2178 1528 2242 canonica
1559 2184 1690 2242 servata
1717 2174 1925 2240 auctoritate.
1971 2171 2015 2234 Et
2042 2178 2080 2232 ut
2106 2167 2166 2250 hec

518 2280 701 2345 auctoritas
715 2280 840 2346 firmior
856 2279 1018 2345 habeatur
1035 2279 1086 2345 vel
1109 2302 1167 2365 per
1185 2288 1335 2367 tempora
1356 2279 1467 2345 sutura
1483 2279 1614 2345 Christo
1638 2279 1779 2366 propitio
1802 2276 1919 2341 melius
1942 2280 2165 2352 conservetur,

406 2456 408 2459 ,
464 2401 496 2449 15
519 2406 620 2449 manu
642 2386 778 2472 propria
802 2383 916 2449 subter
938 2384 1142 2450 firmavimus
1166 2393 1199 2449 et
1222 2384 1263 2449 de
1285 2383 1384 2449 anulo
1408 2395 1522 2450 nostro
1547 2384 1685 2469 sigillari
1709 2383 1874 2447 iussimus.

622 2523 755 2610 Signum
781 2528 866 2603 (ll.)·
887 2524 1005 2590 Karoli
1028 2523 1258 2610 gloriosissimi
1280 2525 1379 2609 regis.

622 2663 810 2730 Erkanbalt
831 2663 982 2730 advieem
1003 2663 1143 2729 Radoni.

1306 2975 1394 3049 171.

520 3132 615 3203 Korl
633 3134 697 3203 der
722 3129 850 3203 Grosse
873 3131 1030 3222 beetdtipt
1056 3134 1134 3203 dem
1154 3132 1300 3206 Kloeter
1325 3132 1468 3222 Furfo
1496 3133 1560 3204 das
1578 3156 1644 3205 cors
1664 3132 1863 3218 Hilderiels,
1892 3135 2012 3204 dassen
2029 3131 2169 3202 Mulier

463 3277 498 3325 ao
519 3253 595 3324 und
627 3251 790 3324 Gemella
813 3253 1010 3344 pascbeulrte
1043 3252 1126 3326 eut.

1692 3359 1884 3432 russeum
1907 3360 1967 3416 791
1994 3354 2123 3430 August.

623 3549 796 3622 Rapistrum
818 3546 967 3621 Fcrsmse
989 3566 1046 3608 aus
1069 3549 1135 3609 dem
1157 3550 1246 3610 Eride
1268 3552 1317 3611 des
1340 3557 1392 3612 11.
1417 3551 1471 3613 Jls.
1494 3553 1529 3610 irs
1552 3548 1621 3611 (lod.
1651 3549 1743 3608 Velie.
1767 3552 1854 3610 8487
1884 3545 1908 3618 f.
1932 3552 1976 3611 52
2001 3552 2035 3605 rs⁰
2050 3549 2113 3606 178
2135 3548 2168 3604 iss

623 3651 676 3710 der
703 3652 926 3713 Vaticaniselsea
949 3652 1119 3712 Bibliothels
1140 3671 1182 3713 sss
1203 3655 1282 3715 Rom
1306 3654 1370 3733 (Β).

624 3789 776 3868 (canuti)
794 3791 939 3851 Memoris
961 3792 994 3850 di
1008 3793 1092 3852 Rieti
1113 3798 1178 3854 107
1200 3811 1256 3854 aus
1271 3795 1309 3856 Β.
1333 3828 1375 3837 -
1396 3796 1522 3869 questo
1546 3794 1578 3853 di
1599 3791 1702 3866 Furfo
1715 3797 1747 3863 2,
1771 3794 1833 3853 135
1857 3797 1891 3850 πθ
1905 3793 1969 3850 162
1991 3806 2048 3848 cus
2064 3789 2103 3848 B.
2127 3822 2168 3832 -

624 3895 821 3955 Mdhlbccher
841 3897 916 3970 Rep.
939 3899 1005 3956 312
1027 3894 1127 3975 (303).

623 4035 686 4095 Der
708 4036 805 4096 Name
829 4037 879 4095 des
902 4037 1154 4110 Requoseenten
1176 4055 1233 4097 cus
1256 4038 1455 4099 Ercanbaldns
1477 4038 1619 4098 verderbt.

623 4223 769 4288 Karolus
792 4226 901 4310 gratia
923 4223 976 4289 dei
998 4248 1059 4291 rex
1081 4226 1285 4292 Francorum
1309 4235 1342 4292 et
1364 4224 1663 4312 Langobardorum
1688 4247 1727 4289 ac
1751 4225 1912 4310 patricius
1935 4225 2169 4290 Romanorum.

625 4326 660 4394 Si
682 4327 898 4414 petitionibus
929 4328 1140 4395 sacerdotum
1162 4329 1216 4395 vel
1245 4353 1416 4397 servorum
1440 4329 1493 4395 dei
1522 4329 1662 4394 libenter
1689 4329 1864 4393 annuimus
1888 4337 1921 4393 et
1948 4327 1991 4393 ad
2019 4328 2170 4394 effectum

522 4431 745 4518 perducimus,
781 4430 843 4496 hoe
865 4432 963 4498 nobis
986 4433 1029 4499 ad
1052 4434 1236 4500 mercedem
1264 4444 1458 4523 perpetuam
1485 4457 1543 4500 seu
1573 4432 1789 4500 stabilitatem
1811 4433 1904 4519 regni
1933 4435 2038 4498 nostri
2061 4434 2094 4498 in
2118 4431 2170 4497 dei

466 4549 501 4599 30
522 4535 654 4600 nomine
676 4537 840 4620 pertinere
857 4536 1062 4601 confidimus.
1090 4538 1196 4624 Igitur
1210 4548 1324 4604 notum
1341 4541 1385 4604 sit
1401 4537 1555 4605 omnibus
1573 4537 1747 4623 agentibus
1763 4536 1970 4623 presentibus
1987 4545 2020 4601 et
2041 4535 2169 4616 futuris,

523 4638 664 4725 qualiter
685 4639 885 4706 venerabilis
900 4639 1117 4706 Maurcaldus
1141 4642 1246 4708 abbas
1263 4643 1303 4708 de
1326 4643 1529 4709 monasterio
1554 4651 1667 4726 sancte
1684 4640 1736 4706 dei
1760 4641 1929 4726 genitricis
1946 4639 2059 4722 Marie,
2083 4637 2172 4724 quod

523 4751 573 4807 est
596 4742 695 4807 situm
722 4744 756 4807 in
778 4743 943 4808 Acutiano
973 4744 1130 4810 territorii
1154 4745 1357 4828 Sabinensis,
1391 4747 1494 4812 missa
1516 4745 1675 4832 petitione
1705 4767 1763 4830 per
1789 4743 1963 4830 religiosos
1990 4742 2170 4810 monachos
2282 4763 2283 4768 ¹

522 4866 611 4928 suos,
628 4846 845 4913 Laurentium
860 4847 1015 4914 videlieet
1030 4846 1249 4934 presbiterum
1265 4860 1298 4915 et
1314 4851 1521 4916 Decorosum
1536 4849 1700 4914 medicum
1717 4871 1778 4914 nee
1792 4870 1859 4913 non
1872 4847 2069 4931 Altbertum,
2085 4868 2171 4912 sere·

522 4949 617 5013 nitati
641 4959 752 5034 nostre
769 4953 944 5037 suggessit,
969 4972 1008 5016 eo
1025 4952 1114 5038 quod
1131 4952 1265 5038 quidam
1280 4954 1377 5019 homo
1393 4953 1525 5019 nomine
1541 4951 1732 5017 Hilderieus
1749 4962 1782 5017 et
1796 4953 1941 5037 genitrix
1956 4973 2018 5016 sua
2039 4951 2171 5016 nomine

468 5070 502 5117 uu
526 5051 712 5139 Taciperga
735 5076 879 5119 necnon
902 5056 971 5120 eius
995 5056 1117 5121 coniux
1140 5056 1270 5122 nomine
1290 5057 1485 5144 Hilciperga
1506 5057 1704 5122 unanimiter
1725 5058 1944 5121 assentientes
1966 5077 2019 5120 res
2041 5054 2172 5140 aliquas

524 5158 735 5242 proprietatis
759 5179 872 5223 eorum
895 5167 1087 5245 propteroa
1109 5164 1373 5228 remuneratione
1389 5162 1434 5228 ad
1457 5162 1659 5229 antedictum
1679 5162 1916 5227 monasterium
1939 5169 2052 5244 sancte⁴
2069 5158 2171 5243 Marie

524 5282 582 5345 per
596 5261 815 5327 instrumenta
824 5261 849 5343 ¹)
872 5262 1127 5346 condonassent,
1151 5265 1287 5332 undeet
1306 5267 1415 5352 ipsam
1430 5266 1642 5332 traditionem
1657 5265 1818 5331 bonorum
1836 5265 2003 5330 hominum
2020 5261 2171 5328 manibus

523 5364 715 5430 roboratam
748 5365 847 5432 nobis
876 5368 940 5451 ipsi
973 5367 1127 5432 monachi
1159 5369 1194 5433 in
1227 5371 1394 5455 presentia
1417 5369 1461 5435 ad
1494 5369 1706 5454 relegendum
1735 5368 1950 5434 ostenderunt
1977 5375 2171 5446 asserentes,

525 5468 615 5554 quod
630 5470 720 5556 ipsas
735 5493 798 5553 res,
823 5471 909 5536 sicut
923 5472 957 5536 in
972 5472 1049 5556 ipsa
1072 5472 1249 5538 donatione
1265 5476 1483 5556 continetur·,
1507 5495 1565 5560 per
1581 5475 1686 5559 ipsam
1702 5482 1828 5538 cartam
1845 5479 2002 5537 tenerent.
2031 5469 2097 5535 Sed
2111 5489 2172 5555 pro

467 5573 652 5659 reintegra
674 5574 829 5641 firmitate
852 5577 1019 5661 petierunt
1041 5576 1271 5643 celsitudinem
1295 5586 1456 5661 nostram,
1479 5586 1517 5642 ut
1538 5599 1598 5665 per
1620 5586 1767 5642 nostram
1791 5577 2021 5642 auctoritatem
2044 5573 2173 5659 plenius

594 5761 654 5817 170.
672 5764 698 5829 c)
716 5763 884 5832 Chirebpaeh
898 5765 940 5830 0¹,
959 5766 1127 5818 Chirchhacb
1144 5764 1180 5820 0²
1254 5767 1281 5829 d)
1299 5765 1532 5820 wuhrscbeiuls'els
1549 5763 1671 5819 cerleseu
1689 5765 1740 5830 seir
1758 5765 1845 5832 regali
1863 5733 1916 5832 apl.
1935 5775 1968 5816 πθ
1982 5766 2020 5818 97
2036 5763 2172 5830 sequendo

673 5850 772 5886 morem
790 5851 884 5902 regum
903 5843 1104 5888 antecessorum
1209 5836 1234 5903 e)
1252 5835 1306 5888 dus
1323 5835 1521 5905 Morsoprcmm
1540 5851 1586 5888 cm
1608 5833 1709 5888 Βαράκ
1730 5833 1758 5888 0.

595 5934 654 5990 171.
674 5937 701 6004 a)
719 5941 839 5990 continet
857 5936 884 5989 B

553 6039 575 6107 1)
597 6039 656 6092 Vsu
676 6043 727 6094 786
746 6040 813 6095 Dec.
832 6041 893 6095 aad
915 6045 963 6096 791
983 6041 1058 6108 Mai,
1077 6043 1197 6113 Repesto
1216 6043 1248 6097 di
1265 6043 1364 6110 Fossa
1381 6046 1410 6111 2,
1428 6047 1482 6098 119
1498 6045 1614 6112 s0142;
1633 6045 1658 6108 5,
1675 6044 1731 6097 215
1748 6053 1782 6096 πο
1795 6043 1877 6096 1227.
