5642 7159
1084 750 1203 809 KABL
1225 747 1314 808 BER
1336 749 1504 809 seuseu
1528 744 1600 810 803.

1305 935 1392 1013 aba.

515 1092 612 1165 Kort
638 1095 702 1166 der
733 1092 861 1167 Grossc
887 1094 1046 1188 barocipt
1071 1098 1135 1169 der
1160 1095 1293 1169 Ktrcbc
1318 1119 1385 1168 ooo
1415 1093 1536 1168 Gamo
1564 1095 1632 1166 deo
1658 1093 1789 1164 Bestia.

1584 1234 1778 1308 chcosboro
1800 1234 1864 1293 803
1886 1230 2049 1290 November
2070 1233 2123 1292 17.

622 1439 785 1501 Obortolor
806 1441 858 1502 des
881 1447 933 1505 14.
950 1444 1003 1504 Jt.
1028 1443 1087 1516 f.1
1112 1444 1221 1503 iader
1234 1444 1399 1504 Bibliotccu
1414 1443 1616 1502 Ambrosiam
1637 1459 1678 1501 aa
1701 1441 1843 1502 Metload
1861 1438 1916 1520 (B)
1942 1463 1982 1495 =
2006 1437 2171 1500 Obortolur

621 1545 672 1604 dcs
695 1548 746 1607 16.
771 1546 824 1606 Jb.
843 1564 877 1620 p.
903 1552 919 1606 1
946 1549 979 1606 irs
1001 1548 1068 1608 dem
1090 1549 1303 1623 biecbotts'ctcrs
1325 1549 1435 1608 Archiv
1456 1567 1497 1608 ru
1522 1545 1609 1610 Omne
1629 1546 1691 1627 (8).

625 1700 739 1773 uetere
760 1701 854 1761 Italic
875 1719 963 1762 socru
979 1706 1008 1776 5,
1030 1706 1095 1765 245
1117 1711 1152 1764 o⁰
1165 1709 1218 1780 29,
1241 1710 1272 1768 2.
1290 1707 1335 1766 cd.
1350 1709 1416 1768 263
1438 1711 1472 1764 a⁰
1485 1710 1528 1766 29
1552 1722 1589 1765 ca
1610 1706 1690 1764 arob.
1714 1704 1843 1764 cathedr.
1861 1700 1912 1781 (0)
1936 1725 1977 1757 =
2000 1702 2045 1762 Le
2069 1699 2172 1762 Cuistc

621 1805 701 1864 Aac.
726 1808 754 1878 6,
779 1809 842 1866 820
864 1825 905 1865 ca
927 1811 992 1868 803
1012 1815 1048 1865 ss⁰
1062 1813 1114 1881 63,
1138 1832 1180 1864 .-.
1203 1810 1338 1870 Damont
1361 1811 1457 1884 corps
1480 1811 1553 1884 dipl.
1578 1815 1627 1882 11,
1650 1813 1673 1870 2
1693 1815 1728 1868 n⁰
1742 1813 1772 1881 4,
1797 1831 1838 1863 =
1859 1808 1962 1882 Miyno
1984 1806 2097 1866 Patrol·
2116 1809 2169 1877 97,

566 1960 568 1963 .
621 1914 706 1971 1029
723 1916 757 1968 o⁰
778 1914 832 1981 20,
848 1934 889 1965 =
913 1909 979 1972 OD.
996 1913 1130 1988 Longob.
1149 1913 1245 1992 (Mors.
1260 1917 1381 1988 patriae
1402 1914 1458 1991 13)
1482 1919 1547 1976 147
1567 1920 1602 1972 n⁰
1617 1918 1667 1974 77.
1691 1947 1732 1957 -
1760 1914 1841 1973 Tetti
1857 1912 1971 1971 Annali
1989 1911 2021 1969 di
2037 1908 2124 1971 Cuma
2140 1914 2169 1980 1,

621 2015 684 2074 945
707 2032 743 2073 ec
765 2015 858 2075 tobel.
882 2013 965 2075 Gom.
991 2011 1045 2098 (0)
1070 2039 1111 2071 =
1134 2016 1214 2078 Solis
1238 2019 1436 2091 Stootsomcb.
1454 2019 1503 2078 das
1531 2019 1653 2079 Vctttius
1676 2023 1706 2089 4,
1731 2020 1750 2079 5
1774 2017 2005 2090 unuotlstdndip,
2029 2037 2070 2069 =
2094 2012 2170 2087 Gop-

466 2131 497 2178 10
617 2117 735 2191 pctlctti
758 2115 861 2178 assae
883 2115 1010 2178 d'Italio
1034 2126 1085 2191 11,
1109 2125 1183 2182 319.
1208 2154 1245 2166 -
1272 2122 1466 2182 Mdblbacbcr
1486 2124 1560 2197 Rau.
1584 2125 1647 2184 405
1672 2123 1772 2203 (397).

621 2275 706 2345 neoc,
735 2275 906 2348 interpolirt
933 2294 996 2336 aar
1024 2278 1072 2336 dic
1099 2278 1168 2337 tetur
1194 2295 1251 2338 uos
1273 2279 1340 2338 dem
1362 2277 1590 2352 Formclpcfttpc
1618 2277 1748 2338 trctcodc
1771 2277 1862 2338 Stella
1889 2279 1918 2336 et
1940 2274 2102 2353 specialiter
2129 2305 2169 2318 -—

622 2380 792 2440 confirmare
814 2382 982 2442 deberemus
1004 2382 1061 2457 ool.
1077 2382 1271 2443 Mtttboctcr
1292 2383 1311 2442 t.
1329 2400 1363 2453 c.,
1388 2381 1442 2441 der
1456 2382 1553 2443 Nomc
1576 2382 1626 2442 doe
1641 2381 1853 2442 Aosstcllortcs
1881 2397 1938 2440 cus
1965 2380 2173 2454 Reganesbuug

623 2484 767 2545 cerderbt.

620 2691 659 2757 In
683 2693 814 2756 numine
837 2694 941 2777 patris
965 2695 1078 2759 attilii
1102 2702 1135 2758 et
1157 2694 1293 2778 spiritus
1317 2694 1422 2758 sancti
1447 2714 1554 2758 amen.
1587 2690 1735 2756 Karolus
1759 2690 1987 2756 serenissimus
2009 2697 2172 2773 augustus

465 2809 497 2857 1e
520 2816 541 2859 a
563 2794 625 2860 deo
649 2804 849 2861 coronatus·
870 2818 1010 2883 magnus
1034 2797 1194 2882 pacificus
1217 2798 1397 2882 imperator
1419 2796 1603 2861 Romanum
1627 2794 1816 2880 gubernans
1843 2794 2026 2879 imperium,
2061 2792 2117 2878 qui
2140 2801 2174 2857 et

520 2919 579 2982 per
602 2898 860 2964 misericordiam
891 2899 943 2964 dei
971 2924 1032 2966 rex
1055 2901 1259 2965 Francorum
1288 2909 1322 2965 et
1344 2898 1652 2985 Longobardorum.
1758 2897 1793 2964 Si
1822 2896 2043 2984 peticionibus
2067 2918 2172 2961 sacer·

520 3000 633 3066 dotum
657 3002 710 3067 vel
726 3024 895 3068 servorum
918 3003 983 3082 dci,
1006 3004 1040 3069 in
1063 3027 1126 3091 quo
1144 3005 1267 3069 nostris
1291 3003 1427 3068 auribus
1443 3003 1667 3090 patefecerint,
1691 3000 1831 3066 libenter
1847 2999 2045 3066 obaudimus
2061 3008 2094 3065 et
2116 3020 2172 3064 eas

520 3103 563 3169 ad
586 3106 738 3171 effectum
759 3104 1002 3192 perducimusb,
1026 3106 1089 3173 hoc
1112 3107 1209 3173 nobis
1231 3107 1347 3194 procul
1371 3105 1471 3171 dubio
1495 3106 1537 3172 ad
1561 3115 1731 3172 aeternam
1747 3104 1986 3170 beatitudinem
2009 3105 2172 3190 pertinere

520 3208 725 3274 confidimus.
748 3210 855 3294 Igitur
876 3220 990 3276 notum
1007 3212 1051 3276 sit
1073 3214 1217 3277 omnium
1239 3210 1386 3277 fidelium
1402 3211 1623 3296 magnitudini
1647 3211 1871 3297 praesentium
1889 3209 2015 3275 scilicet
2038 3216 2071 3273 ct
2086 3209 2172 3273 futu·

464 3330 497 3377 au
519 3331 640 3395 rorum,
664 3314 742 3399 quia
766 3313 1000 3380 dilectissimus
1023 3314 1110 3381 filius
1134 3324 1245 3381 noster
1267 3316 1404 3402 Pipiuus
1426 3338 1486 3380 rex
1511 3315 1807 3401 Langobardorum
1831 3313 1874 3379 ad
1898 3313 2089 3399 petitionem
2111 3313 2171 3377 viri

519 3415 717 3482 venerabilis
740 3419 830 3484 Petri
854 3428 969 3484 sancte
993 3417 1198 3485 Cominsium
1222 3419 1312 3485 urbis
1336 3419 1497 3486 ecclesiae
1521 3419 1693 3507 [episcopi]
1719 3420 1887 3485 serenitati
1911 3427 2046 3484 nostrae
2069 3416 2172 3504 petiit,

520 3529 555 3585 ut
580 3543 692 3587 omnes
716 3522 875 3589 ecclesias
898 3523 950 3589 vel
972 3547 1026 3590 res
1054 3524 1098 3590 ad
1120 3525 1230 3608 ipsum
1259 3534 1410 3589 sanctum
1436 3523 1545 3589 locum
1574 3525 1785 3609 pertinentes,
1816 3529 2060 3610 quascumque⁸
2086 3541 2173 3586 nnnc

520 3633 666 3711 tempure
690 3647 763 3691 cum
790 3626 990 3715 [equitatisP
1013 3627 1128 3694 ordine
1150 3629 1236 3694 iuste
1259 3637 1293 3694 et
1315 3626 1554 3693 rationabiliter
1576 3627 1748 3714 possidere
1771 3627 1909 3709 videtur,
1944 3649 2003 3713 per
2024 3635 2171 3691 nostrum

519 3731 726 3796 auctoritatis
750 3741 942 3819 preceptum
957 3732 1039 3797 inibi
1055 3734 1250 3799 confirmare
1267 3730 1462 3799 deberemus
1481 3729 1532 3816 <et
1548 3730 1738 3818 specialiter
1761 3729 1952 3797 tholoneum
1968 3729 2008 3796 de
2026 3739 2172 3795 mercato

466 3851 499 3900 ae
522 3844 555 3900 et
576 3837 689 3921 gegis⁰
712 3859 787 3902 oum
811 3838 883 3924 ipso
900 3837 974 3902 loco
998 3846 1031 3903 et
1053 3836 1249 3902 Berizonam
1265 3836 1406 3922 plebem,
1430 3837 1634 3917 comitatum,
1659 3835 1841 3900 districtum
1858 3844 1891 3900 et
1911 3835 2021 3921 ipsum
2044 3842 2173 3920 portum

520 3948 553 4005 et
576 3943 768 4006 comitatum
791 3939 960 4007 Clavenna
983 3951 1015 4007 et
1038 3940 1157 4007 Clusae
1181 3950 1214 4006 et
1237 3950 1371 4027 pontem
1393 3941 1474 4006 iuris
1497 3942 1601 4006 nostri
1619 3938 1786 4005 Clavenna
1810 3939 1939 4005 clericis
1956 3937 2115 4005 Cumanis
2139 3941 2173 4004 in

520 4045 748 4110 canonicalem
772 4067 867 4111 usum
891 4045 1084 4133 plenissima
1107 4044 1345 4111 deliberatione
1374 4045 1498 4110 donare
1521 4053 1554 4109 at
1577 4044 1772 4109 confirmare
1796 4040 2024 4128 deberemus).
2070 4041 2173 4109 Cuius

520 4149 710 4235 petitionem
727 4150 890 4236 denegare
906 4150 1082 4234 noluimus,
1106 4148 1165 4214 sed
1181 4172 1240 4234 pro
1265 4159 1379 4214 eterna
1393 4150 1658 4214 remuneratione
1681 4149 1777 4214 sicin
1800 4147 1953 4214 omnibus
1969 4149 2173 4214 concessisse

520 4251 574 4316 vel
596 4254 813 4319 confirmasse
828 4257 1030 4340 cognoscite.
1054 4255 1277 4340 Precipientes
1294 4275 1373 4340 ergo
1397 4252 1558 4336 iubemus,
1582 4254 1671 4340 quod
1687 4254 1923 4340 perpetualiter
1946 4254 2036 4318 circa
2052 4275 2172 4319 memo-

465 4374 499 4423 eo
522 4367 629 4423 ratum
654 4368 804 4425 sanctum
827 4359 938 4426 locum
953 4382 1143 4425 mansurum
1166 4359 1418 4442 essevolumus,
1442 4367 1480 4422 ut
1495 4357 1605 4423 nullus
1629 4356 1788 4445 quislibet
1810 4357 1850 4422 de
1873 4357 2027 4423 fidelibus
2050 4358 2173 4424 noemia

521 4473 700 4529 memorato
724 4465 821 4529 Petro
852 4466 1009 4551 episcopo
1032 4474 1091 4530 aut
1120 4462 1370 4529 successoribus
1394 4465 1461 4529 suis
1492 4463 1533 4528 de
1557 4461 1790 4549 suprascriptis
1819 4460 1969 4526 ecclesiis
2000 4461 2052 4527 vel
2075 4460 2173 4527 rebus

522 4565 602 4631 inibi
619 4568 706 4631 iuste
721 4576 755 4632 et
776 4568 1017 4634 rationabiliter
1032 4566 1272 4655 pertinentibus
1287 4567 1470 4653 inquietare
1486 4573 1545 4630 aut
1560 4564 1782 4650 calumpniam
1798 4586 1957 4650 generare
1972 4587 2033 4630 nee
2048 4564 2175 4650 aliquid

522 4681 639 4736 contra
661 4671 800 4737 rationis
825 4671 971 4739 ordinem
998 4669 1235 4757 [abstrahere]‘
1255 4681 1315 4737 aut
1337 4673 1485 4736 minuare
1507 4689 1614 4756 neque
1637 4668 1679 4733 de
1703 4669 1935 4755 suprascriptis
1958 4667 2059 4734 rebus
2085 4670 2172 4756 quic·

522 4797 620 4859 quam
644 4775 773 4840 auferre
796 4797 929 4862 quoque
952 4786 1099 4863 tempore
1122 4784 1341 4862 presumatur,
1375 4775 1434 4840 sed
1457 4797 1516 4861 per
1545 4781 1695 4838 nostrum
1719 4774 1905 4838 serenitatis
1934 4782 2034 4858 atquc
2057 4772 2172 4838 confir-

465 4894 500 4944 us
522 4879 675 4944 matianis
709 4889 899 4966 preceptum
932 4880 975 4946 ad
1003 4882 1112 4966 ipsum
1146 4888 1298 4944 sanctum
1328 4879 1437 4944 locum
1459 4881 1493 4943 in
1521 4877 1700 4943 elemosina
1722 4886 1859 4943 nostras
1882 4876 2043 4964 simulque
2066 4877 2173 4963 Pipini

521 4981 655 5067 gloriosi
679 4984 767 5068 regis
789 4992 823 5048 et
844 4982 902 5048 filii
925 4985 1029 5049 nostri
1053 4983 1288 5070 perpetualiter
1303 4984 1480 5070 proficiant
1502 4984 1534 5047 in
1550 4980 1770 5068 augmentet.
1798 4983 1843 5047 Et
1857 4991 1894 5047 ut
1916 4981 1977 5048 hec
1992 4982 2174 5048 auctoritas

457 5165 460 5172 Ι
521 5087 644 5151 tirmior
665 5085 827 5152 habeatur
857 5097 891 5152 et
919 5083 1098 5152 diuturnis¹
1126 5088 1330 5174 temporibus
1359 5087 1476 5153 melius
1504 5095 1728 5170 conservetur,
1764 5107 1863 5151 manu
1891 5087 2026 5173 propria
2062 5084 2175 5151 subter

521 5189 724 5254 firmavimus
747 5199 780 5255 et
804 5190 844 5255 dc
868 5190 965 5255 anulo
989 5199 1102 5255 nostro
1127 5191 1263 5276 sigillari
1288 5193 1458 5256 iussimus.

627 5345 764 5430 Signum
786 5345 904 5412 Karoli
929 5350 996 5428 lu.)
1019 5348 1159 5433 piissimi
1184 5370 1223 5413 ac
1247 5350 1447 5414 serenissimi
1470 5349 1690 5434 imperatoris.

467 5566 502 5616 40
600 5568 661 5624 202.
679 5570 706 5635 a)
724 5570 863 5621 ordinatus
875 5568 928 5622 Bc
995 5572 1022 5638 b)
1040 5571 1157 5623 libenter
1173 5570 1255 5639 (scblt
1268 5571 1299 5638 G)
1319 5588 1366 5638 per
1383 5588 1451 5623 onus
1469 5570 1610 5650 (densant
1627 5571 1659 5624 io
1676 5571 1704 5624 B
1721 5571 1818 5625 Laiclcc
1834 5571 1886 5636 scir
1904 5588 1925 5625 o.
1939 5575 1974 5626 10
1986 5570 2175 5637 Bucbstobcrs,

612 5666 616 5675 ·
676 5655 745 5690 unus
763 5645 883 5690 nostrum
896 5639 930 5704 0)
947 5641 1088 5692 ecclesiam
1108 5641 1277 5708 perducimus
1296 5640 1354 5708 ΒΟ,
1372 5640 1510 5694 cmceudsrt
1527 5639 1601 5692 esacb
1618 5651 1650 5692 rer
1666 5644 1726 5702 169,
1745 5644 1806 5706 170,
1825 5643 1886 5702 183,
1906 5645 1958 5695 198
2066 5641 2091 5699 ο)
2109 5657 2174 5706 qus·

677 5725 790 5776 cumque
808 5706 861 5761 Bo
961 5709 1411 5779 dtcrpdnatnuctru⁰181,183
1514 5711 1541 5774 ο)
1559 5723 1589 5762 so
1609 5709 1681 5762 oucb
1699 5710 1731 5761 irs
1749 5709 1799 5763 der
1821 5709 1886 5764 cre.
1903 5710 2029 5763 Lottora
2043 5710 2063 5762 I
2077 5709 2175 5762 Mott-

676 5777 776 5831 bocber
788 5777 856 5846 Ray·
867 5781 941 5831 1020
951 5780 1034 5845 (987),
1048 5779 1100 5832 root
1113 5778 1201 5900 glcicb
1212 5783 1330 5846 gugium,
1345 5780 1399 5833 dau
1412 5780 1473 5834 dem
1486 5778 1637 5832 amsuchan
1650 5781 1765 5831 wadium
1776 5783 1870 5847 (wetti,
1883 5783 2050 5847 compositio,
2064 5779 2175 5846 mulcta)

678 5846 844 5914 erstepricbt,
865 5847 974 5900 Grimm
991 5848 1114 5901 Rccbtao
1126 5849 1278 5902 tcrtbstmcr
1296 5853 1321 5903 4.
1335 5851 1369 5903 Α.
1387 5852 1416 5915 2,
1435 5852 1486 5902 141
1574 5848 1595 5912 1)
1612 5846 1644 5900 io
1661 5847 1689 5900 B
1707 5847 1802 5902 Lstclcc
1820 5848 1871 5914 fiir
1890 5865 1912 5902 c.
1930 5852 1967 5903 12
1985 5847 2174 5913 Bacbstabcre,

468 5914 501 5962 ⁴⁶
678 5915 711 5970 ire
724 5915 746 5968 0
761 5931 882 5968 crescere
899 5933 953 5970 uois
971 5921 1099 5985 spdtcrcr
1111 5917 1202 5970 Hasd
1214 5918 1247 5970 iss
1264 5917 1319 5971 lccr
1330 5919 1494 5988 colossenses
1506 5916 1602 5970 Reum
1619 5917 1839 5987 rsocbpetropcru5
1856 5922 1973 5988 apdast
1984 5917 2058 5972 noctu
2074 5929 2108 5970 rav
2121 5921 2176 5972 188

678 5987 707 6122 5)
716 5985 983 6108 AEffipsirffcnostre
1000 5985 1053 6039 Bo
1136 5988 1165 6053 h)
1183 5991 1353 6054 augementis
1371 5987 1407 6051 B,
1426 5987 1458 6041 ire
1477 5984 1616 6039 (laternis
1634 6002 1688 6040 vore
1706 5991 1836 6055 apdtcrcr
1854 5987 1946 6041 Hand
1965 5987 2106 6056 bciyefutqt
