5642 7159
1287 752 1723 815 KAIBERUBKUNDEN.

790 948 867 1007 000011
893 948 975 1006 ihrer
998 961 1117 1019 00000000
1136 943 1280 1017 Fassuay
1307 944 1487 1003 0001001011
1509 943 1564 1001 0101
1587 941 1695 1016 frater
1722 942 1900 1002 eatstoadca
1921 943 1996 1003 0010.
2042 942 2086 1003 st.
2110 943 2251 1013 Euuata
2280 958 2342 1001 oon

790 1052 933 1111 oltcrsher
955 1051 1058 1111 Recita
1080 1049 1133 1108 dor
1154 1048 1265 1107 Kirctc
1284 1065 1342 1107 ooa
1365 1045 1491 1107 Orltoas
1514 1045 1579 1127 (opt
1603 1026 1746 1107 Urkmsde
1767 1047 1912 1122 Lredwiys
1934 1047 1962 1107 V
1979 1065 2036 1107 voa
2050 1051 2124 1119 979,
2148 1048 2289 1123 Bouqoet
2306 1050 2339 1117 9,

791 1160 853 1216 660
875 1162 910 1214 a⁰
922 1159 954 1226 2,
978 1155 1108 1214 Bolrmcr
1129 1150 1449 1230 11001101012063),
1472 1170 1537 1211 war
1558 1170 1582 1213 c.
1600 1156 1684 1213 1140
1708 1152 1766 1211 dea
1789 1150 1977 1211 0000001110(οι
1997 1153 2074 1229 acolt
2096 1151 2150 1212 der
2166 1152 2258 1225 110001
2279 1168 2340 1209 oon

790 1260 834 1321 St.
856 1261 955 1329 Victor
975 1262 1009 1318 ia
1023 1259 1114 1318 Poris
1136 1258 1300 1331 uberqebea
1321 1256 1450 1327 (0001101,
1477 1255 1580 1316 Gallia
1603 1257 1702 1316 christ.
1720 1259 1750 1327 8,
1767 1259 1870 1329 1571;
1892 1256 2034 1315 0101101011
2050 1274 2114 1316 war
2127 1256 2207 1315 dicae
2227 1256 2338 1317 Ueter-

788 1369 919 1438 tranans
941 1364 1018 1423 auch
1039 1361 1150 1421 Aaloss
1172 1378 1231 1419 aar
1252 1358 1459 1433 Anfcrtipuaq
1481 1362 1559 1419 eines
1581 1360 1662 1419 alten
1684 1360 1801 1419 1100110-
1824 1360 1889 1419 aad
1910 1360 2108 1420 Rechtstitela.
2145 1360 2245 1435 Apias
2267 1376 2336 1419 war
2359 1371 2376 1418 0

789 1470 963 1528 843-867
984 1463 1115 1536 Biactof
1132 1482 1188 1524 oon
1213 1462 1348 1525 Oritaas.

788 1636 935 1703 Karolus
958 1638 1065 1723 gratia
1089 1635 1141 1700 dci
1164 1635 1370 1700 Francorum
1392 1656 1453 1699 rex
1477 1642 1509 1699 et
1530 1633 1755 1699 Romanorum
1778 1635 1937 1720 patricius
1962 1632 2114 1700 omnibus
2137 1633 2337 1699 orthodoxis

686 1742 721 1805 in
743 1739 874 1807 Christo
897 1741 975 1806 Iesu
1005 1740 1137 1805 domino
1166 1747 1279 1804 nostro
1308 1737 1497 1824 baptisatis.
1602 1737 1758 1803 Florente
1786 1761 1845 1825 per
1873 1738 1925 1803 dei
1955 1736 2214 1803 misericordiam
2243 1746 2337 1802 statu

686 1846 778 1931 regni
793 1845 908 1927 nostri,
932 1852 1052 1931 pacato
1069 1843 1145 1907 hinc
1166 1842 1242 1907 inde
1258 1843 1393 1927 imperio
1418 1864 1493 1906 cum
1516 1840 1735 1927 gloriaremur
1758 1843 1791 1905 in
1814 1836 1939 1928 palatio
1963 1850 2076 1907 nostro
2092 1839 2282 1907 Aurelianis
2304 1850 2337 1906 et

686 1959 798 2015 essent
812 1971 878 2015 una
893 1970 967 2012 cum
986 1947 1104 2012 nobis·
1118 1946 1229 2032 plures
1247 1945 1286 2010 de
1304 1942 1551 2031 optimatibusl,
1576 1944 1701 2031 placuit
1717 1947 1881 2011 maiestati
1897 1954 2008 2011 nostre
2025 1968 2068 2011 ex
2083 1943 2334 2030 dispensatione
2362 1962 2395 2009 ro

687 2052 796 2119 divine
819 2051 1041 2133 sublimitatis,
1067 2058 1103 2114 ut
1125 2050 1200 2116 loca
1224 2057 1341 2114 sancta
1358 2048 1466 2135 ipsius
1487 2047 1577 2114 urbis
1600 2049 1813 2116 visitaremus
1837 2060 1870 2115 et
1891 2052 1962 2137 regi
1982 2072 2098 2136 regum
2115 2047 2247 2115 Christo
2272 2070 2336 2135 pro

686 2158 854 2221 concessis
876 2154 974 2220 nobis
996 2154 1231 2220 beneficiorum
1255 2175 1389 2218 suorum
1411 2152 1604 2219 muneribus
1627 2154 1753 2238 gratias
1776 2176 1960 2239 ageremus.
1983 2154 2100 2221 Accito
2124 2154 2238 2240 itaque
2261 2156 2335 2220 viro

685 2257 866 2325 venerabili
889 2259 976 2343 Agio
1005 2258 1111 2343 ipsius
1134 2256 1227 2322 urbia
1250 2258 1405 2343 episcopo
1435 2257 1650 2345 pluribusque
1673 2257 1747 2323 aliis
1771 2280 1814 2324 ex
1844 2258 1959 2324 ordine
1983 2258 2209 2324 ecclesiastico
2233 2279 2336 2324 cano-

684 2364 810 2431 nicales
840 2363 999 2429 ecclesias
1028 2362 1217 2448 singulatim
1244 2363 1452 2428 visitavimus
1480 2360 1595 2428 urbem
1624 2372 1841 2449 peragrantes
1871 2372 1905 2428 et
1935 2364 1975 2429 de
2004 2364 2192 2429 sanctuario
2223 2364 2335 2428 unius·

685 2471 846 2556 cuiusque
862 2491 921 2554 per
944 2466 1091 2552 singulas
1108 2468 1323 2552 requirentes.
1347 2467 1498 2532 Tandem
1514 2488 1589 2532 cum
1612 2471 1876 2552 pervenissemus
1899 2467 1944 2533 ad
1966 2467 2131 2554 quandam
2156 2466 2336 2533 ecclesiam
2363 2482 2396 2531 15

686 2582 782 2638 extra
805 2572 921 2637 urbem
939 2558 978 2636 in
1000 2571 1125 2637 honore
1147 2581 1181 2637 et
1201 2572 1334 2636 nomine
1357 2580 1493 2636 sanctae
1516 2570 1568 2636 dei
1591 2572 1759 2656 genitricis
1782 2582 1815 2637 et
1844 2580 2023 2658 perpetuae
2048 2572 2183 2658 virginis
2207 2570 2338 2636 Mariae

686 2688 925 2760 consecratam,
949 2679 982 2742 in
1000 2699 1064 2763 qua
1080 2677 1265 2762 gloriosus⁰
1279 2676 1452 2742 confessor
1468 2672 1807 2741 (101010111000111001
1823 2676 1857 2740 in
1872 2696 2010 2762 corpore
2026 2675 2193 2761 quiescit⁹,
2218 2694 2336 2760 supra-

686 2784 792 2849 dictus
816 2785 991 2869 episcopus
1006 2780 1145 2847 verbum
1166 2781 1264 2846 nobis
1281 2781 1433 2846 omnibus
1456 2781 1498 2846 ob
1516 2780 1782 2846 aedificationem
1798 2781 1982 2845 animarum
2005 2779 2130 2845 faciens
2146 2776 2336 2860 intimabat,

686 2887 828 2973 qualiter
851 2890 922 2973 ipae
946 2895 1081 2951 sanctus
1104 2887 1283 2952 Euvertius
1307 2887 1425 2971 spiritu
1448 2894 1564 2951 sancto
1589 2885 1835 2951 demonstrante
1857 2886 1891 2949 in
1914 2881 2043 2971 specie‘
2069 2882 2242 2949 columbae
2266 2886 2338 2969 epi-

686 3012 807 3079 scopus
828 2991 1020 3077 designatus
1036 2991 1135 3056 fuerit
1157 2998 1190 3055 et
1206 2988 1295 3076 quod
1317 2991 1352 3053 in
1375 2989 1584 3055 dedicatione
1599 2988 1761 3055 basilicae
1784 2998 1919 3055 sanctae
1935 2988 2051 3055 Crucis
2074 3010 2191 3054 manus
2207 2988 2337 3053 domini
2361 3004 2396 3053 20

686 3118 784 3182 super
811 3105 913 3183 caput
934 3095 1039 3181 ipsius
1068 3096 1172 3159 sancti
1196 3094 1398 3180 apparuerit.
1444 3093 1577 3159 Adiecit
1605 3094 1746 3181 denique
1768 3092 1963 3160 miraculum
1986 3078 2058 3158 'non
2082 3091 2245 3158 silendum
2267 3113 2338 3156 non

684 3200 822 3267 multum
845 3200 1002 3286 temporis
1025 3198 1260 3280 antefactum,
1289 3199 1343 3265 cui
1367 3199 1467 3265 etiam
1490 3198 1600 3285 plures
1624 3201 1770 3287 religiosi
1800 3201 1855 3287 qui
1879 3199 1926 3265 ibi
1955 3199 2094 3265 aderant
2116 3195 2339 3285 perhibebant

684 3305 920 3385 testimonium,
944 3301 1032 3389 quod
1055 3311 1203 3389 tempore
1227 3301 1433 3368 Vandalicas
1456 3306 1709 3389 persecutionis,
1733 3327 1809 3370 cum
1832 3303 1985 3369 latuisset
2000 3301 2189 3369 venerabile
2212 3324 2338 3387 corpus

683 3408 773 3473 beati
798 3408 945 3473 Euvertii
968 3407 1057 3473 intra
1078 3408 1247 3472 civitatem
1262 3408 1297 3471 in
1320 3406 1462 3473 ecclesia
1486 3410 1593 3472 sancti
1614 3407 1774 3495 Stephani
1797 3407 2073 3495 prothomartyris
2095 3414 2340 3491 cessanteque⁸

683 3512 895 3599 postmodum
910 3512 1141 3599 persecutione
1162 3513 1342 3578 referretur
1356 3535 1377 3576 a
1392 3511 1547 3578 fidelibus
1570 3514 1722 3599 personis
1738 3513 1781 3579 ad
1797 3514 1983 3599 praefatam
1999 3513 2174 3579 ecclesiam
2196 3520 2338 3576 sanctae
2362 3527 2397 3575 au

685 3617 738 3682 dei
767 3617 935 3703 genitricis
958 3638 1033 3682 cum
1062 3615 1166 3680 multo
1189 3616 1356 3702 triumpho
1385 3617 1565 3682 comitante
1588 3619 1726 3704 copiosa
1753 3616 1965 3683 multitudine
1994 3620 2185 3683 innumerae
2213 3615 2338 3703 plebis,

611 3804 616 3811 Δ
683 3729 817 3807 repente
833 3719 971 3807 pluviali
987 3728 1182 3805 tempestate
1199 3729 1326 3801 exorta,
1351 3742 1428 3786 cum
1444 3722 1534 3806 prius
1550 3719 1621 3786 dies
1637 3730 1725 3786 esset
1741 3742 1866 3804 serena,
1891 3742 1950 3806 pro
1967 3720 2160 3786 inundantia
2175 3717 2339 3806 pluvialih

684 3824 794 3890 nullus
822 3826 885 3890 iter
913 3846 1013 3910 agere
1043 3821 1179 3889 valebat
1208 3827 1358 3911 exceptis
1387 3824 1465 3907 illis,
1501 3826 1556 3911 qui
1581 3826 1687 3889 sancti
1715 3827 1863 3911 corporis
1892 3827 2061 3911 preciosas
2092 3822 2340 3889 comitabantur

683 3930 849 4015 reliquias.
881 3928 947 3994 Sed
970 3938 1006 3994 ut
1028 3928 1161 4014 gloriosi
1184 3930 1386 3994 confessoris
1409 3930 1562 3994 meritum
1585 3928 1784 3995 claresceret
1807 3938 1849 4003 et,
1873 3950 1970 4015 quem
1993 3930 2025 3993 in
2050 3927 2185 3993 caelesti
2207 3926 2338 4010 palatio

683 4056 744 4099 rex
766 4056 879 4119 regum
902 4035 1063 4099 immensa
1085 4033 1268 4099 cumulavit
1281 4031 1411 4120 gloria¹,
1437 4033 1557 4121 dignus
1572 4035 1606 4098 in
1628 4034 1725 4099 terris
1750 4033 1873 4099 honore
1888 4031 2142 4118 incomparabili
2165 4032 2338 4108 existeret,
2363 4047 2399 4097 00

683 4137 815 4203 baiuloa
838 4139 925 4203 sacri
947 4141 1096 4223 corporis
1119 4136 1179 4204 lux
1202 4138 1472 4226 incomparabilis
1496 4137 1715 4205 circumfulsit
1737 4147 1770 4202 01
1792 4158 1853 4202 ncc
1876 4136 1951 4202 illos
1967 4158 2074 4222 neque
2097 4133 2243 4221 pallium,
2269 4156 2339 4219 quo

683 4240 881 4329 tegebantur
910 4251 1045 4307 sanctae
1073 4242 1241 4328 reliquiae,
1277 4241 1414 4329 011000Ιι
1447 4264 1554 4329 aquae
1583 4241 1693 4327 pluvie
1722 4241 1908 4307 madefecit.
1956 4238 2203 4326 Cognoscsntes
2232 4238 2341 4324 igitur

686 4347 885 4412 sanctissimi
902 4347 1103 4411 confessoris
1119 4354 1152 4411 et
1173 4345 1235 4412 deo
1252 4346 1344 4432 digni
1367 4347 1548 4432 gloriosum
1563 4347 1715 4412 meritum
1738 4354 1913 4432 precantes
1936 4343 2087 4430 denique,
2109 4350 2147 4407 ut
2161 4362 2221 4428 pro
2237 4340 2340 4407 nobis

684 4452 883 4515 intercessor
899 4450 1057 4515 existeret
1072 4449 1161 4536 apud
1177 4448 1285 4532 deum,
1302 4451 1364 4516 deo
1381 4453 1473 4536 prius
1490 4452 1615 4537 gratias
1631 4449 1801 4516 retulimus
1818 4456 1852 4514 et
1866 4444 2092 4535 postmodum¹
2114 4445 2159 4511 ad
2173 4445 2341 4511 tumulum

685 4554 885 4621 sanctissimi
900 4553 1065 4639 pontificis
1082 4561 1114 4617 et
1132 4552 1193 4618 deo
1211 4553 1302 4638 digni
1317 4553 1468 4619 Euvertii
1484 4576 1560 4619 cum
1583 4554 1780 4641 populorum
1796 4553 1901 4619 multa
1922 4552 2107 4640 frequentia
2122 4551 2340 4635 accessimus,
2364 4567 2403 4616 00

684 4659 823 4725 donaria
846 4678 977 4743 quoque
991 4658 1102 4742 regiae
1119 4657 1364 4723 munificentiae
1381 4680 1479 4743 super
1501 4658 1607 4724 altare
1622 4660 1728 4746 ipsius
1751 4659 1969 4745 imposuimus
1985 4664 2019 4721 et
2041 4654 2085 4720 ad
2099 4676 2180 4719 usus
2203 4654 2341 4718 canoni·

683 4784 797 4828 corum
825 4760 906 4826 inibi
930 4760 992 4826 deo
1022 4761 1234 4825 servientium
1259 4762 1421 4846 quasdam
1450 4771 1556 4827 terras
1581 4762 1622 4827 (10
1649 4763 1729 4828 fisco
1756 4772 1870 4827 nostro
1899 4759 1942 4826 ad
1971 4759 2128 4825 honorem
2158 4756 2341 4824 salvatoris

682 4868 786 4933 nostri
803 4866 881 4932 Iesu
896 4864 1020 4931 Christi
1043 4873 1077 4930 01
1098 4864 1300 4930 sanctissimi
1323 4866 1521 4932 confessoris
1537 4866 1685 4932 Euvertii
1708 4864 1918 4945 contulimus,
1942 4863 2098 4929 videlicet
2112 4864 2146 4928 in
2169 4883 2255 4949 pago
2280 4864 2342 4948 qui

682 4979 824 5035 vocatur
839 4967 1007 5034 Sicalonia
1024 4968 1191 5055 quandam
1206 4967 1319 5034 villam
1335 4972 1467 5036 nomine
1485 4969 1724 5036 Seneliacumm
1746 4991 1822 5035 cum
1838 4969 1978 5035 ecclesia
1994 4978 2027 5033 et
2042 4968 2138 5033 terris
2153 4964 2342 5031 arabilibus

685 5074 863 5162 silvasque,
888 5096 973 5159 quae
996 5074 1029 5137 in
1046 5074 1188 5139 circuitu
1211 5074 1282 5137 eius
1307 5083 1393 5157 sunt,
1418 5084 1574 5161 etprata,
1598 5097 1714 5140 servos
1731 5084 1763 5139 et
1785 5072 1936 5154 ancillas,
1960 5071 2120 5137 vivarium
2143 5070 2287 5155 piscium
2306 5080 2342 5136 et
2365 5090 2405 5139 tu

684 5180 793 5244 omnia
817 5177 860 5243 ad
882 5178 992 5263 ipsam
1014 5177 1129 5243 villam
1152 5177 1250 5243 etad
1274 5179 1381 5265 ipsam
1404 5180 1578 5245 ecclesiam
1604 5180 1811 5266 pertinentia.
1851 5176 1889 5242 In
1912 5175 2025 5242 Beleia
2048 5195 2178 5261 quoque
2201 5195 2342 5240 conces·

685 5285 787 5349 simus
810 5281 924 5347 villam
948 5304 1048 5347 unam
1073 5304 1159 5368 quae
1174 5282 1363 5348 Balderici¹¹
1384 5283 1466 5347 villa
1490 5283 1611 5349 dicitur
1633 5306 1708 5348 cum
1732 5282 1829 5348 terris
1853 5278 2037 5345 arabilibus
2061 5286 2094 5342 et
2116 5277 2268 5342 omnibus
2295 5277 2343 5343 ad

684 5388 822 5454 eandem
847 5386 961 5452 villam
977 5386 1231 5474 pertinentibus,
1254 5389 1417 5455 iustitiam
1433 5397 1584 5475 quoque⁰
1606 5389 1711 5474 ipsius
1734 5386 1911 5474 potestatis
1926 5383 1961 5449 id
1984 5393 2035 5449 est
2056 5383 2227 5464 vicariam,
2252 5382 2344 5448 siout

684 5502 911 5558 antecessores
934 5493 1039 5557 nostri
1063 5501 1238 5560 tenuerunt
1260 5502 1293 5559 et
1315 5515 1375 5558 nos
1398 5490 1603 5575 tenebamus,
1627 5501 1731 5557 totam
1755 5492 1993 5563 concessimus,
2017 5495 2053 5552 ut
2068 5485 2130 5552 deo
2153 5485 2342 5553 militantes

683 5597 836 5663 canonici
852 5598 961 5682 quiete
976 5606 1120 5682 teneant,
1144 5620 1306 5684 pagenses
1321 5597 1435 5662 villani
1452 5597 1514 5662 001)
1532 5599 1641 5683 001010
1665 5596 1859 5662 clericorum
1874 5593 2013 5680 pacifice
2035 5592 2150 5656 vivant
2166 5598 2199 5656 et
2214 5589 2343 5659 nullius
2367 5611 2407 5661 40

761 5785 822 5842 239·
840 5786 868 5853 0)
884 5804 940 5838 una
958 5789 1099 5839 nobiscum
1118 5786 1142 5841 G
1243 5787 1272 5855 b)
1294 5789 1471 5853 optimatibus
1494 5789 1601 5854 imperii
1628 5788 1713 5838 nostri
1732 5786 1864 5851 multique
1888 5784 1936 5835 alii
1954 5784 2054 5835 diversi
2072 5781 2174 5832 ordinis
2192 5786 2221 5831 et
2239 5784 2344 5834 aetatis

839 5859 892 5907 viri
909 5857 1031 5923 religiosi
1045 5856 1068 5910 0
1134 5857 1160 5924 c)
1177 5860 1311 5924 pretiosus
1325 5855 1349 5909 0
1415 5858 1443 5924 d)
1460 5858 1590 5908 Evnrtius
1604 5854 1633 5923 O,
1652 5855 1698 5909 die
1709 5854 1812 5924 0101010
1825 5852 2027 5918 Namcasform
2045 5850 2117 5904 auch
2129 5850 2169 5903 tm
2186 5848 2344 5919 folgenden

839 5928 864 5993 0)
882 5929 1027 5993 requiescit
1045 5926 1069 5981 0
1169 5927 1192 5991 1)
1208 5927 1294 5978 forma
1312 5925 1335 5980 0
1437 5927 1465 5995 g)
1483 5932 1606 5977 cessante
1623 5941 1692 5993 quae
1711 5924 1738 5977 B
1824 5924 1853 5987 h)
1869 5924 2023 5990 pluviarum
2042 5919 2066 5973 0
2166 5920 2187 5985 i)
2204 5920 2344 5974 immenso

840 5995 1048 6118 001001013Βὲ
1110 5996 1141 6065 k)
1159 5998 1252 6064 aliqua
1269 6003 1347 6063 gutta
1368 5996 1391 6049 0
1459 5996 1481 6061 l)
1498 5993 1634 6062 posteaO
1701 5994 1738 6060 0))
1756 5992 1992 6045 SelimniacumC
2059 5990 2089 6059 n)
2107 5989 2227 6041 Baldrici
2248 5988 2272 6043 0

839 6067 868 6132 ο)
884 6067 1008 6132 squidem
1042 6066 1050 6088 ¹
2370 6066 2408 6115 50
