5642 7159
705 746 769 810 422
1305 747 1739 808 KAlSFRURKUNDFN.

704 937 803 1002 dente
826 933 1012 1000 Suessionis
1034 935 1068 999 in
1091 932 1236 1019 generali
1266 932 1394 1019 synodo
1423 933 1555 1018 precepi
1583 933 1702 998 adesse
1731 935 2029 1000 reverentissimum
2057 935 2223 1002 abbatem
2258 940 2378 1003 sancti

703 1040 857 1125 Dionysii
884 1040 1015 1104 nomine
1043 1037 1224 1103 Fulradum
1255 1060 1321 1104 uua
1350 1058 1425 1102 cum
1455 1036 1625 1102 monachis
1655 1034 1718 1100 sibi
1753 1038 1939 1103 commissis
1966 1047 1999 1104 et
2025 1039 2217 1126 privilegiis
2251 1040 2377 1107 domni

703 1145 843 1210 Romani
865 1143 1031 1228 pontificis
1047 1151 1081 1208 et
1101 1164 1215 1228 regum
1231 1136 1523 1228 praedecessorum
1546 1163 1694 1206 meorum
1714 1140 1768 1207 vel
1782 1141 1918 1229 reliquis
1941 1145 2171 1210 instrumentis
2189 1155 2376 1211 cartarum

703 1270 958 1333 convocansque
980 1249 1014 1312 in
1036 1246 1167 1332 palacio
1191 1257 1268 1313 ante
1291 1249 1398 1332 ipsius
1428 1247 1540 1312 domni
1561 1245 1684 1311 Leonis
1708 1267 1815 1332 papae
1838 1248 2060 1330 praesentiam
2089 1258 2123 1313 et
2145 1257 2315 1314 nostram
2341 1260 2377 1315 et

703 1362 780 1417 ante
802 1352 904 1417 lilium
928 1373 1036 1417 meum
1051 1351 1259 1417 Ludovicum
1283 1350 1550 1438 archiepiscopos
1573 1351 1749 1435 episcopos
1772 1348 1911 1415 abbates
1935 1349 2035 1416 duces
2058 1353 2203 1417 comites
2229 1362 2269 1418 et
2295 1375 2374 1439 pro·
2398 1376 2415 1422 s

703 1479 795 1523 ceres
810 1465 942 1521 nostros
958 1455 999 1521 de
1016 1456 1215 1541 supradictis
1237 1455 1337 1521 rebus
1352 1456 1514 1520 rationem
1536 1453 1713 1519 habuimus
1729 1475 1804 1518 cum
1819 1453 1939 1540 iniquis
1954 1454 2154 1540 hominibus,
2183 1458 2243 1543 qui
2272 1458 2372 1543 ipsae

701 1583 754 1628 res
776 1561 865 1626 malo
890 1558 1004 1626 ordine
1028 1559 1227 1626 videbantur
1248 1558 1429 1645 possidere.
1453 1558 1685 1642 Praecepimus
1701 1557 1813 1643 itaque
1836 1558 2021 1645 praefatum
2037 1558 2226 1626 Fulradum
2252 1561 2373 1649 legere

701 1674 813 1731 cartas
836 1664 1027 1729 monasterii
1051 1666 1101 1728 sui
1125 1675 1158 1729 et
1181 1663 1379 1750 ubicumque
1403 1666 1455 1728 ius
1480 1665 1584 1728 sancti
1609 1663 1761 1748 Dionysii
1784 1664 1979 1746 invenimus,
2003 1666 2189 1752 sicutipse
2213 1668 2372 1736 domnus

701 1791 790 1855 papa
812 1778 846 1834 et
867 1770 1005 1834 comites
1029 1790 1088 1832 seu
1112 1783 1264 1853 proceres
1287 1769 1391 1832 nostri
1415 1766 1530 1852 palatii
1553 1766 1606 1831 vel
1629 1767 1744 1851 reliqui
1768 1766 1853 1852 legis
1876 1767 2030 1834 doctores
2052 1770 2310 1855 iudicaverunt,
2335 1775 2370 1838 in

702 1873 875 1960 stipendiis
898 1873 1038 1938 fratrum
1060 1872 1206 1938 eiusdem
1230 1872 1305 1954 loci,
1341 1872 1550 1956 susceptione
1578 1892 1760 1957 pauperum
1783 1881 1816 1936 et
1844 1875 2090 1958 peregrinorum
2118 1877 2215 1960 ipsas
2244 1898 2370 1943 omnes
2396 1900 2428 1946 ro

701 1999 764 2051 res,
789 1999 873 2062 quas
897 1998 997 2062 supra
1021 1978 1284 2058 memoravimus,
1308 1998 1351 2040 ex
1373 1977 1500 2060 integro
1522 1977 1791 2040 restauravimus.
1815 1977 1860 2042 Ut
1875 1986 1985 2043 autem
2007 1981 2216 2045 restauracio
2244 1991 2371 2048 nostra

702 2081 830 2147 cercior
852 2089 885 2146 et
906 2081 1031 2145 firmior
1054 2089 1153 2163 esset,
1176 2080 1366 2164 rogavimus
1391 2079 1548 2145 domnum
1569 2101 1701 2166 papam,
1725 2087 1771 2162 ut,
1800 2080 1889 2165 quod
1911 2103 1972 2146 nos
1994 2081 2266 2167 reddideramus,
2292 2088 2370 2172 ipsc

702 2185 898 2251 concederet
921 2195 953 2250 et
977 2206 1037 2249 sua
1059 2186 1258 2249 auctoritate
1281 2185 1512 2266 auctorizaret,
1537 2183 1626 2269 quod
1649 2193 1681 2248 et
1704 2184 1776 2270 ipse
1798 2184 1886 2250 iecit.
1922 2184 2019 2267 Quod
2042 2208 2119 2251 vero
2143 2189 2369 2256 iusseramus

702 2298 829 2356 cartam
852 2291 923 2354 fieri
947 2298 980 2354 et
1002 2297 1113 2354 nostro
1138 2286 1247 2374 sigillo
1272 2287 1420 2372 sigillari,
1451 2297 1581 2370 rogatu,
1609 2289 1702 2352 iussu
1725 2296 1757 2353 et
1778 2309 1939 2354 concessu
1961 2290 2065 2376 ipsius
2089 2291 2205 2357 domni
2232 2293 2370 2364 Leonis

702 2415 810 2480 papae
832 2393 980 2458 fecimus.
1005 2391 1039 2457 Si
1064 2393 1136 2478 quis
1160 2400 1269 2456 autem
1291 2391 1355 2456 hoc
1379 2391 1546 2457 decretum
1570 2391 1681 2457 domni
1704 2393 1828 2458 Leonis
1846 2394 1985 2459 Romani
2008 2397 2176 2481 pontificis
2202 2407 2240 2464 et
2266 2424 2368 2487 prae·
2395 2423 2425 2469 ro

703 2498 886 2583 ceptionem
908 2519 1023 2583 regum
1045 2496 1337 2583 praedecessorum
1365 2504 1555 2561 nostrorum
1578 2505 1676 2581 atque
1703 2507 1852 2564 nostram
1875 2498 2052 2585 infringere
2074 2510 2370 2590 praesumpserit,

702 2622 776 2666 cum
801 2602 888 2666 omni
912 2601 1009 2666 domo
1033 2622 1103 2681 sua,
1128 2601 1155 2664 si
1178 2607 1276 2665 antea
1299 2597 1487 2681 liberarat,
1516 2599 1557 2664 de
1580 2609 1710 2666 caetero
1735 2623 1849 2667 servus
1872 2602 2107 2689 perpetualiter
2129 2606 2314 2677 habeatur
2337 2623 2373 2678 et

639 2721 681 2770 111
702 2705 775 2791 lege
790 2705 1030 2791 mancipiorum
1054 2703 1355 2769 ecclesiasticorum
1371 2704 1617 2788 constringatur
1640 2704 1782 2770 ecelesia
1796 2708 1830 2771 in
1853 2717 2048 2794 perpetuum
2063 2710 2281 2795 possidente.
2307 2731 2373 2784 noe

701 2831 848 2877 sanxerunt
862 2842 953 2877 omnes
975 2824 1202 2890 archiepiscopis
1224 2825 1351 2889 episcopi,
1374 2824 1460 2874 sancti
1483 2824 1634 2875 sacerdotes
1656 2832 1788 2897 unaque
1810 2826 1921 2876 abbates
1944 2819 1977 2876 et
1999 2826 2071 2878 docti
2093 2831 2238 2895 monachi,
2266 2836 2374 2900 quihus

700 2931 889 2996 praerogativa
908 2915 943 2978 in
965 2922 1105 3001 utroque
1127 2930 1254 2980 scientiae
1276 2928 1471 2994 facundiaeque
1493 2935 1558 2980 arat.
1592 2929 1712 2991 Quorum
1733 2931 1842 2981 nomina
1863 2930 1929 2982 hacc
1952 2935 2025 2982 sunt:
2398 2945 2431 2993 20

803 3053 939 3139 Signum
963 3068 1052 3119 domni
1074 3069 1173 3118 Leonis
1195 3084 1212 3116 a
1233 3083 1328 3132 papae.

803 3156 942 3242 Signum
965 3155 1076 3221 Caroli
1099 3156 1298 3221 serenissimi
1323 3158 1456 3242 augusti
1480 3177 1520 3221 ac
1542 3155 1658 3244 inclyti
1680 3158 1883 3225 Francorum
1905 3161 2001 3244 regis.

803 3261 940 3346 Signum
962 3258 1095 3340 'Fnrpinih
1117 3276 1274 3329 Rhemonsis
1297 3277 1498 3343 archiepiscopi.

803 3364 939 3450 Signum
962 3380 1087 3431 norberti
1109 3381 1284 3430 mauricensis
1307 3365 1569 3452 archipraesulis¹.

803 3468 942 3554 Signum
965 3484 1086 3535 Severini
1108 3485 1276 3536 Pictavensis
1299 3471 1458 3557 episcopi.

803 3571 938 3658 Signum
964 3571 1124 3659 Stephani
1147 3573 1395 3639 Lemovieensis
1419 3576 1576 3662 episcopi.

803 3675 939 3762 Signum
962 3693 1071 3743 loannis
1092 3694 1282 3758 Lugdunensis
1304 3695 1506 3761 archiepiscopi.

804 3779 942 3865 Signum
963 3796 1084 3846 Ainherti
1107 3795 1267 3847 Senonensis
1289 3799 1492 3865 archiepiscopi.

803 3885 940 3969 Signum
962 3900 1094 3965 Arnulphi
1117 3902 1280 3952 Turonensis
1303 3903 1506 3969 archiepiscopi.

803 3988 942 4074 Signum
964 4006 1028 4055 Ursi
1049 4006 1193 4056 Ravennae
1217 3990 1445 4077 archiprqnulin.

803 4093 940 4180 Signum
963 4110 1098 4162 Achilleae
1121 4111 1299 4161 Alexandriae
1322 4097 1490 4161 antistitis.

801 4195 938 4283 Signum
962 4214 1103 4279 Theophili
1125 4214 1285 4265 Antiocheni
1307 4199 1485 4285 pontificis.

802 4300 938 4387 Signum
960 4319 1034 4368 Petri
1056 4319 1265 4369 Mediolanensis
1288 4304 1458 4368 antistitis.

801 4405 938 4491 Signum
963 4423 1068 4472 nicolai
1090 4423 1249 4473 viennensis
1272 4407 1539 4492 archipraesulis.

800 4509 937 4596 Signum
960 4509 1096 4576 Nesciik
1118 4529 1246 4578 Tolosam
1269 4512 1536 4597 archipraesulis.

800 4613 938 4699 Signum
960 4631 1079 4696 Philippi
1102 4632 1230 4683 coioniae
1252 4632 1454 4696 archiepiscopi.

799 4717 937 4804 Signum
959 4734 1084 4785 Pontiani
1107 4736 1270 4786 Arelatensis
1293 4719 1525 4801 archipraesulis,

799 4820 938 4907 Signum
962 4821 1067 4908 Sergii
1090 4823 1278 4910 Magantini
1301 4824 1553 4910 archiepiscopi.

800 4926 936 5012 Signum
959 4943 1112 4993 Raimbaldi
1134 4945 1300 4994 Manlianus
1323 4927 1589 5013 archipraesulis.

803 5029 939 5116 Signum
963 5045 1073 5097 Geroini
1095 5047 1195 5112 Papiae
1218 5033 1373 5117 episcopi.

798 5135 936 5220 Signum
959 5151 1089 5202 Antonini
1111 5152 1261 5202 Placentini
1284 5153 1412 5217 episcopi.

798 5239 936 5324 Signum
958 5255 1089 5306 Macharii
1112 5237 1297 5305 Podiensis¹
1320 5241 1476 5326 episcopi.

798 5341 934 5428 Signum
957 5360 1068 5410 Fnlradi
1091 5360 1198 5410 abbatis
1220 5364 1260 5409 ter
1283 5360 1431 5411 beatissimi
1453 5361 1577 5425 Dionysii
1600 5362 1787 5430 Areopagitae.

797 5445 935 5532 Signum
958 5463 1079 5512 Floriani
1102 5463 1208 5513 abbatis
1229 5463 1330 5514 Montis
1352 5464 1465 5514 cassini.

795 5586 869 5651 Hoc
893 5595 1004 5651 actum
1029 5596 1079 5650 est
1102 5585 1191 5675 apud
1213 5585 1327 5651 urbem
1344 5585 1553 5653 Suessionem
1572 5607 1610 5653 nr
1632 5587 1765 5654 kalend.
1783 5599 1877 5676 sept,
1901 5590 2081 5657 indictione
2108 5601 2258 5692 quinta,
2284 5633 2382 5680 anno
2407 5635 2438 5682 45

692 5690 903 5774 pontificatus
921 5690 1030 5755 domni
1049 5690 1173 5755 Leonis
1197 5713 1305 5776 papae
1320 5710 1361 5756 111
1376 5711 1448 5772 xvi,
1472 5693 1598 5778 imperii
1618 5714 1695 5757 vero
1720 5693 1829 5758 domni
1848 5692 1958 5759 Caroli
1982 5696 2205 5771 serenissimi
2232 5720 2384 5801 augusti

691 5811 729 5856 xr
751 5794 909 5879 regnique
931 5794 1138 5858 Francorum
1161 5812 1256 5858 xnru.

768 5998 826 6053 282.
847 6001 875 6064 h)
896 5999 1152 6084 Forlaqe'ijilpinus
1169 6000 1221 6081 soie
1234 5999 1264 6051 Z.
1278 6003 1316 6053 28
1334 6004 1506 6085 maimbertus
1524 6008 1595 6083 siuti
1613 6005 1760 6056 Ainbertns
1830 6003 1851 6070 i)
1868 6004 2061 6088 archipraesuli
2074 6005 2110 6060 F
2187 6019 2221 6084 k)
2247 6022 2382 6098 vorum,

846 6071 942 6121 Dauus
960 6071 1113 6137 (Varronis
1131 6070 1283 6136 Narcissus)
1300 6087 1440 6139 episcopus
1510 6074 1531 6141 l)
1548 6089 1580 6125 su
1598 6072 1648 6126 der
1670 6073 1787 6144 Vorlape
1805 6074 1899 6126 Utrsdr
1917 6089 2066 6141 episcopus.
