5642 7159
1044 767 1162 828 KABL
1188 768 1277 827 nnn
1298 767 1465 828 GBOSSE
1488 764 1561 829 781.
2066 765 2130 831 323

479 984 527 1020 seu
555 970 717 1036 reliquorum
749 969 827 1021 deum
856 970 1005 1021 timentium
1034 960 1212 1031 [bominum]⁸
1242 970 1286 1021 vsi
1312 951 1405 1035 quodb
1434 972 1543 1021 inantea
1571 970 1690 1020 additum
1718 971 1760 1021 vel
1790 971 1941 1039 delegatum
1968 972 2050 1021 luerit
2077 954 2129 1020 vel

481 1057 637 1145 quiequid
663 1075 734 1125 iuste
756 1079 783 1126 et
811 1073 1007 1125 rationabiliter
1030 1074 1167 1139 possidere
1194 1073 1350 1137 dinoscitur,
1383 1075 1434 1125 sub
1458 1076 1612 1126 emunitatis
1639 1069 1750 1146 nostre
1778 1062 1916 1128 tuitione
1944 1093 1992 1144 per
2013 1082 2131 1129 nostram

479 1178 667 1229 auctoritatem
682 1195 699 1227 s
721 1178 841 1245 predicto
857 1196 873 1228 s
897 1177 958 1230 loco
983 1183 1078 1228 eaoro
1101 1161 1403 1246 corroboraremus,
1427 1182 1554 1245 quatinus
1576 1180 1668 1231 nullus
1691 1181 1772 1232 iudex
1794 1182 1919 1248 publicus
1943 1182 2042 1233 ibidem
2058 1172 2131 1243 [ad]⁸

482 1297 577 1333 causas
592 1281 741 1334 audiendas
756 1282 799 1334 vel
815 1282 891 1333 freda
913 1282 1045 1349 exigenda
1059 1298 1107 1333 sen
1130 1267 1388 1334 mansionaticas
1404 1283 1448 1334 vel
1470 1288 1578 1349 paratas
1593 1284 1730 1335 iaciendas
1745 1302 1795 1336 nec
1810 1284 1980 1338 fideiussores
1999 1285 2131 1337 tollendos

442 1389 458 1435 5
481 1402 568 1453 neque
590 1387 660 1438 ullas
674 1388 848 1439 redibitiones
870 1387 993 1454 publicas
1009 1386 1182 1453 requirendas
1205 1393 1263 1438 sen
1286 1373 1386 1439 eliam
1409 1396 1468 1460 per
1489 1374 1617 1439 Padum
1642 1397 1772 1441 aurnum
1794 1375 1847 1441 vel
1872 1375 2025 1442 deorsum
2040 1375 2130 1440 navi·

481 1476 590 1561 gando
614 1477 792 1563 ripaticum
814 1476 973 1560 tollendo,
997 1476 1092 1542 sicuti
1115 1484 1166 1542 est
1181 1476 1353 1542 Ferrarius
1375 1487 1434 1543 aut
1450 1474 1696 1561 Commeaclim,
1721 1476 1778 1545 ubi
1801 1479 2013 1567 supradictus
2037 1478 2131 1545 locus

482 1602 578 1647 sacer
599 1580 723 1647 salium
754 1579 936 1647 dinoscitur
964 1579 1097 1663 habere,
1131 1581 1267 1668 insuper
1293 1583 1394 1649 etiam
1417 1581 1583 1648 teloneum
1611 1584 1646 1648 in
1668 1582 1759 1649 nullo
1791 1584 1862 1650 foro
1891 1582 2057 1670 exigendo
2080 1581 2133 1648 vel

480 1685 659 1750 rotaticum
693 1693 752 1751 aut
779 1685 1050 1771 pontenaticum⁸
1083 1683 1136 1750 vel
1165 1684 1222 1751 ubi
1255 1685 1312 1751 ubi
1340 1684 1428 1751 ullus
1457 1694 1594 1752 exactor
1624 1686 1771 1773 aliquam
1802 1688 2049 1773 oppressionem
2079 1685 2133 1752 vel

482 1788 636 1875 violentie
658 1790 726 1855 vim
748 1789 869 1855 inferre
891 1810 1064 1871 presumeret.
1086 1790 1186 1855 Petiit
1208 1790 1308 1856 ctiam
1331 1789 1497 1877 quandam
1519 1806 1615 1856 silvam
1636 1790 1716 1857 iuris
1739 1792 1843 1857 nostri
1867 1808 1943 1857 sium
1960 1808 1989 1856 in
2004 1807 2131 1857 comitatu
2154 1806 2181 1855 11

428 1911 460 1959 lo
483 1908 627 1961 Parmense
649 1911 677 1960 iu
699 1908 798 1961 linibus
819 1910 951 1961 Bismanti
974 1911 1003 1961 in
1024 1909 1085 1961 loco
1107 1910 1154 1975 qui
1177 1909 1276 1960 dicitnr
1297 1910 1382 1960 Lama
1403 1909 1531 1961 fraolaria
1552 1927 1577 1974 s,
1600 1911 1678 1961 cuius
1700 1909 1767 1962 fines
1790 1914 1866 1961 sunt:
1890 1909 1923 1962 de
1938 1926 1992 1961 uno
2014 1910 2098 1961 latere
2116 1924 2133 1959 e

483 2012 592 2063 flumine
607 2011 678 2079 sicle
700 2028 805 2064 sursum
827 2030 875 2079 per
889 2018 999 2065 stratm
1022 2015 1150 2080 usquein
1173 2020 1263 2065 monte
1278 2015 1408 2066 Palaredo
1426 2020 1453 2067 et
1468 2016 1501 2066 de
1516 2020 1606 2066 monte
1628 2015 1759 2067 Palaredo
1775 2016 1936 2068 ascendente
1959 2032 2007 2083 per
2022 2021 2132 2067 stratam

483 2131 569 2183 usque
595 2118 624 2167 in
646 2116 746 2168 linibus
767 2118 874 2184 Tuscia,
902 2118 966 2169 iude
987 2122 1114 2185 vergente
1136 2121 1164 2169 in
1186 2122 1273 2171 rivum
1295 2119 1423 2170 Albolum
1451 2135 1536 2187 usque
1558 2120 1593 2171 ad
1615 2121 1713 2172 flumen
1737 2119 1815 2187 sicle,
1845 2121 1908 2172 inde
1930 2137 2038 2188 quoqne
2059 2122 2135 2171 iuxta

483 2220 582 2272 Siclam
605 2221 729 2273 deorsum
751 2224 874 2288 pervenit
888 2223 917 2273 in
939 2224 1038 2275 flumen
1052 2222 1163 2291 Auuole.
1190 2224 1275 2276 Cuius
1289 2226 1466 2290 petitionibus
1488 2241 1536 2291 pro
1554 2224 1644 2275 divina
1666 2210 1929 2275 remuneratione
1951 2218 2133 2275 annuentes
2156 2223 2168 2273 I

483 2334 541 2396 sue
570 2310 710 2397 ecclesie
732 2312 896 2399 prefatam
925 2312 1044 2379 silvam
1072 2315 1106 2379 in
1134 2323 1329 2400 perpetuum
1357 2313 1545 2380 habendam
1573 2315 1798 2379 concessimus
1828 2324 1927 2400 atque
1957 2312 2077 2378 exinde
2105 2312 2132 2377 ei

431 2430 463 2480 ro
485 2414 548 2482 boc
570 2416 736 2482 firmitatis
763 2426 878 2503 nostre
900 2414 1140 2504 pre[cep]tum‘¹
1161 2416 1232 2482 lieri
1255 2434 1389 2496 iussimus,
1419 2448 1466 2499 per
1488 2432 1560 2499 quod
1583 2416 1791 2483 decernimus
1822 2425 1923 2502 atque
1947 2416 2134 2499 statuimus,

484 2541 516 2586 ut
536 2536 627 2587 nullus
643 2537 772 2603 quislibet
792 2521 893 2587 iudex
916 2522 1080 2588 tirannica
1102 2541 1235 2604 potestate
1250 2538 1278 2587 in
1294 2538 1378 2588 curtis
1393 2538 1436 2590 vel
1452 2539 1532 2589 rebus
1547 2538 1632 2602 ipsius
1648 2538 1777 2602 episcopii
1801 2529 1855 2587 ad’
1877 2551 1972 2588 causas
1988 2534 2135 2587 audiendas

485 2655 535 2691 nec
564 2639 648 2690 freda·
662 2639 793 2707 exigenda
821 2655 869 2691 seu
891 2625 1149 2691 mansionaticas
1172 2647 1220 2691 aut
1248 2648 1356 2707 paratas
1377 2641 1515 2693 faciendas
1543 2641 1585 2692 vel
1608 2640 1778 2693 fideiussores
1800 2641 1933 2693 tollendos
1956 2656 2042 2707 neque
2064 2640 2134 2690 ullas

485 2743 659 2795 ronbirioncs
678 2743 802 2810 publicis
817 2725 1008 2810 requirendas‘
1028 2728 1080 2794 val
1096 2729 1129 2794 in
1152 2731 1296 2815 propriis
1314 2730 1468 2796 domibus
1492 2729 1703 2796 sacerdotum
1718 2729 1770 2795 vel
1786 2730 1979 2796 clericorum
2001 2750 2136 2795 suorum

486 2835 687 2920 potestative
715 2843 774 2898 aut
800 2834 964 2899 tirannice
987 2831 1113 2919 aliquid
1141 2843 1307 2899 exerceat.
1353 2834 1495 2921 Insuper
1524 2836 1624 2901 etiam
1654 2856 1784 2901 omnem
1807 2834 1983 2920 ripaticum
2012 2834 2136 2898 sivein

430 2953 464 3003 ao
487 2936 575 3003 salso
604 2939 673 3003 sive
702 2938 735 3003 in
766 2936 854 3004 dulci
884 2947 984 3023 atque
1013 2937 1180 3003 teloneum
1208 2938 1241 3003 in
1270 2938 1424 3004 omnibus
1454 2938 1547 3013 foris,
1581 2938 1765 3004 nundinum
1793 2960 1851 3005 seu
1881 2939 2056 3003 rotaticum
2079 2945 2138 3001 aut

486 3042 734 3127 pontonaticum
750 3062 828 3127 sepe
845 3041 933 3126 dicte
949 3049 1062 3126 sancte
1078 3042 1217 3127 ecclesie
1233 3044 1389 3129 Regiensi
1405 3042 1533 3130 absque
1550 3043 1617 3110 ullo
1633 3042 1878 3109 contradictore
1893 3044 2136 3128 imperpetuum

486 3144 721 3232 perdonamus.
746 3146 845 3228 Quod
861 3146 888 3212 si
904 3146 1035 3232 aliquis,
1059 3146 1149 3232 quod
1164 3148 1298 3212 minime
1313 3146 1488 3231 credimus,
1512 3156 1631 3213 contra
1652 3145 1715 3213 hoc
1740 3146 1929 3212 donationis
1944 3144 1997 3210 vel
2013 3146 2135 3209 emuni-

486 3250 565 3315 tatis
586 3259 699 3336 nostre
721 3250 964 3317 firmamentum
988 3250 1081 3315 obire
1104 3251 1311 3317 contenderit
1333 3261 1392 3317 aut
1418 3252 1596 3337 infringere
1618 3250 1840 3337 temptaverit,
1870 3249 2006 3335 triginta
2033 3246 2136 3313 libras

486 3353 558 3419 auri
582 3356 695 3443 optimi
719 3364 856 3422 coactus
874 3354 1035 3429 exsolvat,
1059 3354 1270 3422 medietatem
1287 3355 1414 3443 palatio
1437 3364 1561 3439 nostro,
1585 3354 1797 3421 medietatem
1820 3352 1970 3438 ecclesie,
1994 3352 2046 3417 cui
2070 3352 2135 3415 vim

431 3474 465 3522 ao
487 3458 620 3542 intulit3-
636 3468 669 3524 et
693 3459 805 3524 sinon
828 3457 930 3524 habet
951 3458 1039 3525 unde
1055 3459 1219 3543 exsolvat,
1243 3460 1375 3525 devita
1398 3468 1586 3547 componat.
1610 3459 1656 3524 Et
1678 3466 1714 3524 ut
1735 3466 1849 3524 nostre
1873 3456 2061 3523 donationis
2084 3451 2137 3519 vel

487 3562 677 3629 emunitatis
693 3562 854 3628 indictum
870 3561 1080 3649 presentibus
1095 3571 1129 3627 et
1143 3563 1262 3629 futuris
1278 3563 1483 3651 temporibus
1499 3563 1736 3630 inviolabiliter
1751 3574 1784 3629 et
1798 3563 1994 3629 inaudacter
2010 3570 2136 3627 tactum

486 3676 680 3753 permaneat
708 3676 741 3733 et
768 3666 810 3733 ab
841 3666 993 3732 omnibus
1022 3665 1195 3733 catholicis
1231 3666 1423 3752 diligentius
1452 3666 1656 3749 observetur,
1691 3689 1792 3733 manu
1825 3665 1991 3732 firmitatis
2010 3672 2137 3730 nostre

488 3769 602 3838 subter
623 3773 871 3858 assignavimus
894 3781 994 3859 atque
1017 3771 1117 3837 anulo
1140 3771 1357 3857 inpressiouis
1379 3780 1494 3857 nostre
1515 3772 1667 3857 insigniri
1691 3772 1858 3847 iussimus.
2019 3780 2020 3783 ’

590 3925 605 4010 Ε
626 3942 737 4011 Signum
760 3927 827 4013 (ll.)
851 3943 940 3995 Caroli
962 3943 1149 4010 gloriosissimi
1172 3945 1252 4010 regis.
1273 3927 1288 4009 ii

433 4082 467 4132 ao
593 4069 651 4149 (0.)
672 4065 687 4149 i
708 4067 810 4134 Iacob
834 4068 986 4134 advicem
1009 4068 1139 4134 Radoni
1163 4067 1178 4151 ξ
1199 4072 1292 4148 (sn).

590 4222 663 4273 Data
685 4206 738 4273 die
762 4226 826 4273 vm
853 4207 1016 4275 kalendae
1039 4225 1127 4274 iunias
1151 4240 1166 4272 a
1189 4238 1259 4274 anno
1282 4224 1348 4271 Xlll
1372 4227 1398 4272 et
1414 4224 1465 4270 Vll
1487 4206 1579 4291 regni
1601 4206 1724 4290 nostri3
1752 4226 1841 4271 actum
1857 4220 1942 4285 Papia
1964 4220 2089 4283 civitate;
2112 4219 2140 4267 iu

489 4324 532 4376 dei
554 4328 662 4377 nomine
684 4326 799 4378 feliciter
821 4334 928 4377 amen.

1277 4641 1364 4718 2³5.

1225 4798 1407 4881 (noceat.)

435 4974 468 5022 ³6
490 4958 587 5030 Kurl
612 4961 675 5032 der
707 4957 835 5032 Grosse
868 4960 994 5032 uimmt
1026 4962 1083 5034 die
1108 4958 1240 5031 Kirohe
1273 4958 1547 5051 occiduoque,
1584 4960 1690 5030 deren
1724 4957 1915 5030 Urbuadeo
1951 4957 2003 5029 bei
2029 4960 2139 5029 eiocm

490 5078 621 5153 Brund
646 5105 691 5153 su
717 5080 864 5154 Grande
886 5084 1043 5176 pienpec,
1070 5084 1109 5155 io
1135 5083 1253 5153 scinco
1279 5080 1417 5167 Scitote
1447 5080 1605 5173 bestdtipt
1631 5082 1699 5153 dee
1720 5078 1840 5151 Besiir
1866 5078 2050 5151 iuuerbulh
2078 5102 2139 5150 oo-

486 5201 671 5293 pepedener
709 5201 868 5275 eremo
907 5205 983 5276 aad
1014 5204 1087 5294 aas
1117 5202 1247 5275 Gracci
1286 5204 1379 5274 eines
1419 5201 1742 5294 Gar-iebisepruciies
1782 5201 1838 5273 dio
1878 5198 2061 5271 Oratorieu
2101 5202 2139 5270 iri

489 5320 656 5396 mazara
683 5326 759 5398 uod
790 5324 966 5412 Garum,
1003 5326 1143 5398 ecbeokt
1169 5326 1286 5397 doses
1312 5321 1421 5395 Laod
1447 5326 1521 5395 und
1547 5322 1767 5394 Fischeroica
1794 5322 1960 5393 ricimiro
1987 5322 2039 5392 Po
2066 5322 2141 5393 arrd

489 5442 658 5517 Bondeuo
685 5448 760 5519 uod
785 5447 929 5519 verleibt
954 5445 1281 5537 Iapuditioosrecbi
1308 5445 1372 5515 mit
1398 5447 1463 5516 der
1489 5443 1673 5535 Befiupris,
1709 5444 1792 5514 awai
1818 5444 1901 5513 oder
1928 5443 2005 5514 circi
2040 5442 2140 5531 Vopie

434 5580 468 5628 ⁴0
491 5566 580 5638 acob
606 5568 741 5658 eiperm
774 5567 878 5641 Wobl
903 5591 948 5640 eu
974 5567 1145 5639 besteileu.

1756 5671 1852 5730 Paos’a
1875 5672 1935 5729 781
1962 5668 2043 5728 Jeni
2065 5670 2094 5727 8.

566 5855 627 5911 aot.
645 5857 674 5924 s)
691 5860 807 5927 creduut
825 5873 879 5911 oua
898 5858 949 5913 der
970 5857 1090 5928 Vortupe
1193 5855 1453 5926 amiternensi
1475 5854 1557 5910 Tiuts
1576 5869 1647 5909 corr.
1668 5869 1721 5908 aus
1740 5872 1817 5922 quos,
1845 5852 1898 5907 dus
1917 5854 1932 5903 d
1961 5868 2007 5906 om
2027 5850 2141 5906 Scotusa

645 5926 726 5981 duaa
743 5926 847 5982 wieder
858 5928 909 5981 mit
928 5927 1050 5982 auderes
1063 5927 1146 5981 Tinte
1165 5925 1380 5981 dorcastricbca
1449 5926 1474 5993 o)
1493 5924 1547 5978 das
1566 5930 1638 5979 erate
1650 5942 1667 5976 u
1687 5924 1754 5978 siber
1773 5924 1822 5979 der
1835 5922 1910 5977 Zeila
1928 5923 1980 5976 mit
1999 5922 2141 5977 derselbeu

434 6066 469 6114 4⁶
647 5996 954 6135 fflnemtfflmqm
1023 5999 1051 6065 d)
1068 5996 1146 6051 Loca
1164 5996 1202 6049 im
1221 5996 1389 6066 Perpamsat
1459 5998 1486 6061 a)
1505 6002 1552 6047 aut
1569 5993 1597 6049 B
1664 5994 1735 6061 oin
1754 5994 1804 6047 der
1826 5993 1944 6061 Vorlape
1967 5994 2136 6060 ingredere..

1924 6169 1975 6217 tl·
