5642 7159
1174 675 1433 738 statuaria
1457 673 1530 738 769.
2135 672 2179 738 63

531 877 578 928 hac
600 875 644 928 die'
665 877 756 928 nullus
779 893 812 929 ex
834 877 975 928 iudiciaria
997 881 1129 942 potestate
1159 892 1208 928 uec
1231 878 1263 931 iu
1286 880 1344 943 ipso
1367 878 1494 929 marcado
1517 894 1566 928 nec
1594 893 1642 942 per
1664 893 1762 944 eorum⁴
1780 893 1858 944 agros
1887 893 1937 929 uec
1958 882 2052 943 portus
2074 893 2124 927 nec
2146 876 2179 928 de

529 984 646 1033 homines
669 999 760 1034 corum
776 999 825 1034 nec
848 999 939 1034 corum
955 984 1126 1050 negociantes
1149 974 1218 1032 ncc⁸
1240 981 1273 1032 de
1295 998 1386 1034 omnes
1409 983 1536 1032 naciones
1552 996 1742 1047 quascumque,
1764 983 1811 1047 qui
1833 980 1867 1031 ad
1889 983 1943 1032 iam
1959 981 2030 1032 dicte
2052 980 2177 1032 marcado

529 1086 680 1149 adveniunt,
703 1103 753 1137 nec
775 1102 823 1152 per
845 1087 923 1137 villas
946 1102 1036 1136 eorum
1060 1102 1109 1136 nec
1132 1085 1164 1136 de
1187 1086 1295 1152 navigia
1317 1101 1366 1136 nec
1389 1085 1423 1136 de
1444 1091 1538 1150 portus
1560 1101 1609 1135 uec
1632 1085 1666 1135 de
1689 1100 1764 1136 carra
1786 1103 1836 1137 nec
1858 1068 1913 1137 deh
1935 1077 2080 1146 [ιιιιιι]ιιιιιιο
2102 1085 2177 1135 nullo

527 1173 657 1242 telloneo¹
679 1207 728 1241 nec
743 1191 856 1242 foratico
873 1207 922 1241 nec
938 1191 1050 1242 rotatico
1066 1206 1115 1240 uec
1129 1190 1266 1254 pontatico
1283 1206 1332 1240 nec
1355 1170 1509 1254 ροηιιῑίοοι
1525 1205 1575 1239 nec
1590 1189 1733 1241 salutatico
1748 1207 1798 1241 nec
1821 1191 1970 1255 cispitatico
1985 1205 2034 1240 nec
2049 1191 2176 1240 mutatico

492 1294 506 1342 ὅ
528 1311 576 1345 nec
599 1295 675 1345 nulla
697 1301 791 1346 exacta
813 1276 899 1356 [nec]r
918 1293 1112 1346 consuetudine
1135 1309 1184 1344 nec
1206 1276 1315 1343 nullus
1345 1293 1465 1343 dinarius
1488 1300 1615 1359 quattuor
1643 1294 1676 1344 de
1699 1311 1790 1346 omnes
1819 1297 1954 1357 naciones,
1987 1293 2060 1359 quod
2077 1292 2176 1343 ibidem

526 1398 639 1464 adipso
668 1399 792 1450 marcado
826 1398 981 1462 adveniunt,
1015 1413 1094 1464 quem
1117 1395 1285 1447 sonachildis
1308 1402 1335 1447 et
1357 1396 1509 1447 Gnirlridus
1531 1399 1623 1460 comis,
1658 1403 1689 1448 ut
1711 1414 1792 1464 supra
1814 1399 2028 1460 memoravimus,
2062 1398 2090 1447 in
2113 1413 2175 1447 ccu-

526 1503 666 1554 suetudine
689 1506 825 1567 miserunt,
855 1504 889 1554 ad
919 1505 991 1568 ipsos
1013 1503 1184 1554 necuciantes
1213 1517 1262 1556 uec
1284 1502 1354 1554 infra
1382 1503 1442 1567 ipso
1465 1518 1534 1567 pago
1557 1501 1695 1568 Parisiagc
1725 1518 1774 1552 nec
1795 1503 1824 1551 in
1845 1504 1905 1567 ipsa
1931 1503 2039 1552 civitate
2063 1501 2095 1552 de
2117 1502 2177 1566 ipsa

525 1608 583 1657 vice
606 1624 656 1658 nec
683 1607 776 1670 aliubi,
810 1610 855 1674 qui
878 1607 913 1657 ad
941 1609 1000 1672 ipsa
1021 1607 1166 1657 testivitate
1194 1605 1348 1668 adveniunt,
1382 1605 1459 1656 nulla
1487 1611 1582 1656 exacta
1615 1622 1665 1656 uec
1693 1608 1880 1657 contrarietate
1909 1622 1995 1672 neque
2017 1621 2066 1656 vos
2088 1621 2175 1670 neque

525 1713 643 1762 iuniores
665 1728 713 1764 ssu
736 1727 902 1763 successores
926 1713 1007 1762 vestri
1030 1713 1135 1777 exigere
1156 1727 1206 1761 nec
1229 1716 1352 1761 exactare
1375 1726 1430 1760 ιιοιι
1452 1711 1620 1775 presumatis,
1647 1711 1707 1773 nisi,
1729 1716 1760 1760 ut
1782 1709 1906 1776 diximus,
1929 1709 2057 1777 quicquid
2080 1709 2175 1760 exinde

473 1816 504 1864 10
526 1815 605 1866 liscus
627 1821 718 1867 noster
739 1817 851 1867 forsitan
873 1816 907 1866 ad
930 1822 1006 1882 parte
1028 1823 1119 1868 nostra
1141 1833 1188 1868 seu
1211 1822 1238 1868 et
1260 1817 1294 1867 ad
1317 1833 1408 1868 omnes
1432 1822 1541 1883 agentes
1563 1823 1669 1868 nostros
1691 1823 1816 1882 potuerat
1838 1832 1953 1884 sperare,
1983 1817 2072 1868 omnia
2094 1821 2121 1866 et
2142 1830 2176 1865 ex

525 1921 648 1970 omnibus
671 1921 728 1986 ipse
751 1919 880 1971 telloneos
896 1919 930 1969 ad
951 1921 1011 1985 ipsa
1026 1936 1089 1970 casa
1111 1921 1154 1971 dei
1175 1922 1203 1969 in
1226 1922 1359 1986 integrum
1382 1922 1417 1970 sit
1439 1937 1582 1971 concessus
1597 1926 1694 1987 atquae
1716 1920 1837 1971 indultus
1852 1921 1895 1972 vel
1918 1920 2115 1983 evindaecatus,
2137 1920 2177 1968 ita

524 2028 554 2072 ut
575 2024 673 2074 suturis
696 2024 860 2089 temporibus
889 2039 936 2088 per
958 2031 1050 2074 nostra
1078 2025 1238 2074 auctoritate
1272 2024 1315 2074 vel
1338 2025 1502 2075 anteriorum
1530 2040 1621 2091 regum
1655 2025 1772 2076 habeant
1794 2023 1978 2076 confirmatum
2007 2024 2050 2074 vel
2074 2021 2175 2079 evindi-

524 2133 621 2190 catum,
655 2128 719 2193 quia
741 2143 790 2177 uos
812 2133 920 2192 propter
942 2127 1020 2178 deum
1045 2133 1072 2178 et
1094 2129 1243 2179 reverentia
1264 2129 1378 2192 praefati
1406 2130 1493 2178 sancti
1516 2129 1642 2193 Dionisiy
1665 2131 1789 2193 martyris
1817 2145 1865 2180 seu
1887 2145 1935 2193 pro
1959 2129 2046 2178 anime
2068 2132 2175 2177 nostrae

524 2230 668 2282 remedium
690 2231 733 2282 vel
756 2231 928 2282 stabilitatem
951 2233 1026 2298 regni
1049 2232 1213 2282 Francorum
1224 2249 1241 2281 ιι
1256 2233 1298 2282 vel
1321 2219 1469 2302 proceris
1481 2218 1604 2284 nostris
1620 2239 1647 2284 et
1668 2235 1824 2298 posteritate
1840 2249 1931 2284 eorum
1954 2233 2005 2283 hoc
2019 2234 2047 2282 in
2062 2231 2175 2282 lumina·

475 2333 504 2384 lb
525 2336 598 2386 ribus
622 2334 657 2386 ad
679 2338 740 2401 ipss
767 2352 829 2387 casa
850 2338 937 2388 sancti
965 2337 1092 2401 Dionisiy
1114 2336 1157 2388 vel
1186 2334 1220 2386 ad
1243 2338 1300 2400 ipso
1324 2337 1470 2388 monachus
1499 2352 1547 2387 seu
1569 2352 1701 2402 pauperes
1723 2343 1750 2388 et
1778 2338 1934 2403 peregrinus
1956 2338 1985 2385 in
2006 2341 2098 2387 ncsba
2120 2335 2174 2399 ely·

524 2443 627 2491 mosinu
649 2441 701 2492 hoc
723 2441 752 2490 iu
774 2441 899 2491 omnibus
921 2443 1102 2492 concessimus
1124 2441 1168 2492 vel
1187 2423 1395 2504 confirmamus¹,
1420 2447 1451 2492 ut
1472 2441 1621 2491 maurelius
1644 2440 1753 2492 dilectet
1766 2457 1816 2507 pro
1839 2441 1984 2492 stabilitate
2000 2441 2075 2507 regni
2090 2440 2174 2489 nostri

524 2545 566 2596 vel
588 2561 636 2610 pro
666 2547 770 2595 cunctis
798 2544 885 2596 leudis
914 2551 1019 2596 nostros
1041 2544 1143 2596 domini
1170 2545 1356 2600 misericordia,
1380 2544 1514 2595 adtentius
1537 2545 1697 2610 depraecare
1727 2550 1754 2596 et
1776 2550 1807 2595 ut
1829 2545 1885 2595 evis
1908 2550 1935 2595 et
1963 2545 2087 2610 perennis
2109 2548 2173 2593 tem-

524 2648 633 2712 poribus
656 2647 690 2698 ad
712 2649 772 2713 ipsa
794 2663 856 2698 casu
878 2649 921 2700 dei
944 2647 1067 2714 proficiat
1089 2651 1117 2699 in
1139 2643 1349 2715 augmentumm.
1372 2650 1408 2699 Et
1430 2656 1461 2699 ut
1481 2649 1532 2700 bec
1553 2649 1718 2701 confirmatio
1741 2655 1833 2701 ncstm
1853 2651 1987 2715 inspectas
2009 2651 2081 2714 ipsas
2103 2655 2174 2718 pre·

524 2736 686 2822 ereptionis
709 2736 762 2802 vel
784 2752 900 2803 ludicius
923 2737 1129 2803 evindicatus
1145 2737 1189 2803 ad
1212 2754 1308 2804 domno
1324 2739 1464 2826 Pippino
1488 2748 1572 2821 regan
1594 2756 1638 2806 vel
1653 2755 1766 2807 aliorum
1788 2772 1908 2822 regum*
1930 2754 2029 2806 tirmior
2043 2753 2174 2809 habeatur

471 2855 503 2905 20
526 2862 551 2906 et
572 2858 643 2906 circa
665 2857 724 2921 ipsa
741 2873 758 2905 ιι
780 2871 843 2908 casa
865 2856 908 2908 dei
930 2858 1083 2923 perenniter
1105 2862 1285 2920 conservetur,
1320 2873 1400 2907 manu
1423 2863 1515 2909 nostra
1538 2859 1630 2912 subter
1652 2875 1710 2910 eam
1733 2859 1899 2910 decrevimus
1928 2858 2068 2924 adsignare
2091 2863 2118 2908 et
2140 2856 2173 2906 de

526 2961 604 3012 anulo
626 2967 717 3012 nostro
741 2962 833 3012 subter
855 2962 999 3028 siggillare.

624 3079 638 3160 d
660 3080 797 3168 Signum
821 3087 911 3164 (uu.)
935 3081 1180 3150 Carolomanno
1203 3084 1441 3170 gloriosissimo
1464 3108 1552 3170 rege.
1575 3084 1590 3166 ξ

625 3222 683 3305 (9.)
706 3219 938 3308 ξΜιιςίιιιιιίιιι
953 3225 1129 3308 recognovi
1146 3233 1179 3289 et
1193 3223 1207 3308 ξ
1222 3228 1289 3302 (Sil.
1303 3228 1381 3290 N'l'c
1405 3228 1599 3302 Moqincsius
1614 3229 1788 3303 recognovi).
1801 3228 1874 3304 (SI.)
1890 3228 1997 3304 [Be]ne
2011 3227 2170 3302 [r]al[e]st.

624 3359 716 3426 Data
741 3361 775 3426 in
802 3383 913 3426 mense
941 3361 1090 3427 ianuario
1119 3384 1205 3428 anno
1233 3363 1338 3449 primo
1365 3365 1459 3449 regni
1481 3366 1602 3446 nostri3
1639 3374 1752 3430 actum
1780 3362 2014 3449 Salmunciago
2041 3361 2170 3448 palacio

469 3480 502 3529 at
525 3461 672 3550 publico;
695 3467 729 3530 iu
753 3465 805 3531 dci
828 3467 960 3531 nominc
984 3466 1133 3531 feliciter.

1315 3693 1378 3768 tt.

522 3847 725 3922 Karlmmru
753 3847 910 3942 beatdttgt
936 3851 1014 3922 dem
1040 3851 1185 3924 chster
1210 3850 1267 3924 St.
1296 3851 1436 3924 Deoia
1462 3852 1518 3924 dic
1543 3852 1766 3925 Immunitcit.

1718 3992 1880 4066 &moussy
1903 3994 1965 4052 769
1990 3991 2125 4054 Jonuar.

626 4145 763 4220 Originol
783 4148 826 4206 im
846 4147 1095 4209 Nuticnolorclrio
1116 4166 1157 4208 aa
1180 4149 1270 4209 Poris
1292 4148 1356 4227 (A).

626 4285 704 4345 aaut.
728 4285 765 4344 dc
786 4272 894 4344 l'Ecolc
916 4285 968 4345 des
990 4287 1104 4345 chortes
1127 4288 1183 4358 IV,
1205 4292 1229 4350 2
1251 4286 1373 4366 (1856),
1397 4290 1461 4348 318
1484 4305 1541 4346 oua
1563 4287 1661 4351 1.-
1683 4289 1771 4348 Fara.
1796 4289 1831 4347 de
1852 4276 1962 4348 l'Ecolr
1984 4288 2034 4347 dcc
2057 4289 2170 4347 cirortes

625 4411 667 4445 =
689 4390 779 4463 Kopp
803 4389 1016 4462 Sobristtoscln
1039 4394 1068 4452 5.
1092 4425 1134 4435 -
1156 4391 1352 4451 Mrtlrlbacbcr
1373 4393 1446 4466 Res.
1470 4392 1534 4452 11⁷
1556 4388 1658 4473 (111).

624 4527 687 4586 Der
711 4527 833 4588 Contcat
855 4529 1074 4588 reconderem
1097 4530 1249 4590 Sclsreiber
1271 4530 1374 4610 (MA),
1398 4532 1453 4592 dos
1469 4532 1655 4592 marmorati
1675 4549 1732 4591 ocu
1755 4532 1947 4606 Mayinorius
1967 4531 2171 4604 praeductam

623 4649 685 4690 nur
707 4631 760 4690 der
781 4633 864 4691 obera
888 4632 972 4692 Their
993 4633 1043 4692 des
1066 4633 1178 4708 Sieqels
1201 4636 1343 4697 erdalten.
1366 4667 1406 4680 -
1438 4637 1558 4711 Verluqc
1581 4637 1629 4696 dic
1656 4636 1798 4697 Urlrundc
1813 4636 1943 4708 Pippiua
1965 4641 2000 4693 η’
2013 4637 2066 4696 96.
2088 4633 2169 4693 Dosa

625 4735 680 4806 [ιιι
709 4736 787 4795 deese
820 4735 874 4796 dua
905 4735 1043 4810 original
1071 4739 1259 4800 Korimcnna
1291 4740 1338 4800 olo
1367 4741 1602 4814 Sobrciboorlupc
1635 4739 1732 4798 dicate
1762 4737 1870 4817 (Strbel
1896 4737 1961 4799 UD.
1983 4739 2050 4797 298
2074 4737 2114 4797 N.
2139 4740 2169 4807 4,

625 4840 697 4912 Res.
714 4844 778 4900 219
801 4841 831 4898 P
844 4845 908 4919 19),
931 4843 971 4900 ist
993 4843 1060 4902 seir
1081 4845 1375 4916 unwobracbriulicb,
1399 4844 1458 4903 den
1480 4843 1719 4903 Aebnliclrkeitcn
1740 4843 1840 4902 steten
1862 4840 2073 4901 bedeutenderc
2100 4840 2170 4900 Ver·

623 4944 856 5004 sclicdenlaeiteu
874 4948 1050 5018 separabar.
2126 4948 2134 4960 '

625 5134 681 5210 (0.)
703 5128 718 5211 Ξ
740 5129 981 5198 Carlomannus
1003 5156 1064 5199 rex
1088 5133 1292 5202 Francorum
1314 5135 1365 5202 vir
1387 5136 1534 5203 inluster.
1557 5135 1572 5219 {i
1673 5152 1834 5217 Incipianus
1848 5149 1923 5215 regni
1947 5148 2032 5198 nostri
2047 5146 2170 5197 effectum

522 5247 554 5298 de
576 5255 666 5300 nostra
688 5252 825 5302 ereccione
847 5253 950 5318 integre
973 5253 1121 5304 auxiliante
1144 5253 1251 5306 domino
1274 5255 1384 5322 vigilavi
1408 5262 1436 5307 et
1456 5273 1505 5322 pro
1527 5258 1587 5322 ipsa
1608 5256 1680 5307 bona
1702 5271 1785 5320 opera
1812 5260 1921 5304 auctum
1943 5268 2003 5302 cum
2027 5251 2168 5302 consilium

521 5351 691 5416 ponteficium
715 5353 757 5404 vel
780 5329 914 5406 seniorum
938 5357 1095 5421 optimatum
1118 5364 1269 5410 nostrorum
1293 5362 1439 5411 emunitate
1461 5377 1509 5426 per
1531 5366 1622 5411 nostro
1645 5357 1855 5410 confirmandum
1871 5373 1982 5424 regnum
2005 5361 2032 5406 et
2053 5354 2169 5405 mercide

462 5458 499 5506 to
521 5457 563 5507 vel
584 5459 618 5508 ad
641 5459 840 5525 inepiscendum
866 5463 948 5512 vitam
972 5468 1106 5514 aeternam
1129 5479 1257 5516 renovare
1281 5463 1440 5530 deberimus,
1463 5464 1536 5531 quod
1558 5466 1596 5514 ita
1618 5470 1645 5514 et
1667 5464 1787 5513 fecimus.
1808 5463 1881 5528 Ergo
1897 5463 1997 5526 oportit
2013 5460 2167 5510 climenciae

521 5562 666 5628 principale
688 5565 758 5614 inter
780 5565 876 5615 citeras
899 5566 1040 5630 peticionis
1063 5560 1159 5630 illud⁸,
1195 5584 1247 5634 que
1269 5585 1317 5634 pro
1341 5569 1429 5620 saluts
1451 5568 1612 5620 adscribitur
1635 5573 1661 5618 et
1683 5583 1731 5631 pro
1754 5566 1844 5616 divine
1867 5566 1987 5616 nomines
2009 5563 2169 5628 postulatur,

522 5667 654 5731 placabile
677 5668 797 5719 auditum
820 5685 961 5735 suscepere
985 5678 1012 5721 et
1033 5673 1127 5736 procul
1150 5673 1261 5723 dubium
1284 5674 1318 5724 ad
1341 5675 1464 5726 effectum
1486 5674 1639 5739 perducere,
1667 5677 1799 5738 quatenus
1822 5670 1854 5720 de
1877 5669 1986 5720 caducis
2008 5669 2089 5718 rebus
2111 5683 2169 5731 pre-

614 5838 654 5892 ld.
674 5840 703 5906 g)
720 5855 755 5891 ue
774 5841 800 5892 A
897 5840 927 5905 h)
943 5841 977 5892 da
995 5842 1022 5893 A
1118 5842 1138 5909 i)
1157 5843 1284 5896 nulloneo
1303 5846 1330 5897 A
1425 5845 1456 5911 lr)
1472 5847 1603 5912 partetico
1621 5844 1649 5898 A
1751 5844 1772 5911 l)
1789 5842 2005 5895 confirmavimus
2025 5839 2082 5895 VU.

674 5909 710 5976 m)
727 5915 881 5976 agniculum
899 5909 927 5963 A
1031 5913 1059 5978 ιι)
1077 5927 1111 5979 ge
1129 5911 1196 5964 iiber
1215 5911 1265 5965 der·
1284 5913 1359 5967 Zeila
1377 5930 1430 5969 sorr
1448 5914 1592 5968 derasidas
1611 5911 1701 5966 Hand
1718 5913 1933 5982 rracbpetragen.

470 6007 504 6055 ⁴⁶
615 6011 656 6064 ll.
675 6012 702 6078 a)
719 6012 790 6064 ullut
808 6014 843 6066 A
