5642 7159
1323 733 1749 796 KAlSllllUliliUNllllN.

809 928 899 988 sebon
918 946 959 986 aa
974 926 1093 997 Ropisa
1115 924 1233 985 66312.
1250 922 1304 983 Jb.
1325 923 1505 993 verbanden,
1529 924 1572 981 sie
1593 922 1675 980 kann
1690 924 1749 980 erst
1769 920 1847 979 noea
1869 918 1922 979 der
1938 918 2004 979 Zeti
2022 917 2104 979 Ottos
2122 916 2164 975 Il
2190 910 2397 974 eatstanden

811 1034 885 1103 aaa,
909 1033 952 1090 sie
971 1031 1074 1103 pelori
1096 1028 1162 1086 dem
1177 1033 1229 1088 11.
1247 1027 1301 1089 Jli.
1317 1044 1368 1088 on.
1394 1026 1454 1086 Die
1468 1024 1672 1085 edormliioben
1691 1027 1860 1099 pensantes
1882 1023 2093 1097 Falsobsapen
2116 1020 2196 1081 sind
2224 1020 2289 1077 mit
2307 1016 2399 1075 Aus-

809 1137 994 1195 animosos
1014 1139 1049 1191 a⁰
1067 1135 1131 1195 255
1160 1149 1222 1190 aar
1248 1131 1291 1189 ira
1313 1132 1488 1204 Resistrsm
1518 1131 1568 1189 ries
1597 1130 1706 1189 Petrus
1728 1128 1883 1188 Diaconos
1914 1125 2097 1199 uberliesert
2138 1125 2226 1195 dem,
2268 1122 2332 1181 wie
2366 1136 2399 1180 es

809 1239 931 1309 seboim,
955 1238 1127 1308 wenipstens
1149 1234 1198 1293 die
1221 1235 1351 1308 Beipabe
1373 1236 1426 1294 der
1449 1234 1684 1310 Sieyellepeaden
1710 1235 1911 1294 bosamessen
1933 1233 1982 1291 ist.

809 1440 842 1490 In
864 1442 971 1490 nomine
993 1440 1094 1489 domini
1122 1440 1207 1489 nostri
1228 1439 1292 1489 Iesu
1314 1438 1414 1489 Christi
1437 1438 1478 1488 dei
1503 1439 1596 1489 eterni.
1634 1438 1746 1489 Carolus
1768 1437 1856 1503 gratia
1878 1436 1921 1487 dei
1945 1453 1992 1489 rex
2012 1438 2193 1489 Francorum
2220 1442 2251 1488 et
2277 1437 2398 1501 Lango—
2422 1434 2437 1481 5

707 1544 851 1596 bardorum
874 1559 906 1595 ac
927 1544 1059 1609 patricius
1080 1544 1261 1595 Romanorum
1284 1543 1408 1595 omnibus
1432 1544 1566 1607 episcopis
1589 1542 1733 1593 abbatibus
1756 1542 1870 1593 ducibus
1894 1542 2035 1593 comitibus
2058 1542 2211 1593 iudicibus
2237 1539 2400 1608 gastaldiis

706 1650 862 1700 actionariis
876 1649 985 1698 vicariis
1009 1649 1168 1698 centenariis
1183 1648 1226 1699 vel
1248 1648 1359 1713 reliquis
1375 1646 1500 1698 fidelibus
1523 1647 1620 1696 nostris
1635 1647 1803 1711 precantibus
1827 1646 1930 1697 scilicet
1952 1652 1978 1697 et
1999 1648 2108 1698 suturis.
2231 1647 2400 1696 Maximum

707 1754 782 1820 regni
804 1753 889 1803 nostri
911 1754 940 1801 in
961 1752 1013 1802 lioc
1036 1767 1133 1818 augere
1157 1750 1289 1802 credimus
1312 1753 1514 1814 munimentum,
1545 1751 1567 1800 si
1589 1751 1765 1815 petitionibus
1788 1750 1956 1801 sacerdotum
1979 1757 2059 1817 atque
2089 1767 2248 1802 serrorum
2276 1750 2336 1814 dei,
2368 1752 2399 1800 in

707 1876 760 1925 quo
783 1858 881 1908 nostris
904 1858 1016 1907 auribus
1038 1857 1138 1907 luerint
1159 1856 1271 1921 prolate,
1293 1856 1389 1906 libenti
1412 1857 1501 1905 animo
1525 1855 1739 1919 obtemperamus
1755 1859 1835 1920 atque
1858 1854 1892 1904 ad
1915 1854 2037 1906 effectum
2052 1856 2257 1922 perducimus,
2285 1858 2399 1923 regiam

707 1962 927 2013 consuetudinem
954 1954 1127 2011 exercemus*
1150 1966 1177 2011 et
1202 1961 1253 2011 hoc
1275 1961 1354 2011 nobis
1384 1960 1419 2010 ad
1441 1960 1569 2011 mercedis
1597 1966 1769 2026 augmentum
1792 1954 1825 2009 et
1853 1960 2025 2012 stabilitatem
2048 1964 2128 2028 regni
2158 1964 2259 2013 nostri
2292 1964 2325 2012 in
2350 1962 2397 2013 dei
2420 1964 2452 2013 16

707 2068 814 2117 nomine
836 2067 969 2132 pertinere
985 2046 1172 2115 confidimusb.
1206 2064 1375 2129 Quapropter
1390 2065 1496 2114 noverit
1518 2063 1637 2115 sollertia
1652 2068 1748 2127 vestra,
1771 2063 1886 2131 qualiter
1908 2065 1942 2115 ad
1964 2068 2123 2130 petitionem
2149 2059 2231 2117 nos⁰
2256 2066 2399 2133 religioso

707 2172 764 2221 viro
787 2152 989 2221 Tlieuthmaro‘¹
1018 2170 1109 2220 abbati
1133 2186 1165 2219 ex
1189 2171 1348 2220 monasterio
1372 2170 1458 2220 sancti
1481 2169 1641 2220 confessoris
1665 2168 1763 2221 Christi
1785 2168 1932 2233 Benedicti,
1961 2171 2033 2235 qnod
2055 2176 2098 2221 est
2127 2176 2343 2221 constructum
2368 2172 2398 2221 in

707 2275 767 2325 loco
791 2276 837 2340 qui
861 2274 958 2324 dieitur
981 2274 1107 2324 Casinum
1130 2279 1254 2338 castrum,
1285 2275 1331 2324 ubi
1354 2275 1563 2325 sacratissimum
1586 2290 1683 2340 corpus
1706 2276 1764 2325 eius
1787 2274 1924 2325 humatum
1948 2280 1995 2337 est,
2029 2274 2083 2325 talo
2107 2274 2295 2327 beneficium
2322 2280 2399 2327 circa

659 2379 686 2429 ΙΙ
708 2380 795 2443 ipsum
819 2379 1008 2429 monasterinm
1025 2379 1076 2427 visi
1098 2378 1198 2428 fuimns
1213 2381 1384 2442 concessisse,
1407 2379 1479 2430 unde
1492 2379 1617 2430 monachi
1640 2377 1690 2429 deo
1706 2380 1852 2430 servientes
1875 2383 1901 2428 st
1915 2394 1964 2443 pro
1986 2379 2065 2430 nobis
2089 2384 2117 2431 et
2144 2386 2258 2432 cuncto
2286 2382 2396 2447 populo

712 2482 855 2533 christiano
879 2487 1020 2533 exorantes
1042 2483 1133 2533 vivere
1148 2482 1262 2546 valeant,
1285 2482 1373 2533 idest
1395 2488 1479 2533 terras
1503 2488 1529 2534 et
1544 2484 1626 2534 silvas
1649 2483 1718 2534 sacri
1740 2485 1825 2534 nostri
1846 2483 1940 2549 palatii
1963 2486 2131 2548 pertinentes
2149 2501 2206 2550 per
2231 2487 2291 2537 has
2309 2486 2396 2539 fines:
2425 2489 2455 2537 15

712 2602 727 2636 a
749 2586 903 2651 primatiae
926 2585 960 2636 da
981 2588 1042 2651 ipsu
1064 2586 1188 2637 Carnellu
1211 2592 1238 2637 et
1260 2588 1393 2652 quomodo
1417 2586 1478 2637 sulit
1500 2604 1548 2653 per
1570 2590 1629 2653 ipsa
1644 2589 1745 2639 Bantra
1767 2604 1852 2655 usque
1874 2588 1903 2638 in
1917 2589 1985 2639 Rivo
2009 2590 2127 2640 siccent
2154 2591 2288 2643 saliente
2305 2609 2397 2659 usqne

711 2690 745 2740 ad
761 2689 900 2741 ecclesiam
924 2692 1009 2741 saneti
1024 2691 1134 2740 Martini
1157 2696 1184 2741 et
1206 2691 1338 2756 quomodo
1361 2694 1449 2757 pergit
1471 2708 1518 2757 per
1540 2695 1597 2757 ipse
1620 2695 1699 2743 criste
1722 2692 1755 2743 de
1777 2696 1866 2743 monte
1890 2694 1976 2743 sancti
1989 2693 2075 2758 Petri;
2104 2694 2142 2745 de
2161 2697 2301 2747 secunda
2317 2704 2398 2763 parts

711 2794 763 2845 fine
786 2810 860 2845 serra
882 2794 914 2845 de
936 2800 1026 2845 monte
1048 2797 1094 2860 qui
1117 2795 1215 2845 dicitnr
1231 2795 1321 2845 Cisino
1345 2801 1371 2845 et
1394 2796 1527 2861 quomodo
1550 2798 1638 2861 pergit
1659 2812 1706 2861 per
1729 2811 1802 2847 serra
1825 2797 1857 2847 de
1880 2804 1969 2847 monte
1992 2799 2037 2863 qui
2063 2798 2175 2849 dicitur
2191 2802 2346 2867 Aquilone
2371 2809 2398 2854 et

711 2898 786 2949 vadit
813 2900 848 2949 ad
869 2900 957 2949 lacum
986 2901 1031 2965 qui
1054 2900 1152 2950 dicitur
1182 2900 1215 2949 ds
1236 2900 1342 2966 Pupplo
1372 2905 1399 2951 et
1421 2899 1553 2965 quomodo
1582 2901 1669 2967 pergit
1692 2900 1726 2950 ad
1754 2900 1843 2951 lacum
1865 2901 1988 2951 Biticusu
2017 2906 2043 2951 et
2067 2902 2150 2952 vadit
2185 2904 2335 2957 directum
2361 2908 2396 2958 ad

709 3005 814 3070 Aquam
836 3003 974 3054 fundatam
997 3010 1024 3055 et
1046 3005 1178 3070 quomodo
1202 3005 1322 3055 ascendit
1337 3021 1384 3069 per
1407 3007 1495 3070 ipsum
1516 3010 1640 3067 montem,
1664 3007 1709 3071 qui
1726 3010 1766 3055 est
1788 3005 1986 3070 superCasale,
2009 3011 2035 3055 et
2058 3009 2195 3071 pervenit
2222 3010 2264 3061 ad
2291 3012 2394 3063 vadum
2416 3015 2446 3063 20

710 3109 827 3158 fluminis
842 3110 888 3173 qui
911 3108 1009 3159 dicitur
1023 3109 1130 3173 Rapidu
1153 3114 1181 3159 st
1194 3111 1317 3173 pervenit
1339 3111 1367 3159 in
1390 3124 1487 3175 aquam
1502 3108 1636 3159 Mellarini
1660 3116 1686 3161 et
1701 3110 1834 3175 quomodo
1857 3112 1944 3175 pergit
1959 3126 2006 3175 per
2029 3112 2104 3175 ipsas
2124 3114 2237 3165 cristas
2255 3120 2397 3168 montium

710 3217 737 3262 et
758 3213 881 3277 pervenit
907 3211 942 3261 ad
969 3211 1053 3262 Terra
1079 3212 1148 3275 alba,
1181 3212 1245 3263 inde
1272 3214 1345 3263 venit
1372 3214 1407 3263 ad
1434 3214 1535 3263 furcam
1565 3215 1650 3263 sancti
1673 3214 1810 3264 Valentini
1838 3220 1865 3266 et
1887 3214 2020 3280 quomodo
2052 3218 2189 3267 ascendit
2215 3237 2272 3285 per
2298 3226 2397 3273 cristas

709 3317 847 3378 montium,
871 3317 994 3381 quisunt
1015 3317 1085 3366 inter
1103 3316 1182 3366 Atine
1206 3322 1232 3367 et
1247 3317 1324 3367 Valle
1340 3318 1416 3381 lucis,
1439 3323 1466 3369 et
1488 3324 1559 3369 recto
1584 3319 1688 3368 tramite
1712 3321 1833 3384 pervenit
1855 3319 1889 3369 ad
1912 3320 2017 3369 Petram
2042 3322 2182 3385 scriptam
2210 3332 2243 3376 et
2269 3328 2398 3379 ascendit

709 3420 744 3470 ad
767 3435 865 3471 serram
888 3421 986 3470 montis
1009 3422 1055 3485 qui
1077 3420 1175 3471 dicitur
1196 3420 1326 3471 Ordicosa
1348 3428 1375 3472 et
1396 3425 1484 3488 pergit
1506 3438 1586 3487 super
1608 3424 1665 3487 ipse
1687 3423 1810 3487 pesclora
1831 3425 1878 3488 qui
1900 3423 1998 3473 dicitur
2022 3424 2180 3477 Falconari
2208 3436 2241 3480 et
2267 3435 2397 3496 pervenit

708 3524 743 3573 ad
765 3526 822 3588 ipse
844 3516 936 3586 iiues⁰,
964 3525 1010 3588 qui
1032 3529 1095 3574 sunt
1117 3525 1318 3587 intermontes,
1348 3541 1362 3576 s
1385 3526 1483 3591 quibus
1506 3541 1575 3577 unus
1598 3532 1709 3577 vocatur
1731 3526 1872 3591 Spinscius
1901 3532 1928 3577 et
1949 3526 2016 3578 alter
2039 3514 2232 3597 Porcacins¹,
2272 3542 2302 3587 ot
2333 3536 2396 3585 indo
2421 3536 2449 3583 25

709 3628 830 3678 ascendit
852 3627 887 3677 ad
909 3628 1004 3678 cristas
1027 3630 1125 3678 montis
1148 3630 1194 3694 qui
1217 3635 1329 3679 vocatur
1352 3630 1432 3679 Caira
1455 3636 1480 3679 et
1503 3632 1625 3695 pervenit
1648 3631 1681 3681 ad
1705 3632 1762 3696 ipse
1785 3636 1858 3695 petre
1882 3646 1961 3696 super
1983 3646 2055 3697 aqua
2071 3632 2184 3685 Vivola
2212 3644 2245 3687 et
2270 3640 2399 3690 ascendit

709 3732 744 3781 ad
766 3731 860 3781 collem
883 3732 928 3796 qui
952 3737 1064 3781 vocatur
1080 3732 1240 3798 Gimbiruti;
1267 3734 1299 3784 de
1315 3735 1394 3784 tertia
1415 3740 1498 3799 parto,
1522 3735 1655 3800 quomodo
1679 3736 1815 3786 descendit
1838 3752 1886 3800 per
1903 3738 1989 3801 ipsum
2006 3724 2240 3803 Querquitulnm
2267 3752 2298 3796 et
2322 3746 2400 3795 vadit

709 3835 838 3885 directum
861 3835 889 3883 in
912 3837 999 3899 ipsum
1022 3836 1152 3885 fossatum
1175 3838 1247 3887 iusta
1269 3838 1409 3889 ecclesiam
1432 3841 1517 3889 sancti
1540 3840 1649 3889 Damasi
1673 3846 1699 3890 et
1721 3842 1808 3906 pergit
1838 3840 1966 3891 directum
1989 3843 2018 3891 in
2047 3844 2131 3896 silice
2157 3846 2199 3897 ad
2227 3848 2326 3901 locum
2352 3854 2400 3917 qui

708 3940 806 3989 dicitur
820 3938 892 3989 Arcu
916 3938 948 3991 de
963 3940 1067 3990 Gizauli
1090 3945 1117 3991 et
1136 3941 1268 4006 quomodo
1291 3942 1366 3991 vadit
1387 3943 1421 3992 ad
1444 3936 1553 3994 lacum⁸
1567 3944 1745 4009 Itadeprandi,
1769 3951 1795 3995 et
1817 3946 1879 3995 inde
1901 3949 1988 4012 pergit
2010 3948 2045 3997 ad
2068 3951 2169 4001 rivum
2197 3956 2252 4019 qui
2279 3964 2399 4007 vocatur
2434 4002 2436 4007 ,

708 4044 832 4093 Marocze
854 4048 881 4093 et
904 4042 1017 4108 qualiter
1032 4043 1170 4095 descendit
1191 4047 1219 4095 in
1243 4046 1353 4096 fluvium
1376 4048 1422 4111 qui
1446 4031 1565 4097 dicitur
1581 4046 1705 4097 carnellu
1729 4054 1756 4098 et
1778 4050 1936 4101 aseendente
1958 4067 2006 4116 per
2028 4054 2091 4117 ipso
2118 4056 2216 4109 fluvio
2245 4078 2341 4128 usqne
2365 4062 2399 4112 ad
2421 4064 2449 4111 30

708 4162 804 4213 aquam
827 4163 879 4212 que
902 4148 1000 4198 dicitnr
1023 4148 1094 4198 Cosa
1116 4153 1142 4199 et
1163 4150 1226 4199 salit
1253 4166 1301 4215 per
1323 4153 1409 4215 ipsum
1435 4157 1549 4201 montem
1580 4154 1626 4217 qui
1650 4152 1748 4203 dieitm
1775 4155 1861 4204 sancti
1883 4155 1997 4221 Donati3
2036 4157 2069 4208 de
2095 4169 2208 4226 quarta
2236 4174 2323 4231 parte
2348 4168 2402 4219 fine

707 4252 798 4301 media
820 4267 893 4301 serra
916 4250 949 4301 de
971 4269 988 4300 ιι
1009 4258 1099 4302 monte
1123 4256 1208 4303 sancti
1230 4254 1331 4304 Donati
1354 4260 1380 4306 et
1402 4257 1536 4321 quomodo
1566 4256 1703 4307 deseendit
1725 4274 1804 4323 super
1827 4260 1879 4325 ipsi
1901 4260 2047 4311 monticelli
2079 4263 2116 4313 de
2141 4266 2243 4319 Marri
2269 4278 2299 4323 et
2324 4273 2402 4323 vadit

708 4356 743 4405 ad
765 4357 817 4421 ipsi
840 4356 933 4420 pescli,
964 4358 1010 4421 qui
1033 4362 1096 4406 sunt
1124 4358 1156 4406 ad
1180 4358 1248 4422 pede
1270 4360 1303 4410 de
1331 4364 1421 4410 monte
1444 4376 1460 4409 s
1483 4362 1527 4425 qui
1551 4360 1650 4411 dicitur
1671 4361 1764 4424 Balba,
1796 4367 1822 4413 et
1844 4364 1976 4429 quomodo
2006 4364 2084 4415 vadit
2110 4370 2182 4420 iude
2213 4389 2306 4439 super
2332 4377 2402 4427 dnos

708 4461 814 4510 Leones
838 4466 864 4509 et
885 4460 948 4509 inde
970 4460 1033 4510 salit
1056 4477 1136 4526 super
1150 4463 1208 4526 ipse
1230 4478 1303 4513 serre
1325 4463 1357 4513 de
1372 4463 1468 4515 Casale
1491 4468 1517 4513 et
1540 4464 1601 4515 iude
1618 4465 1754 4516 descendit
1777 4482 1856 4531 super
1871 4469 1958 4533 ipsum
1982 4474 2103 4521 montem
2121 4488 2219 4539 snper
2245 4480 2313 4543 ipsa
2334 4481 2401 4530 silla

708 4563 741 4613 de
763 4562 907 4614 Gareliano
932 4569 958 4613 et
980 4564 1042 4615 inde
1064 4565 1140 4615 radit
1162 4566 1195 4615 ad
1218 4568 1306 4631 ipsum
1327 4568 1447 4632 pesclum
1471 4570 1516 4633 qui
1540 4569 1691 4619 nominatur
1715 4553 1827 4635 Cripta¹¹
1857 4573 2024 4636 imperatoris
2048 4589 2142 4641 usqne
2171 4580 2206 4629 iu
2233 4583 2327 4635 fluvio
2353 4588 2399 4651 qui
2420 4590 2449 4638 ³5

673 4669 686 4716 I
709 4669 863 4717 nominatur
879 4668 1022 4720 Gareliano
1038 4674 1066 4720 et
1088 4671 1247 4722 ascendente
1262 4687 1310 4736 per
1327 4674 1385 4737 ipso
1402 4673 1484 4723 fluvio
1508 4673 1641 4739 usquead
1664 4676 1766 4739 priores
1781 4674 1855 4725 fines.
1877 4676 2023 4741 Propterea
2040 4663 2112 4726 iam
2140 4665 2236 4735 dicii
2257 4673 2400 4739 abbatie

707 4756 857 4841 petitioni
881 4759 1124 4823 consentientes
1147 4776 1216 4826 hane
1239 4777 1409 4826 emunitatem
1433 4778 1600 4829 conscribere
1623 4779 1757 4841 iussimus,
1788 4795 1836 4844 per
1858 4796 1937 4846 quam
1969 4782 2129 4845 specialiter
2160 4787 2353 4845 decernimus
2377 4812 2401 4859 s,

707 4882 737 4924 ut
752 4876 843 4925 nullus
866 4877 994 4941 quislibet
1009 4878 1042 4928 de
1066 4880 1142 4929 vobis
1158 4886 1206 4930 aut
1228 4881 1260 4931 de
1277 4882 1418 4931 iudiciaria
1440 4886 1572 4947 potestate
1587 4884 1682 4934 amodo
1706 4889 1733 4935 et
1748 4884 1873 4949 deinceps
1895 4888 1922 4934 in
1947 4868 2104 4937 omnibus
2135 4887 2400 4972 suprascriptis

706 4963 854 5049 aliquam
884 4968 1152 5034 contrarietatem
1184 4970 1362 5055 aliquando
1391 4970 1502 5036 facere
1534 4994 1740 5057 quocumque
1763 4973 1862 5038 modo
1886 4995 2028 5055 presumat
2053 5008 2071 5039 s
2102 4992 2147 5045 Et
2175 5004 2211 5049 ut
2236 5002 2294 5069 hee
2320 5012 2398 5055 con·

705 5069 813 5132 cessio
844 5082 945 5135 firmior
966 5086 1098 5137 habeatur
1125 5088 1175 5139 hac
1198 5089 1331 5139 dinturnis
1360 5090 1526 5155 temporibus
1549 5090 1597 5141 deo
1626 5092 1747 5142 adiutore
1770 5092 1900 5143 inviolata
1930 5100 2117 5160 conservetur,
2162 5118 2257 5156 manu
2285 5112 2397 5175 propria
2417 5112 2444 5161 lu

705 5187 797 5237 subter
820 5202 878 5237 eam
901 5189 1029 5241 roborare
1051 5190 1217 5243 decrevimus
1240 5200 1266 5243 et
1288 5211 1304 5243 ιι
1326 5194 1408 5245 anulo
1431 5199 1522 5245 nostro
1545 5195 1662 5261 sigillare
1685 5197 1819 5249 iussimus.

810 5326 921 5393 Signum
945 5320 1004 5388 (Μ.)
1026 5330 1120 5380 Karoli
1142 5331 1328 5396 gloriosissimi
1350 5334 1429 5400 regis.

809 5448 892 5498 Iacob
916 5448 1036 5500 advicem
1058 5450 1172 5501 Radoni.

781 5618 841 5673 242.
862 5621 888 5681 a)
906 5637 1076 5674 exsercemus
1094 5623 1122 5676 Β
1191 5627 1219 5691 b)
1237 5629 1401 5694 previdimus
1414 5627 1441 5679 Β
1509 5628 1534 5695 c)
1552 5628 1585 5681 ιἰι
1603 5629 1654 5683 der
1675 5630 1793 5753 Vorlape
1810 5650 1858 5684 uos
1878 5635 1911 5684 ad
1930 5634 2092 5699 petitionem
2114 5644 2258 5710 religiosi
2279 5655 2334 5704 siri
2358 5692 2394 5713 ..‚

860 5689 977 5743 dissolbe
993 5692 1165 5771 Umstellsrrp
1182 5696 1245 5747 sord
1264 5696 1437 5765 Aradarunp
1456 5698 1529 5751 auci
1547 5697 1579 5751 in
1597 5698 1652 5751 dm
1669 5700 1756 5754 Frilsc
1775 5718 1868 5771 aripert
1885 5714 1918 5756 rr⁰
1931 5704 1986 5755 256
2004 5706 2068 5757 arrd
2089 5707 2307 5774 Mulilbaelrer
2326 5722 2385 5791 Rea
2412 5724 2439 5769 45

862 5761 933 5811 1238
945 5762 1046 5827 (1204),
1059 5777 1136 5815 arser
1149 5764 1199 5817 der
1214 5764 1311 5834 Belepe
1322 5766 1373 5832 fiir
1385 5766 1468 5820 ibren
1479 5766 1683 5835 perneiusmnea
1699 5770 1849 5840 Urspranp
1913 5774 1941 5839 d)
1952 5774 2144 5832 Thenthmari
2157 5784 2234 5850 (das
2249 5792 2352 5845 swein
2366 5766 2392 5843 ili

860 5826 917 5912 aas
926 5827 1037 5897 Roaur)
1048 5830 1076 5883 Β
1128 5834 1153 5899 e)
1164 5834 1227 5884 finis
1239 5833 1266 5886 Β
1327 5837 1502 5899 ftPorcarius
1516 5838 1550 5899 B,
1564 5837 1614 5890 der
1626 5838 1744 5907 riebtipa
1757 5840 1848 5893 Name
1860 5841 1892 5893 ia
1905 5841 1954 5895 der
1972 5842 2096 5914 Vorlaye
2110 5853 2182 5906 arrd
2198 5854 2262 5911 sien
2276 5860 2392 5929 abrisen

863 5895 1017 5951 briandeu
1087 5902 1115 5967 g)
1132 5903 1222 5955 locum
1234 5902 1261 5955 Β
1330 5906 1359 5971 h)
1377 5906 1483 5972 Scripta
1495 5906 1530 5971 B,
1549 5922 1580 5960 so
1599 5908 1671 5961 anob
1688 5908 1721 5961 in
1739 5908 1789 5962 der
1811 5910 1875 5965 Urlr.
1898 5912 1976 5965 Otlos
1990 5912 2030 5965 ΙΙ
2044 5930 2079 5966 av
2095 5919 2181 5974 254⁶
2202 5928 2275 5981 arrd
2296 5929 2391 5984 Malt-

860 5964 960 6019 bacber
977 5968 1046 6036 Rea
1059 5974 1120 6033 666,
1138 5976 1211 6025 1048
1228 5975 1402 6040 (6461614),
1421 5974 1466 6027 dis
1484 5976 1602 6045 rs'cluipe
1615 5978 1815 6043 Nomenssorm
1835 5979 1866 6031 in
1886 5980 1939 6033 dea
1955 5979 2021 6034 Uria
2036 5982 2091 6037 der
2113 5988 2171 6043 lari
2193 5994 2391 6054 oberrassem

857 6033 989 6105 Heraoqe,
1016 6036 1134 6092 Gottola
1152 6042 1334 6096 Accessiones
1352 6046 1395 6108 46,
1420 6046 1465 6112 52,
1486 6048 1529 6112 67,
1548 6050 1591 6109 59,
1610 6050 1653 6110 61,
1675 6051 1712 6101 83
1729 6048 1791 6102 arrd
1813 6049 1845 6101 in
1870 6049 1920 6103 der
1942 6050 2007 6104 Urlr.
2028 6008 2206 6119 Heinricds
2229 6066 2273 6121 11
2288 6082 2323 6122 „a
2336 6073 2390 6123 237
2409 6066 2436 6115 66
