5642 7159
1056 765 1176 825 nnn
1198 764 1287 825 ΗΕΒ
1307 764 1477 825 buosen
1500 762 1572 829 800.
2081 764 2147 833 379

492 966 605 1034 ecclesie
628 967 781 1033 nostrisque
802 964 928 1017 fidelibus
950 965 1121 1031 presentibus
1142 966 1269 1018 videlicet
1291 970 1318 1018 et
1339 966 1439 1017 futuris
1462 968 1598 1034 cognitum
1621 983 1679 1019 esse
1702 968 1836 1035 volumus,
1870 955 2035 1042 quomodo
2058 956 2145 1023 Mar·

490 1054 635 1122 cbardus
663 1071 748 1122 abbas
774 1070 940 1122 hunniensis
967 1072 1131 1135 monasterii,
1167 1055 1296 1121 scilicet
1323 1055 1388 1122 loci
1418 1070 1519 1123 domini
1547 1058 1651 1122 nostri
1680 1058 1757 1125 Iesu
1785 1059 1909 1127 Christi
1944 1081 1971 1127 er
2003 1076 2146 1129 curatoria

476 1174 584 1225 mundi
598 1190 623 1239 s,
646 1174 714 1225 adiit
736 1176 888 1226 serenitatis
910 1180 1002 1242 nostre
1024 1175 1193 1227 clementiam
1215 1174 1362 1239 deprecans
1384 1169 1500 1225 nostra
1522 1160 1685 1245 imperiali
1709 1180 1869 1231 auctoritate
1891 1196 1908 1228 n
1930 1180 2060 1232 innovare
2083 1186 2110 1232 et
2128 1198 2146 1231 e

491 1278 625 1330 affirmare
654 1261 788 1329 decreta
815 1285 856 1329 ac
883 1272 1009 1329 statuto
1037 1262 1300 1329 advocatorum⁸
1331 1264 1406 1329 iure
1434 1273 1467 1328 et
1496 1265 1631 1331 servitis
1658 1266 1748 1332 cirea
1777 1267 1853 1334 loca
1887 1290 1988 1355 supra
2015 1268 2146 1337 Mosam

453 1369 612 1455 oposita,
638 1368 766 1433 scilicet
787 1367 838 1433 bis
862 1367 1050 1435 nominibus
1071 1368 1262 1433 nominata:
1284 1367 1391 1451 nsvin,
1415 1367 1534 1453 Fimai,
1556 1370 1699 1458 Fimpin.
1729 1372 1799 1438 Nos
1823 1396 1901 1460 ergo
1925 1375 1995 1440 eius
2017 1390 2146 1455 peticioni

489 1491 666 1542 libentissima
689 1496 802 1541 aurem
825 1474 1004 1562 prebentes
1027 1497 1102 1540 cum
1126 1474 1264 1539 consilio
1289 1482 1322 1540 et
1344 1496 1509 1540 consensu
1531 1474 1719 1561 principum
1741 1486 1931 1543 nostrorum
1952 1493 2146 1545 instruction

489 1610 616 1660 praesens
638 1611 655 1643 n
677 1596 811 1646 conscribi
833 1600 997 1660 preceptum,
1026 1579 1117 1667 quod
1143 1577 1374 1644 inconvulsum
1401 1578 1554 1644 volumus
1584 1600 1658 1644 esse
1682 1580 1716 1643 in
1742 1588 1947 1667 perpetuum.
1992 1580 2145 1667 Denique

489 1686 620 1751 firmum
644 1693 677 1750 et
700 1684 820 1751 stabile
848 1686 1025 1751 statuimus
1048 1683 1191 1750 edictum
1221 1682 1262 1748 de
1285 1682 1458 1748 advocetis
1481 1682 1621 1768 predicti
1649 1685 1850 1768 monasterii,
1885 1694 1922 1749 ut
1945 1684 1981 1749 in
2003 1706 2064 1749 sus
2087 1684 2144 1753 sd-

490 1790 624 1855 vocatis
646 1804 748 1870 placita
769 1810 835 1854 non
858 1786 1004 1854 habeant
1026 1810 1085 1873 per
1113 1786 1270 1852 circulum
1293 1804 1358 1852 anni
1379 1795 1490 1873 preter
1513 1803 1566 1852 tria
1587 1788 1658 1852 iure
1681 1785 1803 1867 debita,
1833 1804 1889 1867 ubi,
1918 1804 2045 1871 quiequid
2068 1805 2141 1857 vadi-
2164 1806 2193 1856 11

437 1909 471 1958 10
492 1910 642 1960 mouiorum
669 1909 850 1970 constituitur,
882 1892 1037 1979 primitus
1066 1907 1119 1973 due
1145 1910 1236 1972 partes
1262 1906 1355 1957 abbati
1377 1921 1394 1954 s
1416 1906 1563 1969 solventur,
1596 1908 1676 1957 tertis
1704 1907 1842 1958 advocatis
1872 1893 2073 1977 conceditur,
2107 1895 2141 1959 in

492 1996 612 2083 quibus
641 2028 724 2063 unum
752 2013 890 2063 servitium
919 2019 962 2061 ex
993 2004 1087 2083 parte
1110 2010 1215 2061 abbans
1237 1996 1307 2076 fiat,
1335 1994 1463 2082 reliqua
1490 2009 1543 2061 duo
1565 2027 1582 2060 ι
1603 2010 1707 2061 famina
1734 1995 1902 2063 exhibeat.
1946 1997 2141 2063 Advocatus

491 2110 601 2166 autem
625 2124 661 2167 se
676 2110 804 2185 caveat,
827 2109 946 2167 utnon
968 2099 1172 2186 ultraquam
1195 2120 1270 2165 cum
1286 2117 1338 2163 111
1360 2098 1549 2165 hominibus
1563 2099 1773 2165 mediocriter
1797 2100 1968 2166 servitium
1986 2100 2142 2188 accipiat

491 2204 596 2285 Quod
620 2205 647 2270 si
670 2201 877 2270 advocatur⁶
904 2203 947 2269 ab
971 2202 1094 2269 abbate
1124 2224 1223 2289 supra
1245 2204 1310 2269 ista
1338 2204 1404 2270 tria
1427 2203 1552 2290 placita
1579 2204 1621 2269 ob
1646 2204 1792 2291 aliquam
1820 2205 2035 2289 auditionem,
2069 2208 2142 2292 ipse

490 2306 597 2373 sbbss
620 2309 650 2372 ei
666 2307 707 2372 de
731 2328 792 2372 suo
809 2308 942 2391 serviat,
966 2308 994 2372 si
1017 2327 1094 2372 vero
1110 2306 1294 2373 sdvocstur
1316 2328 1337 2371 s
1352 2306 1488 2391 familia,
1512 2308 1588 2374 inde
1605 2310 1775 2375 servitium
1791 2310 1946 2396 accipiat.
1969 2308 2005 2377 si
2019 2308 2143 2396 aliquis

437 2429 469 2477 lb
492 2433 536 2476 ox
563 2410 689 2501 familia
720 2420 819 2476 extra
845 2409 898 2476 vei
926 2410 1014 2476 infra
1042 2428 1148 2478 occisus
1174 2413 1282 2487 fuerit,
1317 2412 1499 2478 advocatus
1523 2428 1701 2496 weregeldum
1734 2415 1805 2480 eius
1832 2414 1948 2481 abbati
1980 2430 2106 2497 adquirat
2126 2447 2143 2480 s

491 2529 639 2601 nichilque
662 2537 703 2580 ex
728 2536 767 2580 eo
792 2513 854 2581 sibi
877 2514 1053 2581 vendicare
1075 2525 1255 2603 presumat.
1293 2515 1469 2583 Advocato
1492 2516 1582 2583 nullo
1606 2517 1703 2583 modo
1727 2517 1922 2584 conceditur
1944 2540 2141 2605 quemquem

491 2620 525 2684 in
550 2640 612 2683 sua
634 2618 812 2684 advocatia
827 2635 968 2686 verberare
990 2629 1049 2685 aut
1064 2617 1183 2699 tondere,
1207 2621 1271 2685 nisi
1287 2621 1315 2685 si
1336 2621 1371 2685 in
1384 2619 1565 2686 homicidio
1587 2623 1696 2687 autin
1719 2622 1806 2688 furto
1830 2622 1945 2688 autin
1967 2622 2142 2689 latrocinio

491 2731 550 2789 aut
571 2743 684 2809 pugne
700 2737 844 2803 culpabilis
867 2722 987 2806 extitit,
1010 2744 1071 2788 uec
1093 2722 1194 2789 licest
1216 2725 1245 2789 ei
1269 2723 1415 2790 duellum
1438 2745 1636 2811 componere
1659 2724 1797 2791 interius
1819 2734 1879 2791 aut
1900 2726 2048 2791 exterius
2071 2727 2143 2792 sine

491 2826 623 2893 abbatis
647 2836 705 2892 aut
728 2827 801 2892 eius
824 2826 970 2893 fidelium
992 2827 1171 2913 presentia.
1194 2826 1412 2893 Decernimus
1435 2849 1576 2915 quoque,
1600 2836 1638 2892 ut
1658 2827 1740 2893 nulli
1763 2827 1890 2894 licitum
1915 2830 1958 2893 sit
1981 2828 2044 2894 sibi
2067 2850 2143 2896 con-

435 2933 628 2997 restituere
651 2951 860 3018 quemquam,
895 2930 951 3017 qui
974 2931 1162 2997 nominetur
1190 2930 1464 3017 postadvocatus,
1498 2952 1560 2997 nec
1588 2933 1764 3019 quisquam
1792 2941 1993 3018 potestatem
2019 2932 2144 3000 habeut

491 3035 651 3122 placitum
674 3044 786 3154 tenere
814 3034 869 3101 vel
892 3036 1070 3121 quicquam
1097 3038 1297 3101 constituere
1327 3057 1427 3121 super
1449 3034 1610 3102 officiales
1633 3036 1687 3102 vel
1709 3057 1828 3102 mansa
1857 3059 1916 3102 seu
1938 3039 2049 3103 omnis
2070 3038 2142 3103 iura

491 3138 634 3205 abbatis.

593 3276 685 3344 Data
706 3296 761 3343 1111
789 3277 864 3344 idus
894 3276 1042 3344 decemb.
1066 3299 1153 3343 enno
1183 3276 1344 3345 dominice
1373 3280 1610 3346 incametionis
1637 3296 1735 3360 uoce,
1771 3280 1950 3346 indictione
1973 3299 2019 3366 V1,
2054 3302 2141 3349 anno

490 3404 567 3450 vero
590 3400 655 3448 vm
676 3382 805 3468 imperii
827 3383 949 3467 nostri3
973 3391 1085 3448 actum
1107 3383 1142 3448 iu
1164 3381 1320 3448 Briburia
1342 3384 1435 3470 regia
1456 3382 1554 3467 villa;
1579 3406 1674 3450 amen
1698 3407 1794 3450 amen
1818 3407 1925 3451 amen.

1277 3708 1366 3783 262.

1222 3868 1403 3948 (Unecbt).

488 4030 585 4102 Kcrl
601 4031 666 4102 dar
688 4027 817 4101 Gnosso
843 4028 1002 4120 bestdtipt
1019 4030 1098 4101 dem
1115 4028 1260 4101 Klostor
1276 4027 1479 4101 Leberon
1505 4029 1573 4100 don
1591 4026 1713 4099 Besitz
1738 4028 1802 4099 mit
1828 4027 1922 4099 allen
1948 4026 2141 4099 nutaturus

489 4150 655 4236 Ratun,
681 4150 826 4222 verleibt
846 4149 1077 4239 Zollsreibcit,
1097 4149 1311 4221 Imnnnttct
1331 4150 1407 4221 und
1426 4150 1483 4220 dio
1503 4148 1689 4241 Befnpnis,
1712 4149 1764 4221 oet
1784 4150 2141 4225 anserordentltclen

497 4271 782 4365 Unplnckefdllen
808 4271 1037 4364 Hypotbelten
1062 4270 1135 4360 aas
1153 4271 1211 4343 die
1242 4268 1356 4342 Goiter
1381 4269 1649 4359 unfznnebmen.

434 4408 470 4457 so
572 4398 575 4403 ’
1748 4390 1871 4451 Aeeten
1892 4394 1954 4452 801
1979 4424 2022 4437 -
2044 4424 2096 4453 -.

590 4582 787 4658 Adrobriften
808 4585 888 4644 dnae
913 4583 1107 4643 Transmonte
1130 4581 1225 4643 Karta
1247 4583 1372 4643 1an
1396 4584 1481 4642 1348
1503 4599 1560 4642 aras
1582 4580 1648 4641 dnn
1672 4581 1761 4641 mne
1783 4580 1833 4642 dos
1857 4585 1908 4643 14.
1925 4581 1979 4646 Jlt.
2004 4580 2057 4662 (B)
2076 4581 2142 4641 nnd

590 4690 642 4749 dos
664 4692 717 4750 16.
740 4687 796 4750 Jlt.
819 4681 884 4766 (Β)
906 4689 951 4747 ins
971 4685 1320 4760 dearternnrtalorcbio
1340 4703 1382 4744 aa
1403 4686 1522 4759 Nonou.

595 4827 783 4888 Grandids'er
811 4828 892 4887 Her.
921 4826 958 4886 de
986 4826 1166 4900 Strosbourp
1193 4821 1244 4897 2⁶,
1272 4828 1336 4885 148
1362 4831 1398 4883 n⁰
1417 4828 1460 4886 83
1488 4841 1524 4884 en
1551 4824 1725 4885 Nanneiano
1754 4824 1815 4886 tob.
1845 4822 1897 4901 (B,
1926 4825 1980 4883 mit
2008 4824 2139 4884 witthor-

591 4932 685 4992 la‘oben
707 4928 941 5008 Aendmnpen)
965 4951 1006 4985 =
1029 4930 1134 5003 Mipne
1155 4930 1269 4992 Patrol.
1293 4934 1345 5000 97,
1370 4932 1458 4991 1082
1477 4934 1513 4988 n⁰
1528 4933 1557 4989 4.
1585 4962 1619 4974 -
1646 4928 1840 4988 Mttblbocbcr
1861 4928 1934 5001 Res.
1950 4929 2014 4988 380
2038 4925 2139 5006 (372).

591 5072 657 5131 Eia
683 5070 822 5130 Vidimus
845 5086 903 5129 oon
925 5072 1011 5129 1414
1035 5071 1078 5127 im
1099 5069 1197 5129 selben
1219 5068 1333 5127 Archiv
1355 5067 1407 5147 (B.
1424 5066 1501 5147 952)
1524 5070 1565 5129 ist
1588 5066 1644 5140 fur
1665 5067 1713 5127 dio
1738 5068 1992 5142 Teslterstellnnp
2014 5065 2139 5127 wortlos.

591 5206 633 5217 —
655 5174 828 5248 Fdlsctanq
850 5174 902 5234 des
924 5176 1073 5234 13.-14.
1098 5171 1151 5232 Jb.
1176 5172 1244 5251 (aql.
1267 5170 1403 5250 n⁰236)‚
1439 5188 1496 5232 uus
1519 5174 1600 5232 eino
1622 5173 1720 5230 eobten
1747 5171 1890 5232 Urkande
1912 5171 2005 5231 Korls
2028 5170 2057 5231 d.
2085 5169 2139 5231 Gr.

590 5295 652 5337 nar
673 5278 726 5337 der
750 5277 827 5337 unet
849 5276 917 5355 (oql.
940 5273 1076 5353 n⁰248),
1101 5276 1149 5335 dio
1170 5275 1292 5350 Arenqa
1316 5274 1409 5354 (dieue
1431 5278 1464 5334 in
1487 5276 1583 5335 ociter
1604 5276 1698 5334 Form
1721 5277 1754 5334 in
1775 5274 1912 5353 n⁰103)‚
1935 5278 2025 5350 jener
2047 5274 2141 5333 durch

597 5382 783 5456 Uneteunnq
803 5382 945 5453 sorderet,
969 5380 1251 5461 cressementum,
1275 5379 1340 5439 and
1362 5380 1411 5439 dio
1432 5376 1756 5451 Publicutionsformel.

590 5568 629 5635 Iu
645 5569 776 5634 nomine
793 5568 917 5635 domini
932 5577 1060 5634 amen·.
1084 5567 1231 5634 Karolus
1247 5566 1300 5635 dei
1315 5566 1424 5652 gratia
1443 5562 1549 5651 [ren]b
1571 5565 1777 5630 Francorum
1794 5574 1826 5630 et
1841 5562 2141 5650 Longobardorum

431 5690 468 5741 40
488 5674 540 5739 vir
561 5670 690 5739 illuster
719 5694 759 5739 ac
789 5673 949 5760 patricius
971 5672 1208 5739 Romanorum.
1313 5670 1480 5757 Quicquid
1510 5669 1596 5734 enim
1618 5669 1664 5734 ad
1692 5669 1768 5735 locs
1791 5677 1982 5735 sanctorum
2004 5691 2140 5735 venere-

398 5809 400 5812 ·
486 5777 603 5844 bilium
628 5776 670 5844 ob
693 5799 840 5843 smorem
864 5778 916 5844 dei
940 5776 1163 5861 concedimus,
1199 5776 1262 5842 hoc
1284 5776 1381 5842 nobis
1403 5774 1449 5840 ed
1470 5774 1603 5840 laudem
1627 5784 1660 5839 et
1682 5772 1898 5840 stabilitatem
1919 5776 2012 5860 regni
2036 5774 2139 5840 nostri

562 5966 625 6023 m
643 5968 669 6034 c)
686 5967 847 6019 advocatum
865 5966 887 6019 C
954 5967 982 6032 d)
1000 5966 1146 6018 advocatus
1166 5963 1195 6018 0.

561 6070 622 6129 2⁸2
641 6070 668 6139 a)
686 6070 734 6126 dis
750 6070 920 6127 Inoocution
937 6069 1008 6139 foblt
1025 6069 1061 6124 B'
1131 6070 1160 6138 b)
1176 6068 1247 6136 feblt
1265 6066 1329 6122 BB'
