5642 7159
677 784 742 849 aaa
917 755 919 759 ’
1281 790 1723 849 smsnsnarunnnn.

679 1006 766 1057 neque
793 991 848 1042 dux
868 1006 956 1058 neque
983 1007 1073 1043 comes
1093 997 1142 1042 aut
1168 992 1297 1059 quislibet
1318 1008 1352 1044 ex
1379 992 1521 1044 iudiciaria
1547 997 1679 1058 potestate
1706 977 1804 1042 villas
1838 996 1926 1043 curtes
1957 996 2004 1041 aut
2030 990 2091 1041 loca
2112 990 2155 1041 vel
2180 1005 2266 1056 agree
2293 1004 2347 1039 seu

679 1095 796 1162 reliquae
825 1096 1008 1161 possessiones
1033 1102 1180 1149 memorato
1206 1098 1367 1148 monasterio
1389 1099 1509 1164 presenti
1536 1102 1655 1162 tempore
1677 1098 1846 1147 subiacentes
1875 1096 1919 1146 vel
1941 1110 2010 1161 quae
2038 1094 2163 1160 deinceps
2187 1095 2218 1144 in
2241 1096 2291 1145 ius
2318 1100 2349 1144 et

680 1200 827 1250 dominium
855 1200 974 1251 eiusdem
996 1202 1151 1252 monasterii
1181 1202 1289 1253 divinae
1311 1203 1420 1268 pietatis
1449 1206 1592 1268 numento
1614 1202 1792 1267 pervenerint,
1827 1199 1861 1251 ad
1883 1214 1978 1251 causae
2007 1198 2155 1250 audiendas
2182 1199 2229 1250 val
2261 1198 2347 1250 freda

681 1303 814 1373 exigenda
828 1322 845 1354 e
867 1305 911 1355 vel
933 1310 1040 1369 paratae
1060 1306 1199 1358 faciendae
1213 1324 1230 1356 e
1251 1300 1457 1358 fideiussiones⁸
1479 1305 1611 1357 tollendas
1634 1311 1681 1356 aut
1702 1305 1823 1356 homines
1846 1288 1951 1353 eoittm
1973 1306 2027 1353 tam
2050 1304 2182 1369 ingenuos
2206 1318 2295 1369 quam
2318 1308 2347 1352 et

680 1424 774 1461 servos
796 1424 878 1475 super
899 1414 997 1459 terram
1019 1410 1105 1475 ipsius
1126 1412 1280 1461 monasterii
1304 1415 1493 1462 conmanentes
1517 1410 1713 1477 distringendos
1735 1425 1785 1461 neo
1806 1408 1877 1459 ullas
1892 1408 2070 1459 redibioionoe
2093 1406 2135 1458 vel
2157 1408 2268 1458 bannos
2294 1413 2347 1457 aut
2372 1408 2390 1455 5

680 1513 789 1564 illicitae
813 1515 967 1564 occasiones
993 1515 1168 1580 requirendae
1190 1531 1238 1566 eeu
1264 1515 1350 1566 ullum
1373 1514 1512 1580 publicum
1533 1515 1663 1580 placitum
1690 1512 1842 1564 habendum
1865 1511 1947 1561 uullie
1975 1511 2140 1576 temporibus
2162 1511 2274 1577 ingredi
2299 1510 2346 1561 vel

681 1631 722 1681 ea,
750 1632 819 1684 quaa
841 1617 924 1683 supra
945 1623 1092 1669 memorata
1113 1600 1200 1681 sunt¹,
1233 1621 1341 1685 exigere
1362 1622 1507 1684 presumat.
1551 1618 1588 1669 Et
1608 1623 1640 1669 ut
1661 1618 1781 1669 consoles
1802 1617 1923 1668 homines
1946 1617 2002 1667 sive
2024 1615 2149 1678 familiae,
2172 1616 2202 1665 in
2225 1616 2345 1681 quibus-

682 1715 818 1788 cumque⁸
841 1722 908 1773 locis
930 1723 985 1773 sint
1007 1723 1154 1787 consumti,
1176 1738 1270 1788 pacem
1291 1724 1409 1775 habeant
1433 1728 1459 1774 et
1475 1736 1564 1774 eoram
1587 1721 1661 1773 nullo
1684 1706 1793 1771 iudice
1815 1714 1933 1791 regant
1955 1725 2003 1770 aut
2017 1701 2157 1771 bannumh
2179 1719 2347 1785 persolvant

683 1810 735 1877 vel
756 1810 894 1898 aliquod
916 1829 1037 1879 seculare
1058 1824 1201 1895 negocium
1222 1828 1341 1879 habeant
1356 1829 1407 1877 nisi
1430 1842 1520 1878 coram
1543 1826 1641 1877 abbate
1659 1809 1850 1894 Audogalio
1870 1809 2005 1895 suisque
2029 1807 2284 1873 suecessoribus
2310 1818 2346 1873 et

682 1932 768 1997 ipsius
795 1934 950 1983 monnarii
983 1932 1128 1997 advocato,
1166 1931 1213 1983 scd
1240 1932 1322 1982 nesae
1347 1914 1496 2003 predicto
1525 1913 1639 1980 abbati
1669 1915 1801 1999 suisque
1832 1912 2081 1978 successoribus
2114 1934 2189 1979 cum
2220 1934 2344 1979 eorum
2373 1930 2409 1977 10

682 2019 841 2085 fratribus
864 2037 915 2086 sub
932 2035 1081 2087 dominicae
1103 2036 1278 2086 immunitatis
1293 2036 1411 2086 tuicione
1430 2036 1521 2101 quieto
1537 2034 1630 2085 ordine
1645 2049 1693 2100 per
1708 2035 1798 2084 omnia
1810 2034 1948 2099 possidere
1972 2027 2005 2083 et
2027 2018 2148 2085 exinde
2172 2016 2346 2101 ordinare,

684 2124 773 2211 quod
795 2124 839 2189 ad
861 2123 1044 2190 aecclesiae
1072 2124 1247 2189 utilitatem
1272 2124 1386 2210 suique
1415 2125 1648 2190 necessitatem
1670 2122 1813 2189 viderint
1840 2124 2014 2209 pertinere.
2061 2122 2202 2205 Quando
2225 2132 2347 2189 autem

684 2250 822 2315 presens
844 2228 897 2293 vel
925 2238 1003 2316 poet
1025 2250 1100 2294 eum
1128 2228 1249 2314 aliquis
1272 2236 1368 2314 pater
1394 2227 1542 2295 eiusdem
1564 2227 1757 2294 monasterii
1781 2226 1822 2293 de
1851 2226 1915 2293 hac
1937 2227 2011 2295 luce
2032 2227 2237 2314 migraverit,
2273 2249 2349 2292 non

686 2330 819 2396 aliunde
841 2332 978 2397 veniens
1000 2331 1047 2397 ibi
1070 2331 1182 2397 abbas·
1199 2332 1429 2407 constituatur,
1454 2332 1514 2398 aed
1529 2331 1572 2397 ab
1594 2333 1676 2419 ipsis
1692 2330 1864 2397 monachis
1887 2332 2037 2397 eiusdem
2055 2331 2347 2418 congregacionis,

685 2455 782 2521 quem
806 2434 850 2499 ad
872 2434 938 2500 tale
962 2456 1046 2521 opus
1069 2435 1224 2501 idoneum
1247 2437 1391 2501 existere
1415 2437 1641 2521 cognoverint,
1670 2435 1812 2521 eligatur
1834 2443 1868 2500 et
1889 2437 2121 2519 constituatur,
2149 2437 2225 2518 nisi,
2250 2434 2348 2521 quod
2377 2451 2411 2498 te

685 2539 783 2622 absit,
813 2538 924 2604 nullus
952 2538 998 2604 ibi
1028 2538 1146 2624 dignus
1175 2540 1370 2621 inveniatur,
1404 2547 1482 2604 tunc
1509 2541 1651 2626 primum
1677 2540 1762 2606 alter
1789 2540 1927 2608 idoneus
1954 2542 2093 2606 scientia
2121 2550 2153 2606 et
2181 2540 2350 2606 moribus·

687 2643 820 2709 aliunde
842 2653 1039 2709 assumatur.
1063 2643 1099 2710 Si
1121 2645 1194 2731 quis
1216 2664 1296 2709 vero
1320 2644 1501 2729 spiritualis
1523 2643 1577 2709 vel
1600 2643 1768 2723 secularis,
1792 2654 1908 2730 potens
1931 2644 1984 2710 vel
2003 2646 2179 2732 impotens,
2201 2666 2350 2731 maguus

686 2747 740 2813 vel
767 2770 890 2834 parvus
924 2746 987 2812 hoo
1014 2758 1148 2814 nostrae
1182 2749 1388 2815 auctoritatis
1419 2757 1579 2815 statutum
1608 2747 1809 2843 transgredi¹
1841 2770 1881 2815 ac
1908 2758 2032 2816 temere
2064 2750 2240 2837 infringere
2270 2773 2349 2837 pre·

689 2854 867 2939 sumpserit
890 2860 923 2918 et
942 2874 996 2918 rea
1020 2851 1165 2918 eiusdem
1189 2853 1381 2918 monasterii
1403 2852 1562 2919 inutiliter
1577 2853 1767 2919 distraxerit
1790 2862 1823 2919 et
1845 2853 1967 2919 abusu
1990 2854 2122 2920 abbatis
2145 2864 2179 2921 et
2201 2854 2349 2920 fratrum

689 2956 800 3043 aliquo
823 2956 922 3023 modo
946 2957 1020 3022 eine
1042 2978 1103 3022 sua
1124 2966 1159 3022 et
1180 2954 1342 3023 fratrum¹¹
1364 2956 1583 3044 permissione
1602 2940 1808 3039 alienaverit,
1833 2974 1879 3020 ux
1903 2956 2006 3022 libras
2022 2966 2155 3023 nostrae
2177 2968 2348 3041 monetae,
2376 2974 2414 3023 20

688 3060 898 3127 medietatem
913 3062 1126 3143 monasterio,
1149 3062 1232 3127 fisco
1255 3070 1367 3127 nostro
1391 3061 1492 3127 aliam
1513 3060 1725 3126 medietatem
1748 3061 1917 3147 persolvat
1933 3072 2058 3129 stante
2076 3063 2221 3129 tribunal
2237 3064 2350 3131 divini

688 3165 807 3230 iudicis
830 3170 864 3230 in
887 3174 1037 3231 extremo
1061 3165 1224 3248 examine,
1252 3164 1316 3229 nisi
1337 3166 1371 3229 in
1392 3164 1457 3230 hac
1479 3166 1549 3229 vita
1571 3165 1754 3251 resipuerit,
1777 3188 1852 3231 reue
1881 3168 2015 3233 existat.
2054 3167 2153 3250 Quod
2175 3178 2212 3234 ut
2232 3171 2352 3235 verius

690 3268 844 3336 credatur
858 3278 893 3335 et
914 3269 1002 3334 omni
1018 3279 1168 3355 tempore
1191 3269 1416 3355 incorruptum
1431 3268 1602 3353 habeatur,
1626 3290 1726 3335 manu
1741 3272 1876 3356 propria
1898 3270 2094 3338 roborantes
2111 3272 2223 3358 eigylli
2239 3276 2352 3339 nostri

690 3375 909 3460 impressione
931 3374 1082 3458 insigniri
1104 3374 1270 3438 iussimus.

791 3506 806 3597 ξ
828 3509 967 3597 Signum
990 3511 1102 3578 domni
1122 3511 1240 3577 Karoli
1264 3517 1330 3590 (ll.)
1354 3513 1557 3578 serenissimi
1579 3515 1791 3601 imperatoris
1813 3516 1957 3601 augusti.
1981 3514 1995 3595 i
2377 3540 2415 3589 aa

794 3656 809 3738 ξ
829 3650 1041 3718 Amalbertue
1064 3649 1297 3717 cancellarius¹
1319 3652 1471 3718 advicem
1487 3652 1651 3738 Liutperti
1675 3650 1956 3719 archicancellarii
1977 3657 2156 3740 recognovi
2175 3664 2208 3720 et
2222 3659 2237 3741 fi
2251 3659 2353 3736 (sa).

795 3791 888 3856 Data
915 3813 1002 3856 anuo
1032 3790 1074 3857 ab
1109 3791 1336 3857 incarnatione
1366 3790 1489 3856 domini
1518 3807 1711 3873 Dccnxxm,
1744 3790 1994 3867 indictionem,
2030 3816 2116 3861 anno
2147 3815 2225 3860 vero
2254 3797 2355 3882 regni

693 3895 1027 3982 piissimiKaroliv1,
1051 3896 1178 3981 imperii
1196 3896 1320 3981 primo,
1343 3905 1453 3960 actum
1470 3896 1572 3961 Rome
1595 3896 1629 3960 in
1646 3904 1761 3961 sancto
1786 3896 1839 3961 dis
1862 3918 1984 3982 pascae
2000 3898 2034 3963 in
2056 3899 2218 3964 aecclesia
2240 3902 2356 3966 sancti

693 3998 783 4063 Petri
805 4018 917 4064 coram
941 3996 1087 4063 Adriano
1117 4020 1205 4085 papa
1229 4006 1261 4063 et
1290 3997 1402 4063 multis
1426 3999 1501 4065 aliis
1524 3998 1745 4087 principibue3
1782 4001 1815 4064 in
1840 4000 1891 4066 dei
1920 4002 2051 4067 nomine
2074 4002 2213 4068 feliciter
2239 4024 2353 4071 amen.

1479 4288 1568 4365 223.

1427 4448 1616 4528 (Umssht).

696 4592 792 4663 Kerl
810 4592 874 4663 der
900 4589 1029 4662 Geosse
1049 4591 1222 4661 bestimmt
1241 4588 1306 4677 frte·
1324 4590 1390 4661 dos
1409 4588 1553 4662 Kloster
1572 4590 1615 4661 K
1617 4614 1634 4662 e
1642 4614 1677 4661 m
1679 4598 1786 4684 ptest
1806 4593 1863 4663 die
1884 4591 2094 4683 Befepee‘sse
2116 4594 2191 4664 aad
2210 4592 2358 4687 Baetice

697 4716 758 4786 des
791 4712 922 4803 Voptes.

1951 4818 2029 4877 Rom
2053 4820 2116 4878 773
2139 4816 2231 4892 April
2253 4820 2310 4883 18.

803 4990 994 5065 Aapeblielres
1013 4989 1152 5063 Originul
1173 5007 1230 5049 aas
1245 4989 1299 5049 der
1320 4993 1418 5049 ersten
1433 4987 1540 5060 Httlfte
1562 4988 1614 5049 des
1630 4993 1681 5050 12.
1699 4989 1752 5050 Jb.
1776 4991 1820 5049 im
1834 4990 2044 5051 Reicbsorcbiv
2057 5009 2099 5051 ea
2113 4990 2265 5051 Mendes
2283 4992 2355 5072 (A).
2384 5010 2422 5060 es

802 5130 887 5191 Meu.
911 5130 1006 5189 Bos’ca
1028 5132 1098 5200 30⁰,
1121 5132 1187 5188 377
1207 5132 1278 5189 177
1299 5146 1356 5187 aas
1379 5127 1418 5188 A.
1448 5159 1488 5171 -
1522 5128 1726 5203 Schriftprobe
1748 5128 1979 5205 Mtttbeilaapea
2006 5130 2056 5189 des
2080 5130 2221 5189 Imtitats
2244 5128 2268 5202 f.
2296 5134 2356 5192 det.

806 5234 873 5294 GF.
896 5237 950 5302 21,
974 5234 1038 5291 106
1063 5232 1096 5291 Τ.
1120 5235 1241 5293 20104.
1266 5263 1308 5274 -
1330 5231 1525 5292 Mtblbocber
1545 5232 1617 5306 Rea.
1641 5234 1706 5293 162
1728 5231 1828 5311 (158).

803 5374 842 5445 Δ,
865 5389 923 5431 eon
937 5370 1102 5431 demselbea
1124 5372 1330 5431 Reicbeaaeer
1344 5371 1488 5431 Felscber
1506 5369 1658 5446 pefenipt,
1682 5372 1736 5431 der
1750 5374 1826 5432 auct
1848 5376 1883 5431 πο
1896 5375 1963 5432 222
1977 5370 2103 5444 lieseste,
2127 5374 2166 5431 ist
2189 5370 2251 5443 aas
2270 5374 2361 5433 einer

804 5477 941 5537 rodirten
968 5475 1111 5537 Urkunde
1126 5476 1220 5536 Karta
1235 5477 1294 5535 ΙΙΙ
1310 5477 1481 5549 rescribirt,·
1509 5493 1565 5535 oon
1587 5475 1685 5535 dieser
1705 5476 1776 5537 stad
1797 5494 1859 5535 aar
1879 5474 2088 5549 acciacum
2110 5476 2163 5536 der
2177 5476 2280 5535 Baete
2304 5478 2357 5538 des

805 5583 1030 5657 Monogromms
1052 5581 1117 5639 aad
1139 5584 1167 5641 et
1189 5585 1244 5640 mit
1267 5582 1333 5641 dem
1348 5581 1676 5655 Reeopaitioaseetchen
1699 5582 1840 5653 erbalten,
1865 5581 1919 5641 dus
1941 5584 1996 5640 mit
2012 5583 2113 5655 jenem
2135 5580 2187 5639 der
2210 5580 2358 5642 Urlrande
2384 5600 2422 5649 ιο

806 5688 862 5762 fer
877 5686 1051 5746 Pederbom
1065 5704 1121 5745 ven
1136 5689 1201 5747 887
1216 5686 1384 5761 September
1398 5690 1451 5759 21,
1467 5684 1646 5745 Kaiserurlt.
1661 5688 1694 5746 in
1710 5686 1827 5747 Abbild.
1840 5686 1895 5757 IV,
1913 5691 1942 5759 1,
1959 5686 2152 5746 Mthlbaoher
2166 5687 2239 5759 Rep.
2256 5690 2357 5761 1711,

779 5874 839 5930 222.
859 5874 885 5941 e)
901 5872 935 5928 ia
953 5873 1004 5927 der
1025 5872 1145 5941 Vorlope
1161 5872 1266 5943 ricbtig
1283 5874 1453 5926 fideiussores
1558 5874 1646 5940 Quot
1664 5888 1717 5927 vost
1735 5872 1878 5927 desselben
1895 5872 1988 5927 Haud
2015 5870 2082 5926 tiber
2106 5870 2155 5926 der
2174 5870 2249 5925 Zeile
2266 5874 2358 5928 nact-

856 5948 990 6013 petrecors
1059 5943 1088 6010 g)
1104 5958 1220 6011 cumque
1236 5943 1269 5997 ia
1287 5941 1431 5997 desselben
1455 5940 1543 5996 Weiee
1560 5942 1767 6013 accipetrapen
1843 5940 2229 6010 b)dasK1trsaupseeicbea
2248 5940 2319 5995 aber
2339 5962 2358 5996 u

857 6012 959 6137 ἔξω
996 6014 1018 6081 i)
1035 6014 1271 6147 “imfimo
1280 6014 1354 6136 Te
1371 6014 1483 6065 fratrum
1501 6026 1556 6065 coes
1574 6010 1715 6067 desselben
1728 6011 1819 6065 Hand
1837 6012 1869 6065 irs
1883 6017 2027 6081 praeserer-
2040 6010 2149 6077 Sebrist
2166 6010 2224 6076 aas
2239 6011 2357 6067 starker
2386 6088 2425 6134 ⁴5
