5642 7159
1363 792 1451 857 40
2581 798 3450 858 KAISERURKUNDEN.

1367 984 1745 1049 monasterii
1795 994 1861 1049 et
1908 985 1994 1049 ad
2043 981 2390 1048 ecclesiam
2462 992 2733 1048 sanctae
2778 982 3034 1048 Mariae
3082 983 3510 1048 Carnotensis
3568 981 3728 1048 urbe
3775 993 3840 1048 et
3897 984 3985 1048 ad
4046 992 4345 1049 sanctam
4389 984 4667 1049 Mariam

1368 1086 1950 1173 Argentogelensis
2005 1087 2388 1152 monasterii
2456 1097 2522 1151 et
2567 1086 2655 1151 ad
2713 1097 3016 1151 sanctum
3069 1086 3326 1151 Petrum
3373 1087 3799 1153 Pectavensis
3857 1087 4215 1172 ecclesiae3
4291 1090 4354 1153 in
4413 1088 4666 1174 reliquo

1365 1213 1519 1256 vero
1565 1214 1723 1278 pars
1778 1192 2063 1278 praefati
2110 1192 2491 1256 monasterii
2553 1213 2594 1255 a
2640 1191 2742 1256 die
2803 1200 3106 1278 presente
3153 1192 3622 1278 perpetualiter
3675 1194 3953 1279 recipiat
4009 1193 4097 1258 ad
4150 1192 4665 1283 possedendum.

1366 1293 1668 1362 Confinia
1711 1319 1867 1361 vero
1929 1296 2010 1362 de
2056 1294 2206 1382 ipsa
2262 1297 2504 1361 foreste
2552 1296 2717 1361 haec
2776 1306 2964 1362 sunt:
3041 1296 3123 1362 de
3170 1319 3303 1361 una
3349 1306 3535 1381 parte
3595 1299 4085 1383 suprascriptas
4133 1295 4552 1362 Cotoniarias
4599 1306 4667 1360 et

1365 1398 1754 1466 Uuatreias‘
1794 1411 1859 1465 et
1904 1400 2251 1466 Sarnetum
2299 1410 2363 1465 et
2407 1399 2616 1465 Uetus
2663 1399 3074 1485 Monasterii,
3122 1424 3208 1466 ex
3253 1400 3384 1465 alia
3430 1410 3620 1486 parte
3666 1401 4060 1486 Epaneuilla
4106 1410 4171 1465 et
4217 1401 4668 1487 suprascripto
4714 1415 4746 1462 5

1364 1504 1643 1569 Putiolis
1691 1515 1755 1569 et
1800 1503 2222 1587 Rumbelitto‚
2294 1504 2375 1569 de
2421 1507 2615 1569 tertia
2661 1526 2816 1568 vero
2866 1513 3054 1590 parte
3102 1504 3560 1586 Helmoritum,
3632 1504 3713 1569 de
3760 1514 3997 1590 quarta
4056 1505 4255 1590 igitur
4302 1513 4487 1590 parte
4534 1503 4667 1567 Ad-

1365 1607 1681 1673 taneuilla
1727 1617 1792 1672 et
1836 1607 2253 1673 Burdoniaco
2304 1618 2369 1673 et
2414 1606 2718 1673 Condato
2766 1617 2833 1673 et
2861 1607 3180 1685 Uitriaco,
3232 1607 3312 1673 de
3346 1610 3576 1694 quinta
3622 1609 3822 1693 igitur
3865 1617 4055 1693 parte
4087 1608 4401 1672 Pincione
4446 1616 4667 1671 monte

1366 1722 1430 1776 et
1460 1711 1728 1777 Uillare.
1777 1711 1964 1778 Haec
1998 1715 2216 1778 omnia
2256 1714 2554 1799 superius
2586 1713 3039 1800 conprehensa
3084 1712 3171 1778 ab
3205 1713 3527 1778 hodierno
3562 1711 3669 1777 die
3714 1721 4001 1777 rectores
4033 1713 4243 1797 ipsius
4293 1713 4503 1775 sancti
4536 1710 4665 1775 loci

1365 1816 1664 1902 praefata
1710 1816 1876 1882 silva
1911 1815 2283 1902 Aequalina
2331 1815 2452 1882 sub
2502 1819 2930 1882 aemunitatis
2956 1818 3216 1883 nomine
3261 1816 3572 1898 habeant,
3621 1826 3886 1881 teneant
3934 1826 4134 1902 atque
4180 1817 4243 1878 in
4292 1838 4417 1879 usu
4461 1815 4667 1901 ipsius

1366 1924 1745 1987 monasterii
1791 1922 2178 2008 possideant
2224 1933 2290 1988 et
2333 1924 2652 1988 fruantur.
2701 1922 3175 1987 Verumtamen
3244 1922 3546 1987 volumus
3594 1932 3794 2007 atque
3839 1922 4300 2006 praecipimus,
4369 1929 4443 1983 ut
4486 1917 4669 1982 nulla
4718 1934 4783 1981 ιο

1367 2029 1814 2114 praesumptio
1840 2027 2223 2093 iudiciariae
2246 2029 2596 2115 potestatis
2631 2049 2749 2113 pro
2778 2026 3171 2112 quibusdam
3204 2025 3707 2091 occasionibus8
3738 2034 3854 2088 aut
3884 2023 4138 2109 aliquid
4171 2021 4669 2088 exercitandum

1366 2131 1826 2196 venationibus
1873 2131 2125 2217 absque
2174 2133 2564 2215 permissum
2611 2132 2885 2196 rectoris
2933 2131 3145 2216 ipsius
3191 2131 3569 2195 monasterii
3618 2128 3754 2193 ullo
3801 2150 4108 2214 umquam
4157 2138 4451 2214 tempore
4498 2127 4670 2191 infra

1365 2236 1543 2321 ipsos
1589 2237 1900 2302 terminos
1947 2235 2188 2300 ibidem
2236 2235 2490 2321 ingredi
2538 2237 2846 2320 paenitus
2893 2256 3026 2299 non
3072 2244 3474 2319 praesumat,
3547 2231 3663 2298 sed
3710 2233 3879 2297 sicut
3924 2233 3987 2296 in
4035 2241 4267 2297 nostra
4313 2231 4670 2295 elemosina

1365 2341 1836 2414 concessimus,
1884 2340 1977 2404 ita
2023 2341 2089 2404 in
2136 2349 2523 2425 perpetuum
2571 2340 2656 2403 sit
2702 2337 3092 2402 omnimodis
3138 2346 3623 2403 conservatum.
3671 2336 3886 2417 Quam
3912 2358 4066 2401 vero
4114 2335 4669 2420 praeceptionem,

1366 2454 1436 2508 ut
1482 2444 1728 2509 firmior
1773 2443 2112 2517 habeatur,
2162 2443 2387 2509 subter
2433 2465 2576 2508 eam
2625 2441 3035 2508 decrevimus
3086 2441 3456 2507 adfirmare.
4718 2452 4779 2498 15

1572 2584 1601 2668 ξ
1645 2583 1921 2668 Signum
1968 2586 2146 2661 (ΜΡ.)
2190 2582 2451 2668 Pippini
2498 2581 2948 2667 gloriosissimi
2994 2583 3189 2666 regis.
3237 2579 3264 2662 ἐξ

1572 2709 1686 2783 (C.)
1730 2702 1758 2785 ἷξ
1803 2706 2139 2771 Hitherius
2185 2707 2539 2789 recognovi
2587 2714 2653 2770 et
2697 2705 2725 2787 ξ
2771 2708 2908 2783 (SR.
2957 2706 3129 2785 NT.).
3182 2708 3293 2781 (SI.
3345 2707 3443 2781 D.)
3487 2704 3668 2768 Bene
3714 2702 3960 2766 valeas,

1572 2844 1752 2909 Data
1794 2845 1860 2909 in
1906 2867 2131 2910 mense
2193 2843 2588 2931 septembrio
2648 2866 2820 2908 anno
2870 2862 3020 2907 xvu
3077 2844 3257 2928 regni
3305 2843 3541 2919 nostri3
3618 2850 3838 2905 actum
3886 2841 3952 2904 in
4009 2840 4405 2905 monasterio
4456 2839 4667 2903 sancti

1366 2951 1710 3034 Dyonisii3
1756 2948 2056 3014 feliciter.

2973 3242 3095 3315 29.
4714 3257 4780 3306 «ιο

1365 3403 1631 3496 Pippin
1685 3402 1998 3492 bestcitiyt
2051 3403 2207 3472 dem
2260 3399 2548 3472 Kloster
2607 3397 2914 3469 Corbis
2968 3399 3082 3470 die
3133 3397 3580 3468 Immunitc‘it.

4168 3510 4581 3597 [752-768J.

1572 3711 1881 3785 Absclaerift
1927 3730 2039 3772 aus
2085 3712 2216 3770 dem
2261 3711 2433 3770 Ende
2478 3710 2576 3769 des
2621 3714 2725 3769 13.
2758 3709 2865 3769 Jh.
2913 3710 2998 3766 im
3046 3706 3317 3768 Corbieer
3352 3707 3673 3767 Chartular
3718 3711 3844 3777 18⁶,
3896 3704 4017 3766 GL.
4070 3708 4277 3765 17764
4327 3704 4370 3777 f.
4409 3699 4511 3764 19'
4538 3703 4667 3784 (G),

1571 3818 1697 3876 und
1762 3819 1829 3876 in
1884 3817 2017 3875 dem
2072 3817 2238 3876 1295
2287 3814 2620 3887 anacleqten
2667 3810 2994 3873 Chartular
3058 3818 3125 3871 n⁰
3170 3816 3228 3881 1,
3301 3810 3422 3872 GL.
3473 3815 3685 3872 17758
3744 3810 3790 3883 f.
3843 3804 3930 3868 H'
4000 3809 4134 3888 (D),
4205 3810 4368 3868 beidc
4433 3811 4500 3867 in
4566 3809 4673 3867 der

1571 3920 2177 3982 Nationalbibliothek
2219 3937 2300 3977 eu
2345 3919 2545 3978 Paris,
2616 3917 2803 3977 Beide
2851 3915 3232 3988 Abscleriften
3277 3934 3389 3975 von
3433 3916 3734 3975 derselben
3781 3915 3967 3973 Hand
3979 3934 4000 3987 ,·
4044 3932 4156 3974 aus
4203 3915 4379 3972 ihnen
4421 3918 4665 3973 stammt
4714 3929 4785 3978 25

1574 4026 1671 4084 die
1715 4026 1903 4084 damit
1949 4025 2209 4083 wertlose
2254 4021 2565 4094 Abschrift
2611 4022 2712 4081 des
2757 4024 2860 4081 16.
2909 4020 3017 4083 le.
3065 4023 3131 4079 in
3178 4019 3297 4079 CL.
3349 4023 3559 4080 17184
3597 4038 3663 4092 p.
3705 4023 3759 4079 1.

1575 4180 1765 4241 Sickel
1810 4181 2000 4240 Beitr.
2047 4198 2100 4238 z.
2149 4179 2315 4252 Dipl.
2360 4179 2416 4237 V
2457 4179 2695 4238 Wiener
2739 4177 2861 4238 SB.
2913 4182 3013 4249 49,
3064 4180 3189 4238 384
3240 4175 3665 4255 (Sonderabdr.
3700 4180 3806 4250 81)
3857 4194 3971 4235 aas
4016 4178 4095 4236 D.
4146 4209 4227 4220 -—
4275 4175 4670 4234 Milhlbacher

1574 4286 1720 4358 Περ.
1769 4289 1890 4344 111
1940 4283 2133 4360 (108).

1572 4434 1704 4493 Aus
1751 4433 1856 4492 der
1899 4433 2409 4504 Merowinqerzeit
2453 4433 2533 4490 ist
2576 4449 2699 4491 nur
2744 4433 2873 4490 eine
2917 4430 3268 4503 Schenkunq
3317 4428 3626 4489 Glzlothars
3652 4429 3771 4487 III
3802 4445 3913 4487 von
3960 4431 4087 4487 662
4131 4430 4239 4486 mit
4285 4429 4666 4502 Immunimt,

1571 4537 1660 4597 M.
1717 4536 1789 4596 G.
1838 4536 1979 4595 DD.
2026 4537 2270 4597 Merow.
2316 4537 2399 4595 36
2444 4543 2514 4593 πυ
2558 4536 2661 4606 49,
2732 4532 3013 4604 erhalten,
3085 4532 3180 4590 die
3223 4531 3642 4591 unmiltelbare
3695 4533 3940 4605 Vorlaye
4011 4532 4203 4590 dieser
4256 4532 4540 4592 Urkunde
4583 4535 4666 4592 ist
4713 4549 4788 4599 30

1570 4641 1851 4701 verloren.
1917 4641 2018 4700 Sic
2061 4642 2138 4699 ist
2185 4640 2444 4699 wortlich
2491 4637 2827 4697 wiederholt
2870 4639 2935 4695 in
2965 4637 3071 4694 der
3113 4638 3265 4696 auch
3295 4638 3533 4696 textlich
3580 4639 3771 4696 besser
3811 4634 4237 4708 ilberlieferten
4268 4630 4669 4715 Restatiyunq

1571 4746 1758 4804 Karls
1804 4745 1861 4804 d.
1917 4744 2024 4803 Gr.
2076 4746 2198 4803 769
2245 4745 2430 4804 Μᾶνε
2476 4747 2556 4802 16
2600 4750 2670 4801 92⁰
2716 4743 2817 4802 57.

1571 4933 1931 5019 Pippinus⁸
1961 4954 2076 4995 rex
2111 4931 2516 4995 Francorum
2549 4932 2650 4994 vir
2680 4927 3013 4996 inlusterb.
3228 4929 3295 4994 Si
3332 4952 3428 5002 ea,
3478 4952 3602 5014 que
3635 4928 3718 4993 ab
3752 4929 4192 4992 anteriornm⁰
4221 4949 4447 5012 regum
4496 4927 4667 5014 [pre-

1369 5034 1863 5119 decessorum]‘¹
1909 5033 2242 5122 quondam
2303 5043 2679 5098 nostrorum
2728 5033 2815 5099 ad
2872 5034 3020 5099 loca
3068 5044 3445 5100 sanctorum
3510 5033 3612 5097 vel
3660 5055 3775 5119 pro
3825 5033 4269 5117 oportunitate
4331 5054 4669 5097 servorum

1368 5141 1473 5206 dei
1532 5141 1727 5206 fuerit
1797 5160 2182 5203 concessum
2241 5146 2441 5223 atque
2510 5137 2855 5219 indultum,
2904 5160 3020 5224 per
3073 5140 3315 5203 nostris
3362 5138 3648 5202 oraculis
3708 5137 4131 5218 affirmamus,
4198 5138 4449 5221 regiam
4503 5158 4658 5202 con·
4709 5156 4782 5204 35

1369 5245 1780 5310 suetudinem
1812 5263 2194 5307 exercemus
2240 5251 2305 5305 et
2351 5240 2540 5305 nobis
2586 5240 2672 5304 ad
2704 5241 3075 5307 mercedem
3122 5242 3251 5326 [vel
3300 5240 3750 5326 stabilitatem]
3801 5242 3984 5325 regni
4032 5242 4238 5304 nostri
4290 5239 4664 5326 [pertinere]

1368 5349 1779 5414 confidimus.
1835 5347 2044 5432 Igitur
2074 5344 2471 5410 venerabilis
2519 5346 2619 5409 vir
2652 5344 3104 5428 Leodegarius
3129 5346 3306 5411 abba
3338 5346 3420 5412 de
3468 5347 3865 5410 monasterio
3902 5343 4203 5426 Corbeia,
4253 5348 4362 5431 qui
4400 5347 4670 5432 ponitur

1367 5455 1430 5517 in
1464 5473 1636 5538 pago
1673 5450 2118 5530 Ambianensi,
2153 5470 2346 5535 quem
2377 5457 2831 5512 antecessores
2864 5452 3067 5514 nostri
3102 5450 3458 5515 Lotharius
3494 5449 3821 5535 quondam
3843 5458 3869 5487 ⁰
3900 5472 4019 5514 rex
4050 5448 4155 5520 ve]
4190 5448 4670 5514 Balthechildis

1368 5555 1699 5642 quondam
1745 5555 1973 5639 regina
2039 5575 2258 5618 corum
2308 5573 2505 5637 opere
2550 5572 2592 5615 a
2638 5551 3067 5619 fundamento
3138 5565 3514 5620 construere
3576 5563 4031 5640 preceperunt,
4095 5553 4437 5619 clementie
4482 5554 4668 5639 regni

1366 5660 1572 5724 nostri
1623 5659 1971 5744 suggessit,
2044 5679 2121 5721 eo
2170 5655 2346 5742 quod
2405 5656 2698 5741 prefatus
2771 5659 3077 5745 princeps
3139 5659 3241 5723 vel
3288 5657 3767 5724 Balthechildis
3825 5659 4055 5743 regina
4114 5657 4312 5722 talem
4375 5656 4461 5721 ad
4519 5659 4666 5744 ipso
4715 5676 4789 5723 40

1366 5764 1768 5829 monasterio
1818 5786 1934 5849 per
1979 5783 2205 5827 eorum
2254 5761 2708 5846 preceptiones
2755 5765 3245 5830 concessissent
3288 5763 3702 5847 beneficium,
3751 5772 3824 5827 ut
3856 5783 4085 5827 omnes
4132 5785 4259 5837 res,
4307 5770 4444 5827 tam
4492 5762 4673 5848 quod

1554 5952 1636 6006 28.
1674 5955 1719 6019 s)
1753 5954 1956 6006 Uuatre
1990 5966 2096 6004 von
2134 5951 2417 6005 derselben
2452 5949 2636 6004 Hand
2672 5951 2788 6017 auf
2814 5952 3014 6007 Rasur
3221 5955 3278 6022 g)
3314 5953 3723 6005 occansionibus
3761 5951 3827 6004 Β.

1553 6057 1636 6112 29.
1672 6060 1726 6125 a)
1749 6060 1978 6125 Pipinus
2016 6058 2121 6111 GD
2330 6058 2385 6122 b)
2421 6062 2551 6109 viris
2589 6059 2892 6111 illustribus
2919 6058 3024 6112 01)
3232 6060 3285 6124 c)
3320 6062 3661 6126 antiquorum
3690 6056 3794 6110 OD
4003 6057 4058 6123 d)
4095 6054 4244 6110 dir-:w
4284 6055 4418 6129 mul
4444 6054 4532 6106 sife-
4564 6054 4663 6114 fn?-

1673 6128 1889 6197 9enden
1913 6128 2332 6197 Ενρᾶηεαηρεπ
2357 6127 2480 6180 und
2505 6128 2894 6197 Besserunyen
2920 6144 3027 6181 aus
3054 6126 3153 6180 der
3178 6127 3554 6197 Bestc‘itiyuny
3580 6126 3759 6180 Karls
3787 6125 3839 6179 d.
3870 6123 3966 6178 Gr.
4163 6130 4208 6190 v]
4236 6126 4368 6185 svm!
4408 6126 4458 6174 l]
