5642 7159
724 734 787 798 174
1337 737 1762 797 KAISERURKUNDEN.

721 922 899 1008 dedissetl,
923 927 1011 994 unde
1036 924 1216 989 servientes
1238 922 1385 988 eiusdem
1409 922 1473 988 loci
1498 923 1758 989 consolationem
1782 922 1967 988 substantie
1982 945 2089 1010 usque
2111 947 2198 990 nunc
2214 926 2275 990 visi
2292 934 2371 990 sunt

721 1028 843 1096 habere
865 1038 1090 1118 perpetuoque
1112 1037 1259 1113 tempore
1288 1027 1382 1113 ipsas
1404 1048 1458 1092 res
1482 1029 1594 1112 quieto
1623 1027 1737 1092 ordine
1759 1027 1929 1114 possidere
1952 1027 2114 1093 videntur.
2161 1028 2228 1096 Sed
2249 1030 2371 1096 asserit

721 1133 918 1200 venerabilis
939 1136 990 1199 vir
1004 1131 1250 1199 Ermenhardus
1266 1132 1384 1216 abbas,
1409 1132 1499 1217 quod
1515 1132 1555 1198 de
1577 1133 1659 1219 ipsis
1675 1131 1774 1198 rebus
1796 1131 1886 1197 nullo
1902 1133 2082 1198 munimine
2104 1143 2163 1200 aut
2186 1144 2370 1201 strumenta

721 1247 885 1304 cartarum
908 1245 1029 1325 penes·
1053 1260 1088 1303 se
1104 1237 1260 1317 habeant,
1284 1258 1422 1322 perque
1445 1238 1536 1323 ipsas
1555 1260 1608 1302 res
1632 1238 1702 1302 siue
1725 1244 1839 1302 nostra
1862 1236 2061 1301 auctoritate
2084 1236 2212 1322 legibus
2235 1237 2368 1302 defendi

721 1343 858 1429 possint.
887 1343 1016 1409 Idcirco
1033 1343 1128 1429 petiit
1142 1341 1329 1409 celsitudini
1345 1350 1467 1424 nostre,
1491 1350 1528 1405 ut
1542 1362 1601 1427 per
1622 1351 1772 1405 nostram
1789 1341 2043 1426 preceptionem,
2068 1351 2369 1427 quantumcumque
2392 1357 2408 1405 o

720 1449 806 1513 infra
827 1469 930 1533 regna
953 1448 1014 1513 deo
1038 1447 1181 1533 propitio
1203 1456 1317 1512 nostra
1339 1456 1474 1533 tamque
1497 1466 1643 1532 proavus
1665 1453 1778 1511 noster
1801 1443 1924 1510 ibidem
1940 1447 1973 1510 in
1997 1446 2066 1511 eius
2083 1446 2262 1513 elemosina
2276 1449 2369 1513 visus

721 1561 771 1616 est
793 1551 1000 1617 condonasse
1030 1573 1130 1637 quam
1153 1560 1185 1616 et
1213 1551 1315 1615 ceteri
1339 1547 1456 1616 deum¹
1482 1551 1635 1615 timentes
1663 1549 1813 1616 homines
1844 1549 2133 1634 impostmodum
2160 1550 2369 1634 addiderunt,

721 1677 784 1742 que
818 1655 988 1741 possidere
1016 1653 1184 1738 videntur,
1219 1653 1327 1720 denno
1356 1654 1551 1719 confirmare
1585 1651 1787 1718 deberemus.
1834 1651 1936 1718 Cuius
1971 1656 2167 1739 peticionem
2201 1655 2369 1721 noluimus

720 1757 920 1846 denegare),
947 1759 1006 1825 sed
1028 1760 1075 1824 ita
1097 1761 1303 1825 concessisse
1326 1769 1426 1845 atque
1448 1759 1662 1824 confirmasse
1689 1755 1903 1844 cognoscite¹.
1949 1758 2173 1845 Precipientes
2197 1761 2298 1843 enim,
2333 1770 2371 1825 ut

721 1864 880 1951 quicquid
902 1865 988 1929 iuste
1011 1875 1044 1930 et
1072 1863 1312 1929 rationabiliter
1339 1864 1374 1928 in
1397 1861 1658 1929 denominandas
1686 1861 1800 1945 villas,
1829 1860 1864 1926 id
1894 1872 1970 1928 sunt
1992 1861 2201 1929 Harimalla¹¹
2223 1865 2256 1928 in
2279 1886 2367 1950 pago
2394 1880 2426 1928 ιο

719 1967 964 2051 Hasbaniense,
987 1968 1122 2034 Budilio
1138 1970 1172 2034 in
1188 1967 1388 2041 Texandria‚
1412 1966 1562 2032 Filfurdo
1586 1966 1620 2030 in
1635 1964 1836 2050 Bragbando
1860 1973 1894 2030 et
1907 1967 1941 2030 in
1964 1987 2051 2052 pago
2068 1967 2222 2053 Haginao
2239 1968 2368 2051 Hrinio,

719 2072 883 2138 Hiriniolo
891 2070 909 2155 ¹,
931 2072 1132 2157 Kuinegasm
1155 2079 1189 2136 et
1210 2071 1268 2136 illa
1290 2072 1432 2138 ecclesia
1455 2073 1488 2137 in
1512 2071 1723 2156 Walderiego
1748 2069 1911 2157 simulque
1927 2070 2130 2158 Achiniagas
2154 2083 2188 2139 et
2202 2072 2368 2161 Altporto,

720 2198 804 2263 quas
827 2177 860 2240 in
883 2176 1077 2241 concamio¹¹
1103 2197 1163 2261 pro
1188 2174 1375 2240 Auuanlia⁰
1405 2185 1616 2262 receperunt,
1647 2183 1679 2240 et
1707 2173 1837 2259 aliquos
1866 2196 2000 2240 mansos
2028 2176 2062 2241 in
2086 2175 2311 2264 Angelgiagas
2336 2179 2370 2242 in

719 2280 850 2366 pagello
874 2279 1034 2364 Leuhios,
1064 2302 1159 2366 quem
1187 2279 1335 2345 similiter
1366 2280 1399 2343 in
1427 2279 1596 2344 concamio
1625 2299 1684 2364 pro
1715 2279 1819 2363 pratis
1850 2278 1890 2344 de
1921 2278 2062 2345 ecclesia
2092 2283 2198 2346 sancti
2227 2279 2370 2348 Servatii

720 2393 1013 2466 commutaverunt,
1036 2406 1181 2450 necnon
1204 2385 1346 2471 inpage
1370 2379 1527 2449 Lominse
1541 2383 1701 2449 Fraxino
1724 2383 1798 2448 Hoc
1818 2385 1928 2448 omnia
1951 2383 2171 2468 denominata,
2195 2394 2231 2451 ut
2254 2409 2369 2472 supra·
2394 2403 2424 2450 ro

719 2487 883 2572 diximus,
917 2488 953 2554 id
981 2498 1032 2553 est
1054 2510 1120 2553 una
1142 2511 1217 2554 cum
1240 2490 1357 2553 terrisq
1386 2487 1538 2553 domibus
1562 2487 1699 2552 edificiis
1728 2487 1907 2553 accolabus
1938 2490 2112 2574 mancipiis
2142 2491 2246 2556 vineis
2275 2490 2369 2557 silvis

719 2596 845 2680 campis
868 2595 973 2679 pratis
997 2594 1131 2679 pascuis
1153 2594 1250 2679 aquis
1274 2615 1501 2679 aquarumque
1525 2591 1721 2657 decursibus
1744 2591 1920 2657 mobilibus
1945 2601 1978 2657 et
2000 2593 2232 2678 immobilibus,
2260 2604 2368 2660 totum

654 2758 664 2770 ,
719 2698 819 2764 etad
845 2700 1023 2784 integrum,
1054 2719 1128 2762 cum
1159 2697 1311 2763 omnibus
1341 2696 1543 2784 appenditiis
1571 2695 1624 2761 vel
1653 2695 1867 2762 adiacentiis‘
1894 2719 2022 2779 earum,
2051 2697 2192 2784 qualiter
2221 2701 2367 2784 presenti

717 2810 866 2888 tempore
881 2803 956 2887 ipsa
971 2801 1114 2867 ecclesia
1128 2802 1265 2886 eiusque
1287 2810 1432 2867 rectores
1449 2799 1676 2886 possederunt,
1701 2809 2003 2887 quantumcumque
2019 2803 2267 2888 prenominatus
2283 2827 2366 2870 avus

719 2915 832 2972 noster
850 2905 972 2972 ibidem
988 2906 1188 2971 condonavit
1203 2915 1261 2971 aut
1277 2908 1378 2972 ceteri
1401 2905 1498 2970 deum
1515 2906 1666 2970 timentes
1690 2903 1839 2970 homines
1855 2907 1887 2970 in
1911 2907 2122 2991 postmodum
2142 2907 2366 2993 addiderunt',
2391 2925 2424 2974 ιο

718 3009 806 3075 unde
819 3011 930 3076 vestiti
954 3033 1028 3076 esse
1050 3010 1215 3093 videntur,
1239 3008 1394 3094 deinceps
1417 3009 1552 3074 inantea
1575 3007 1703 3094 absque
1726 3007 1845 3073 ullius‘
1866 3010 2091 3094 inquietudine
2108 3014 2195 3077 omni
2219 3021 2368 3100 tempore

719 3122 853 3178 teneant
875 3123 907 3178 et
931 3113 1146 3199 possideant¹¹
1168 3123 1202 3178 et
1224 3111 1334 3178 nullus
1359 3111 1536 3198 quislibetv
1559 3111 1600 3176 de
1622 3111 1776 3177 fidelibus
1798 3116 1924 3178 nostris
1940 3124 1998 3179 aut
2021 3115 2061 3181 de
2084 3115 2258 3182 iudiciaria
2276 3126 2367 3204 pote·

720 3225 806 3282 state
828 3219 957 3302 prefato
974 3217 1202 3284 Ermenhardo
1226 3215 1347 3282 abbate
1371 3217 1506 3302 suisque
1523 3216 1772 3282 successoribus
1796 3216 1837 3282 de
1853 3221 2045 3284 memoratis
2068 3220 2166 3285 rebus
2183 3223 2369 3307 inquietare

719 3331 777 3386 aut
800 3332 915 3387 contra
937 3324 1075 3388 rationis
1099 3322 1213 3388 ordine
1236 3321 1346 3387 facere
1369 3328 1555 3406 presumat,
1587 3319 1645 3386 sed
1667 3319 1767 3387 liceat
1795 3342 1852 3386 eos
1875 3344 1950 3387 cum
1979 3322 2031 3388 dei
2062 3334 2095 3389 et
2116 3334 2231 3390 nostra
2260 3327 2368 3411 gratia

718 3428 890 3490 nostriset
913 3426 1031 3491 suturis
1047 3426 1251 3512 temporibus
1274 3447 1334 3512 per
1349 3425 1436 3490 hanc
1458 3433 1607 3490 nostram
1622 3425 1856 3490 auctoritatem
1879 3429 1949 3492 iure
1971 3428 2159 3494 firmissimo
2182 3428 2366 3514 possidere,
2390 3448 2423 3498 25

718 3540 880 3614 quatenus
908 3530 1025 3595 melius
1050 3530 1191 3596 delectet
1220 3529 1343 3595 ibidem
1367 3528 1429 3594 deo
1460 3527 1677 3594 servientibus
1701 3551 1761 3615 pro
1791 3529 1886 3596 nobis
1909 3541 2009 3618 atque
2037 3531 2140 3617 prolis
2169 3543 2312 3599 nostre'
2334 3545 2368 3600 et

718 3653 822 3698 uxore
846 3641 880 3697 et
894 3655 953 3718 pro
978 3632 1152 3699 animabus
1171 3642 1344 3719 parentum
1368 3631 1536 3718 quondam
1550 3640 1741 3698 nostrorum
1766 3633 1889 3701 domini
1905 3634 2185 3702 misericordiam¹
2207 3641 2367 3704 attentius

719 3735 906 3821 deprecare.
930 3738 975 3802 Et
990 3747 1026 3802 ut
1047 3737 1108 3802 hec
1123 3737 1304 3802 auctoritas
1321 3737 1448 3802 firmior
1469 3734 1631 3801 habeatur
1646 3736 1699 3802 vel
1718 3737 1882 3804 diuturnis
1899 3739 2102 3826 temporibus
2121 3752 2367 3828 conserveturl,

717 3863 817 3906 manu
839 3843 974 3929 propria
989 3842 1122 3909 subtcr¹
1145 3865 1218 3909 eam
1242 3842 1449 3908 decrevimus
1473 3841 1631 3907 roborare
1647 3853 1681 3908 et
1703 3843 1744 3908 de
1767 3843 1868 3909 anulo
1892 3854 2006 3910 nostro
2030 3846 2184 3912 iussimus
2208 3847 2366 3933 sigillare.

821 3978 959 4066 Signum
983 3981 1072 4062 (M.)·
1094 3980 1210 4045 Karoli
1234 3980 1463 4066 gloriosissimi
1487 3980 1585 4064 regis.
2389 4004 2424 4055 ιο

820 4097 1041 4185 Wigbaldusl'
1063 4100 1214 4167 advicem
1237 4101 1365 4167 Radoni
1388 4102 1567 4186 recognovi
1576 4109 1598 4166 ⁰.

820 4223 910 4288 Data
936 4239 962 4287 v
990 4245 1065 4288 non.
1094 4224 1171 4289 mai.
1201 4246 1287 4290 anno
1318 4222 1492 4288 undecimo
1528 4231 1562 4286 et
1590 4225 1704 4308 quinto
1733 4226 1825 4312 regni
1855 4229 1976 4311 nostri,
2022 4238 2133 4294 actum
2162 4229 2367 4297 Haristoliol

717 4325 842 4411 palatio
865 4326 1036 4413 publicos,
1060 4329 1093 4393 in
1117 4327 1169 4393 dei
1192 4330 1323 4394 nomine
1347 4327 1486 4392 feliciter
1509 4348 1616 4392 amen.

1505 4555 1590 4630 125.

716 4692 812 4764 Karl
837 4694 902 4765 der
933 4692 1060 4766 Grecos
1087 4695 1244 4789 bestdtipt
1271 4699 1350 4770 dem
1376 4695 1520 4768 moster
1546 4697 1590 4768 N
1592 4699 1690 4769 oool
1696 4720 1764 4770 esc
1791 4703 1848 4772 die
1875 4701 2097 4774 Immcaitt't.
2388 4725 2421 4774 ae

2025 4854 2067 4866 -
2091 4827 2153 4884 779
2177 4824 2246 4884 Mar·
2266 4830 2318 4887 23.

820 4984 986 5048 Chronicoa
1012 4989 1217 5052 Nooala‘cs'cnse
1244 5011 1301 5053 aus
1330 4993 1382 5051 der
1410 4994 1498 5052 Mitte
1527 4993 1577 5053 des
1604 4999 1656 5054 11.
1681 4995 1734 5056 Jb.
1757 4995 1920 5054 Rotelblott
1943 4989 1995 5057 12¹
2024 4999 2066 5055 im
2095 4997 2299 5059 Stactsarcbio
2324 5018 2366 5060 su

822 5092 920 5150 Turio
942 5090 1005 5169 (G).

817 5213 972 5274 naraon
999 5216 1072 5276 Ant.
1095 5217 1165 5279 reat.
1190 5222 1220 5292 5,
1244 5222 1308 5282 ιιι
1336 5238 1393 5281 aas
1416 5219 1571 5292 assuas
1600 5238 1655 5280 voa
1680 5219 1711 5284 c.
1740 5255 1782 5264 -
1811 5223 1896 5284 non.
1919 5226 2042 5296 patriae
2071 5223 2124 5285 ss.
2149 5229 2179 5296 e,
2205 5228 2247 5285 ve
2274 5243 2297 5286 c.
2322 5199 2376 5286 ιι

817 5335 874 5378 aas
898 5316 929 5378 0.
953 5352 995 5364 -
1017 5321 1064 5380 M.
1088 5322 1124 5384 G.
1142 5322 1195 5385 SS.
1214 5330 1243 5396 7,
1266 5328 1341 5397 121,
1364 5325 1587 5399 Sotulaaspabc
1609 5328 1650 5386 85
1674 5343 1730 5386 aas
1749 5326 1780 5386 0.
1807 5360 1846 5370 -
1870 5328 2063 5388 Mdblboolrer
2084 5329 2157 5402 aa.
2173 5332 2239 5391 222
2260 5329 2361 5408 (216).
2386 5344 2422 5394 40

794 5485 854 5540 124.
872 5487 900 5552 d)
918 5487 1024 5540 dedisse
1043 5488 1094 5543 OD
1211 5494 1237 5559 e)
1254 5509 1308 5547 oon
1328 5496 1457 5562 spdterer
1476 5492 1567 5546 Hastd
1585 5509 1657 5548 corr.
1677 5509 1730 5547 aas
1749 5511 1818 5562 pene
1840 5495 1957 5618 (λδθυο
1975 5495 2005 5551 D
2120 5497 2210 5562 odeo
2229 5497 2259 5552 D

868 5555 897 5676 g)
907 5555 1026 5675 Ιςιζιὶιθ
1138 5562 1167 5628 b)
1184 5563 1313 5647 nolumus¹
1328 5564 1457 5631 denegari
1477 5562 1507 5615 D
1621 5565 1642 5630 i)
1660 5567 1787 5647 cognosci
1806 5565 1874 5618 etO
2020 5567 2051 5634 k)
2068 5568 2210 5650 Hmjmala
2229 5567 2258 5620 D
2328 5639 2334 5652 ι

869 5627 915 5747 lo
928 5627 1153 5765 illidium
1171 5632 1488 5771 ,bellttttlt
1505 5633 1592 5754 roll
1609 5633 1818 5757 tlttttl.
1831 5633 2365 5775 il‘i’iinfaffiiill‘dirirlii',

867 5765 913 5825 24,
932 5763 975 5816 Μ.
996 5765 1028 5818 G.
1042 5765 1135 5820 Form.
1150 5772 1174 5835 7,
1192 5773 1226 5823 91
1314 5771 1340 5837 o)
1358 5771 1521 5826 ΔιιιιιιιιΙίόΙ
1590 5773 1617 5838 p)
1635 5773 1755 5825 Leuchio
1874 5776 2015 5841 q)cstcris
2031 5774 2084 5828 OD
2155 5777 2178 5843 r)
2196 5775 2362 5831 adiacentD
2386 5775 2420 5824 45

869 5835 893 5889 sl
911 5834 1042 5886 addsrunt
1060 5836 1090 5889 D
1178 5841 1199 5907 t)
1217 5839 1362 5894 nulliusC
1446 5843 1474 5908 n)
1492 5841 1695 5909 possedeantD
1765 5843 1793 5904 v)
1811 5840 1968 5910 quilibetO
2054 5845 2089 5912 vv)
2107 5847 2205 5896 nostris
2225 5843 2277 5898 OD

868 5904 896 5967 x)
914 5905 1095 5958 misericordia
1115 5906 1167 5962 OD
1269 5911 1298 5976 y)
1316 5911 1478 5964 servetan
1589 5911 1615 5977 a)
1632 5911 1726 5964 subtus
1748 5910 1800 5965 01)
1913 5913 1940 5979 a)
1958 5912 2012 5966 das
2030 5913 2226 5983 Mosoopramm
2245 5930 2294 5968 oor
2313 5915 2365 5969 der

868 5970 1054 6106 gtassueile
1073 5975 1125 6029 01)
1195 5979 1222 6044 b)
1240 5979 1460 6034 WichbaldnsO
1528 5982 1553 6049 c)
1569 5983 1727 6048 recognovit
1745 5979 1775 6032 D
1844 5982 1872 6049 d)
1890 5983 2050 6035 Haristallio
2064 5983 2093 6036 D
2162 5984 2189 6050 e)
2206 5985 2314 6050 publice
2334 5985 2364 6050 0,
