5642 7159
1013 790 1132 851 KARL
1154 790 1243 850 ΗΕΒ
1265 788 1436 850 decess
1460 786 1532 852 777.
2036 787 2098 855 168

532 975 638 1056 (055
663 976 804 1042 Carolus
827 979 935 1063 gratia
959 977 1011 1042 dei
1036 999 1096 1042 rex
1117 976 1325 1041 Francorum
1348 984 1381 1041 et
1403 975 1700 1061 Langobardorum
1730 999 1770 1042 ac
1794 978 1952 1063 patricius
1976 979 2096 1044 Roma·

416 1106 569 1157 norum.
680 1080 848 1167 Quicquid
871 1082 957 1146 enim
981 1080 1024 1145 ob
1048 1102 1160 1145 amore
1184 1079 1308 1145 domini
1325 1089 1358 1145 et
1381 1082 1603 1165 oportunitate
1626 1102 1795 1146 servorum
1819 1082 1871 1146 dei
1894 1082 1978 1147 locis
2002 1084 2097 1147 vene-

421 1186 605 1259 rabilibus
628 1184 858 1267 concedimus,
893 1185 957 1249 hoc
985 1184 1082 1250 nobis
1111 1184 1155 1249 ad
1184 1183 1345 1248 mercedis
1376 1183 1650 1269 augmentum}
1680 1183 1731 1249 vel
1761 1183 1977 1250 stabilitatem
2005 1187 2095 1271 regni

424 1292 536 1360 nostri
581 1289 744 1373 pertinere
773 1287 979 1353 confidimus.
1025 1287 1237 1375 Quapropter
1264 1299 1457 1374 conpertum
1488 1290 1530 1353 sit
1558 1290 1701 1353 omnium
1730 1288 1876 1353 fidelium
1905 1298 2095 1355 nostrorum

400 1391 682 1481 smagnitudini,
712 1392 851 1478 qualiter
874 1392 1035 1458 donamus
1059 1392 1102 1457 ad
1125 1394 1362 1457 monasterium
1385 1392 1500 1475 Fulta,
1537 1392 1625 1478 quod
1648 1393 1755 1457 estin
1779 1392 1902 1457 honore
1924 1392 2096 1458 beatorum

429 1495 673 1585 apostolorum
697 1496 786 1560 Petri
810 1506 843 1560 et
858 1495 952 1560 Pauli
976 1497 1010 1560 in
1033 1518 1120 1581 pago
1139 1494 1279 1561 Graffelt
1301 1504 1538 1570 constructum,
1563 1495 1619 1560 ubi
1643 1498 1830 1582 preciosum
1854 1518 1974 1582 corpus
1991 1498 2096 1563 Bnne-

430 1604 502 1667 iacii
542 1600 708 1683 martyris
742 1599 934 1685 requiescit,
970 1620 1088 1684 quaem
1117 1601 1168 1663 vir
1202 1598 1401 1664 venerabilis
1426 1599 1569 1665 Sturmio
1604 1598 1692 1665 abba
1721 1601 1754 1665 in
1788 1602 1946 1686 regimine
1975 1600 2097 1666 habere

432 1705 592 1783 videtur,
625 1702 660 1767 id
684 1712 763 1767 suut
784 1725 838 1768 res
862 1703 1075 1788 proprietatis
1104 1711 1235 1767 nostrae
1258 1700 1575 1789 Hamalum[burg]¹‘
1606 1706 1703 1769 situm
1727 1706 1760 1768 in
1787 1725 1874 1789 pago
1900 1704 2095 1789 Saleegauio

435 1830 538 1891 super
570 1805 673 1869 fluvio
697 1804 777 1870 Sala
807 1826 882 1871 cum
912 1826 1008 1870 omne
1036 1807 1226 1890 integritate
1249 1805 1302 1870 vel
1331 1805 1528 1871 adieoenciis
1553 1828 1610 1871 seu
1638 1805 1820 1892 apendiciis
1850 1808 1919 1871 suis
1944 1806 2095 1892 Achyne·

399 1929 421 1975 u
435 1909 538 1991 bach,
567 1908 804 1994 Thyuplbacb,
826 1908 967 1992 Harital‚
992 1910 1053 1974 hoc
1070 1919 1120 1974 est
1143 1918 1444 1995 quantumcumque
1460 1912 1493 1974 in
1517 1910 1668 1995 superius
1692 1912 1863 1975 nominata
1886 1910 1959 1976 loca
1975 1910 2097 1977 habere

436 2012 611 2093 videmini,
639 2011 675 2077 id
699 2021 750 2077 est
772 2022 841 2077 tam
864 2014 960 2079 terris
984 2013 1136 2079 domibus
1160 2013 1319 2078 aedificiis
1343 2012 1505 2078 acolabus
1529 2015 1701 2099 mancipiis
1724 2016 1829 2080 vineis
1853 2015 1945 2079 silvis
1969 2016 2095 2101 campis

438 2117 546 2200 pratis
573 2118 708 2203 pascuis
732 2119 828 2203 aquis
857 2139 1060 2203 aquarumve
1094 2117 1287 2182 decursibus
1323 2116 1501 2181 movilibus
1532 2126 1565 2182 et
1593 2117 1824 2200 inmovilibus,
1860 2118 1971 2183 omnia
1994 2126 2026 2183 et
2054 2141 2097 2183 ex

440 2218 608 2301 omnibus,
621 2219 665 2284 ad
679 2221 843 2305 prefatum
856 2231 1007 2285 sanctum
1019 2221 1126 2286 locum
1140 2220 1336 2287 tradidimus
1349 2221 1585 2307 perpetualiter
1597 2222 1640 2287 ad
1653 2221 1899 2307 possidendum.
1916 2222 2095 2308 Propterea

440 2319 527 2385 hanc
553 2325 801 2410 preceptionem
824 2326 1030 2390 auctoritatis
1053 2334 1187 2390 nostrae
1210 2324 1420 2390 conscribere
1443 2325 1613 2407 iussimus,
1645 2334 1682 2390 ut
1705 2324 1747 2390 ab
1771 2325 1834 2390 hac
1866 2325 1917 2390 die
1940 2335 2008 2391 mm
2030 2347 2096 2391 me-

403 2443 426 2486 u
442 2436 594 2491 moratus
617 2426 761 2493 Sturmio
785 2426 873 2493 abba
897 2450 1061 2514 quamque
1085 2428 1136 2493 sui
1161 2428 1380 2511 successoris,
1416 2430 1471 2515 qui
1495 2429 1616 2493 fuerint
1644 2428 1782 2493 rectoris
1815 2427 1962 2493 eiusdem
1991 2431 2097 2495 sancti

443 2525 518 2610 loci,
545 2531 703 2616 predictis
726 2531 826 2597 rebus
849 2531 893 2596 ad
916 2553 999 2618 opus
1023 2533 1088 2597 iam
1114 2532 1201 2597 dicte
1224 2531 1406 2597 aecclesiae
1429 2531 1583 2613 habeant,
1608 2539 1740 2597 teneant
1763 2531 1873 2616 adque
1896 2531 2096 2618 possedeant

445 2636 475 2691 et
497 2634 661 2720 quicquid
676 2635 798 2700 exinde
819 2635 863 2700 ad
879 2636 1061 2720 profectum
1081 2636 1186 2721 ipsius
1204 2636 1310 2699 sancti
1334 2635 1398 2700 loci
1414 2636 1523 2701 facere
1542 2636 1709 2721 elegerint,
1735 2636 1873 2700 liberum
1889 2636 2098 2721 perfruantur

447 2732 638 2821 arbitrium;
677 2748 711 2804 et
739 2737 849 2803 nullus
880 2737 1037 2824 quislibet
1066 2738 1106 2804 de
1128 2737 1302 2803 iudiciaria
1331 2748 1497 2824 potestate
1520 2749 1578 2805 aut
1605 2738 1753 2825 qualibet
1781 2761 1925 2825 persona
1948 2739 2096 2826 predicto

448 2830 629 2907 Sturmioni
659 2840 772 2906 abbati
796 2863 903 2929 neque
930 2842 1098 2908 actoribus
1122 2827 1179 2907 aut
1209 2842 1521 2929 successoribusque
1545 2844 1613 2908 suis
1644 2843 1685 2909 de
1707 2844 1897 2909 memoratis
1925 2843 2025 2909 rebus
2048 2846 2095 2910 in·

405 2954 432 2998 tt
449 2939 594 3019 quietare
622 2946 674 3011 vel
704 2946 903 3011 calumniam
933 2954 1114 3032 generare⁰
1142 2967 1272 3032 quoque
1295 2956 1443 3031 tempore
1472 2968 1537 3011 non
1561 2955 1745 3031 presumat,
1782 2946 1839 3012 sed
1867 2969 1926 3032 per
1948 2957 2096 3013 nostrum

449 3059 636 3133 preceptum
666 3051 736 3115 iure
764 3049 828 3115 hoc
863 3049 994 3115 valeant
1022 3050 1199 3135 possedere
1227 3049 1469 3133 firmissimum,
1505 3058 1666 3135 quatenus
1697 3049 1812 3115 melius
1848 3050 1989 3116 delectet
2022 3054 2097 3137 ipsa

449 3155 703 3237 congregatione
726 3174 787 3239 pro
811 3153 907 3218 nobis
932 3154 983 3218 vel
1007 3154 1188 3218 stabilitate
1211 3155 1303 3239 regni
1326 3154 1431 3218 nostri
1456 3155 1554 3219 etiam
1578 3176 1681 3219 uxore
1711 3164 1743 3218 et
1766 3152 1868 3239 prolis
1892 3153 2014 3219 domini
2037 3158 2095 3220 mi·

450 3247 661 3320 sericordiam
684 3257 805 3341 iugiter
820 3276 969 3321 exorare.
993 3256 1038 3320 Et
1053 3266 1090 3320 nt
1113 3256 1195 3323 baec
1211 3257 1393 3321 auctoritas
1416 3256 1541 3322 firmior
1564 3258 1615 3338 sit,
1640 3278 1757 3322 manos
1781 3266 1892 3322 nostre
1915 3258 2095 3343 signaculis

450 3345 558 3419 subter
582 3380 656 3425 eam
680 3359 885 3425 decrevimus
907 3358 1066 3425 roborare
1091 3369 1123 3424 et
1147 3360 1188 3425 de
1211 3359 1309 3426 anolo
1333 3370 1445 3426 nostro
1470 3363 1626 3427 iussimus
1650 3360 1827 3446 siggillare.

406 3477 432 3523 ²⁶
545 3473 561 3555 ξ
586 3482 723 3569 Signum
748 3488 838 3561 (ut.)
862 3482 972 3547 Caroli
997 3483 1227 3567 gloriosissimi
1251 3483 1387 3568 regis}

545 3604 611 3679 (c.)
638 3601 653 3683 l
686 3603 896 3690 Uuigbaldus
930 3603 1083 3670 advicem
1105 3600 1269 3682 Redonil
1302 3607 1368 3680 (SR.
1393 3606 1471 3667 NT.:
1504 3606 1609 3665 domno
1632 3624 1698 3680 repe
1720 3607 1878 3667 ordinante
1906 3607 2095 3669 Uoitboldas

447 3707 622 3789 πωπω).
647 3712 704 3788 (ει.
731 3711 773 3786 1.)

545 3823 640 3893 Data
664 3831 805 3914 septimo
829 3830 904 3895 idus
927 3830 1096 3895 ianuarias
1119 3851 1205 3894 auno
1229 3849 1315 3894 nono
1340 3837 1373 3893 et
1395 3831 1491 3893 tertio
1514 3830 1607 3914 regni
1631 3829 1753 3911 nostri3
1776 3838 1887 3894 actum
1911 3829 2094 3894 Haristalio

442 3914 568 3993 illatio
594 3932 763 4018 publicae3
787 3936 820 3999 in
844 3934 895 4000 dei
918 3936 1049 3999 nomine
1072 3933 1220 3999 feliciter.

399 4153 424 4202 ³⁰
1236 4156 1322 4230 117.

438 4275 528 4356 Πανὶ
563 4303 631 4372 der
663 4299 791 4372 Grosse
817 4301 955 4372 sclwald
981 4301 1045 4371 der
1070 4298 1202 4370 Ktrcbe
1229 4322 1295 4371 ooo
1329 4297 1508 4369 Utreebt
1535 4296 1656 4367 Bostte
1683 4319 1741 4367 om
1767 4295 1880 4368 Flues
1906 4296 1997 4368 uem
2023 4298 2098 4369 uod

436 4397 479 4467 ‘lle
510 4410 662 4494 Kirolre
696 4421 866 4513 Upldrilso
894 4423 958 4492 mit
984 4423 1062 4493 dem
1097 4420 1251 4508 Userzoll
1277 4444 1335 4490 om
1362 4418 1456 4491 Lcolt
1483 4420 1558 4491 aad
1584 4418 1680 4489 einer
1706 4417 1815 4489 Iosel.

1639 4540 1811 4613 Ntmweqsn
1834 4543 1898 4600 777
1919 4538 2001 4598 Jaoi
2023 4542 2053 4600 8.

540 4710 714 4775 mansur
735 4732 792 4774 aas
815 4714 881 4774 dem
908 4714 995 4774 Eade
1017 4714 1067 4773 des
1096 4715 1148 4774 11.
1177 4712 1231 4772 Jt.
1262 4712 1286 4786 f.
1311 4709 1362 4773 31'
1385 4715 1427 4770 im
1455 4712 1625 4773 Brttisctsn
1652 4712 1793 4771 Muscam
1814 4729 1855 4770 su
1878 4710 2006 4770 Loudoo
2029 4707 2097 4787 (B).

393 4799 419 4845 ³⁵
544 4844 590 4862 s
617 4817 781 4879 Okortular
803 4819 852 4878 des
875 4818 927 4880 12.
951 4818 1005 4878 Jt.
1029 4816 1113 4894 (liber
1135 4815 1343 4891 donationum)
1369 4814 1393 4888 f.
1410 4805 1440 4875 4‘
1464 4818 1506 4874 im
1529 4816 1632 4875 Bestts
1655 4817 1707 4874 der
1729 4815 1937 4873 attremisclrsn
1952 4814 2097 4872 Kirclsea·

534 4924 699 4987 9emeirsdc
720 4942 761 4982 su
781 4924 899 4984 Utreclst
917 4920 979 5001 (0).
1005 4956 1047 4966 -
1069 4921 1235 4981 Chartalur
1256 4938 1312 4980 oue
1336 4919 1401 4979 dem
1425 4920 1512 4978 Foede
1534 4920 1583 4978 des
1606 4923 1659 4981 14.
1676 4919 1746 4978 oder
1761 4916 1886 4991 Ausone
1909 4918 1959 4976 des
1975 4919 2025 4976 15.
2043 4915 2096 4975 dlv.

540 5019 637 5097 (liter
664 5025 831 5104 catenatos)
863 5026 886 5099 f.
910 5020 962 5086 65'
991 5028 1033 5084 im
1064 5026 1266 5087 Stootsorclvio
1294 5042 1335 5083 su
1371 5024 1489 5083 Utrselrt
1520 5022 1589 5101 (uus
1619 5020 1775 5093 Abschrift
1808 5038 1864 5080 oon
1893 5017 1933 5097 0)
1957 5018 2026 5096 (F).
2056 5050 2099 5061 -

540 5125 716 5191 cuntur
744 5132 794 5191 des
821 5134 873 5192 15.
903 5130 956 5191 Jls.
986 5130 1010 5201 s.
1035 5123 1066 5189 3'
1095 5132 1129 5187 ta
1155 5130 1208 5187 der
1242 5126 1596 5187 Universitdtsbttliotlvels
1629 5144 1670 5183 sa
1697 5124 1811 5184 Lsidsa
1846 5116 1914 5200 (aas
1942 5119 2099 5193 Abschrist

543 5245 607 5292 von
629 5234 655 5294 0
711 5233 761 5295 G.

403 5341 428 5387 ⁴⁰
546 5347 639 5414 Hcdo
657 5233 751 5415 lule.)
760 5355 848 5427 episc.
871 5353 1023 5414 Ultroiect.
1040 5354 1115 5425 225,
1138 5351 1404 5411 Reda-Bucbelius
1421 5354 1459 5410 41
1479 5349 1545 5427 (aas
1562 5350 1607 5427 F)
1632 5372 1673 5405 =
1695 5347 1833 5409 Mirassss
1849 5347 1920 5406 DD.
1937 5346 2020 5419 Belo.
2033 5347 2097 5405 250

549 5469 576 5512 0¹
601 5462 628 5529 6,
657 5459 778 5518 Notitio
807 5457 872 5517 eccl.
895 5457 979 5529 Belo.
1003 5458 1043 5516 35
1075 5456 1305 5529 smoollstdadiy,
1330 5455 1624 5527 ostracus-Poppae
1652 5454 1704 5526 Op.
1731 5456 1759 5522 1,
1787 5454 1851 5512 245
1876 5468 1898 5511 c.
1925 5452 1954 5522 6,
1988 5471 2029 5505 =
2052 5448 2095 5507 De

554 5556 655 5621 Ooiatc
677 5561 759 5621 Ano.
784 5564 813 5632 6,
843 5564 907 5621 126
929 5579 969 5619 su
993 5564 1057 5621 777
1078 5566 1112 5617 rs⁰
1133 5565 1162 5631 1,
1193 5581 1235 5614 =
1258 5559 1343 5618 Leon
1365 5558 1483 5618 Aloude
1505 5557 1703 5616 Holloudsclse
1734 5557 1840 5615 dictori
1863 5558 1892 5625 2,
1917 5558 1936 5613 4
1959 5559 1994 5611 πθ
2014 5557 2035 5613 7
2058 5574 2098 5605 =

533 5716 592 5777 llll.
609 5732 632 5794 a)
649 5730 716 5783 dber
735 5736 909 5796 augmentum
927 5727 1024 5781 etarke
1036 5728 1143 5791 Roear,
1163 5727 1293 5781 deduscit
1312 5726 1358 5780 dis
1370 5724 1552 5779 Bucbatobeu
1570 5732 1618 5775 snt
1630 5723 1779 5777 tbsilwes'se
1796 5726 1915 5777 aeretdrt
1986 5722 2013 5787 b)
2031 5722 2100 5787 burg

608 5797 832 5853 woltraclses'nls'clt
855 5797 946 5852 durch
969 5797 1121 5851 Eberhard
1145 5813 1198 5850 voa
1221 5796 1319 5849 Fuldo
1343 5796 1382 5848 im
1400 5793 1644 5861 &commeretur
1669 5793 1719 5846 ma't
1744 5793 1794 5846 der
1818 5790 1982 5860 Fdlecltuap
2002 5789 2098 5843 Mott-

434 5856 461 5901 55
608 5865 701 5922 boclser
719 5870 778 5921 207
792 5869 869 5934 (203)
887 5866 976 5920 durch
995 5867 1095 5921 Rasur
1111 5866 1222 5935 psttlpt5
1252 5865 1314 5918 ciue
1332 5864 1423 5917 Haud
1443 5864 1491 5917 des
1510 5866 1551 5917 15.
1572 5862 1617 5917 Jb.
1635 5866 1797 5932 erpdustcs
1821 5866 1882 5915 dtcr
1901 5862 1995 5923 burce3
2026 5859 2100 5911 aucls

609 5935 642 5989 im
666 5936 918 5991 Dorsuolocrmerlt
941 5936 989 5990 dee
1011 5939 1053 5989 15.
1073 5934 1118 5989 Jlt.
1143 5937 1351 6002 Hamalunburg
1373 5933 1471 5987 warde
1496 5932 1545 5987 der
1568 5932 1663 5986 aweitc
1688 5932 1765 5985 llicit
1811 5946 1839 5985 cs
1869 5928 1978 5985 Wortes
2008 5927 2099 5982 durels

609 6002 702 6060 uuor
719 6006 825 6075 petilpt,
847 6006 886 6059 iat
905 6005 970 6059 aber
992 6006 1064 6058 acob
1082 6003 1223 6058 keuntls'cls
1327 6006 1352 6070 c)
1370 6021 1400 6055 rs
1417 6019 1470 6057 oon
1488 6002 1631 6056 dersclbco
1650 6000 1740 6054 Horvd
1764 6001 1833 6054 tiber
1852 5999 1902 6053 der
1920 5997 1996 6051 Zeila
2013 5996 2097 6051 uaed-

609 6080 742 6145 ruraque.

1889 6170 1940 6220 21·
