5642 7159
674 754 739 818 242
1273 751 1723 814 uslsssosuouuuu.

676 944 759 1009 tavit
782 945 815 1008 in
845 963 933 1031 pago
956 939 1234 1022 Barchinonense,
1270 937 1326 1003 ubi
1350 940 1520 1025 superavit
1547 962 1605 1005 eos
1629 941 1663 1003 in
1685 938 1808 1020 locum,
1843 936 1899 1002 ubi
1924 937 2045 1004 dicitur
2068 937 2122 1003 nd
2143 938 2260 1019 Ponte,
2293 943 2326 1000 et

677 1047 798 1115 occidit
820 1047 861 1114 de
883 1048 950 1112 iam
979 1044 1086 1111 dictos
1109 1043 1258 1109 infideles
1286 1052 1319 1108 et
1342 1043 1430 1130 cepit
1455 1042 1496 1108 de
1519 1044 1601 1129 ipsis
1625 1042 1749 1130 spolia3
1786 1040 1913 1129 aliquid
1939 1040 2060 1108 exinde
2092 1035 2235 1107 dilecto‘l
2257 1038 2325 1104 filio

675 1161 789 1218 nostro
814 1149 941 1232 obtulit,
966 1155 1104 1236 equum⁰
1121 1147 1281 1214 obtimum
1304 1156 1338 1212 et
1352 1146 1473 1213 brunia
1497 1147 1623 1213 obtima
1642 1155 1674 1212 et
1690 1153 1785 1232 spata
1801 1145 1898 1212 India
1921 1167 1995 1211 cum
2013 1146 2110 1213 techa
2132 1146 2173 1212 de
2189 1153 2325 1230 argento

675 1266 803 1344 parata,
828 1265 861 1321 et
882 1255 1025 1340 petierat
1046 1249 1095 1319 ei‘
1115 1253 1148 1318 in
1172 1272 1259 1338 pago
1274 1250 1490 1317 Narbonense
1512 1250 1627 1317 villare
1651 1272 1795 1317 cremum
1818 1250 1862 1316 ad
1885 1248 2103 1317 laborandum
2127 1271 2190 1336 que
2213 1248 2327 1314 dicunt

676 1362 817 1441 Fontes;
840 1358 897 1424 ille
920 1379 999 1424 vero
1016 1357 1107 1423 dedit
1129 1358 1159 1422 ei
1174 1359 1283 1444 ipsum
1306 1354 1423 1421 villare
1440 1365 1473 1421 et
1496 1354 1619 1421 direxit
1634 1376 1709 1420 eum
1732 1353 1776 1419 ad
1791 1375 1863 1420 nos.
1887 1355 2023 1419 Etcum
2046 1353 2089 1419 ad
2103 1375 2164 1419 uos
2180 1353 2328 1418 venisset
2349 1367 2366 1417 o

676 1486 753 1529 cum
776 1465 852 1550 ipsa
874 1462 1025 1549 epistola,
1054 1460 1143 1548 quod
1166 1459 1254 1525 filius
1277 1467 1390 1525 noster
1412 1460 1443 1524 ei
1466 1459 1600 1543 fecerat,
1636 1460 1670 1524 iu
1692 1457 1847 1525 manibus
1878 1459 2001 1524 nostris
2024 1481 2059 1524 se
2082 1455 2327 1522 commendavit

676 1577 709 1634 et
724 1569 841 1655 petivit
864 1567 958 1634 nobis
975 1568 1043 1632 iam
1060 1566 1168 1632 dictus
1184 1565 1290 1631 fidelis
1313 1573 1427 1630 noster
1442 1565 1618 1647 Iohannes,
1642 1573 1678 1629 ut
1698 1563 1806 1649 ipsum
1824 1562 1980 1645 villarem,
2005 1562 2093 1649 quod
2108 1562 2195 1627 filius
2214 1569 2327 1626 noster

676 1673 706 1738 ei
729 1670 875 1754 dederat,
898 1670 1082 1736 concedere
1105 1668 1307 1736 fecissemus.
1330 1670 1400 1736 Nos
1423 1692 1501 1736 vero
1525 1669 1737 1736 concedimus
1760 1668 1790 1732 ei
1812 1668 1921 1754 ipsum
1943 1667 2092 1733 villarem
2115 1688 2190 1733 cum
2212 1686 2326 1732 omnes

677 1797 755 1841 suos
778 1775 935 1840 terminos
957 1773 1009 1840 vel
1032 1774 1253 1861 pertinencias
1270 1796 1347 1840 suas
1371 1773 1413 1839 ab
1437 1776 1586 1858 integross
1608 1782 1641 1838 et
1664 1781 1822 1859 quantum
1844 1772 1899 1838 ille
1922 1794 1996 1838 cum
2019 1770 2168 1838 homines
2192 1793 2269 1838 suos
2292 1772 2326 1835 iu

676 1878 754 1945 villa
781 1879 1026 1945 Fonteioncosa
1053 1879 1230 1965 occupavit
1257 1878 1310 1943 vel
1340 1879 1553 1965 occupaverit
1581 1876 1634 1942 vel
1664 1876 1705 1942 de
1732 1875 1864 1942 heremo
1893 1877 2034 1943 traxerit
2061 1875 2114 1942 vel
2149 1876 2236 1941 iufra
2265 1895 2324 1940 suo
2350 1892 2383 1941 10

676 1983 814 2048 termino
844 1981 895 2047 vel
919 1983 952 2047 in
975 1981 1050 2047 aliis
1072 1981 1154 2048 locis
1176 1981 1230 2047 vel
1252 1981 1340 2046 villis
1364 2003 1423 2047 seu
1452 1980 1585 2046 villares
1609 1980 1822 2068 occupaverit
1844 1979 1897 2046 vel
1925 1980 2089 2066 aprisioue
2112 1980 2226 2045 fecerit
2248 2000 2324 2045 cum

677 2086 825 2152 homines
849 2108 940 2152 suos.
978 2086 1050 2151 Hec
1074 2086 1184 2151 omnia
1206 2086 1416 2152 concedimus
1440 2086 1470 2151 ei
1493 2107 1552 2172 per
1573 2093 1721 2150 nostram
1745 2081 1989 2168 donationem¹²‚
2016 2092 2053 2148 ut
2075 2082 2196 2149 habeat
2217 2082 2273 2148 ille
2293 2091 2326 2147 et

677 2191 856 2276 posteritas
883 2213 944 2256 sua
969 2189 1095 2276 absque
1117 2189 1220 2256 ullum
1243 2211 1379 2256 censum
1402 2199 1463 2255 aut
1478 2190 1715 2276 inquietudine,
1740 2187 1818 2254 dum
1840 2211 1902 2255 nos
1923 2198 1981 2255 aut
2002 2189 2061 2254 tilii
2084 2188 2188 2255 nostri
2211 2187 2324 2254 fideles

678 2293 856 2359 extiterint.
880 2294 924 2359 Et
939 2301 976 2357 ut
998 2291 1094 2359 haec¹
1116 2293 1298 2359 auctoritas
1313 2292 1438 2359 firmior
1459 2292 1630 2377 habeatur,
1655 2293 1696 2360 de
1712 2293 1820 2359 anulo
1833 2303 1946 2360 nostro
1964 2293 2077 2359 subter
2100 2292 2324 2379 sigillavimus.

782 2435 839 2511 (0.)
864 2430 1055 2498 Gilabertus
1078 2432 1229 2498 advieem
1251 2432 1380 2498 Radoni
1403 2434 1597 2518 recognovit
1620 2441 1653 2499 et
1676 2434 1819 2521 scripsit.
2352 2450 2385 2498 1⁵

781 2571 871 2637 Data
893 2572 927 2637 in
949 2593 1062 2636 mense
1078 2573 1201 2637 marcio
1225 2593 1310 2637 auno
1326 2589 1399 2635 xxv
1424 2581 1457 2638 et
1471 2590 1561 2636 xvm
1583 2574 1674 2658 regni
1698 2573 1817 2655 uostri3
1844 2581 1954 2638 actum
1978 2573 2180 2660 Aquisgrani
2203 2571 2327 2660 palatio

678 2684 810 2759 nostro;
834 2677 868 2740 in
892 2675 944 2741 dei
967 2675 1098 2742 nomine
1121 2674 1259 2741 feliciter
1281 2697 1387 2742 amen.

1468 2954 1555 3030 180.

679 3114 776 3186 Karl
802 3116 866 3186 ἄεν
889 3112 1016 3186 Grosse
1042 3114 1181 3185 schenkl
1198 3117 1275 3187 dem
1293 3115 1439 3189 Klostcr
1464 3115 1599 3187 Priim
1626 3117 1682 3189 die
1709 3139 1774 3188 oen
1793 3115 1864 3187 Abs
1882 3115 1999 3189 Assar
2025 3117 2078 3188 ola
2097 3119 2329 3189 motterliclves

679 3236 819 3328 Erbput
846 3235 1119 3327 beousprucbtcu
1152 3234 1267 3308 Villae
1294 3237 1471 3309 Louriooo
1507 3239 1583 3309 und
1612 3236 1749 3311 Ootioco
1776 3240 1814 3310 iu
1841 3237 1976 3328 nepos,
2018 3263 2084 3312 oon
2110 3241 2220 3311 deuon
2247 3238 2330 3310 aber
2352 3262 2387 3313 so

680 3359 843 3430 erwiesea
869 3359 1009 3430 worden
1034 3380 1121 3443 war,
1151 3361 1233 3430 does
1259 3360 1309 3430 sie
1335 3359 1532 3452 Kduipsput
1558 3360 1660 3431 sciere.

1843 3482 1964 3541 Aaenen
1986 3485 2051 3544 797
2071 3485 2212 3542 Februor
2234 3486 2285 3543 17.

783 3667 939 3741 Aeschrist
966 3670 1017 3729 dcs
1048 3672 1099 3730 12.
1124 3669 1178 3732 Jls.
1206 3671 1250 3728 im
1272 3669 1403 3730 Prtmer
1427 3670 1591 3731 Chortclor
1619 3670 1706 3750 (liber
1728 3669 1852 3751 oureus)
1881 3673 1915 3731 ia
1942 3672 1995 3732 ἄεν
2017 3672 2262 3734 Stadtbibliotlvelc
2289 3692 2330 3733 au

787 3774 874 3833 Tricr
896 3770 956 3849 (0).

783 3912 920 3972 Murteae
945 3911 1016 3973 0011.
1039 3917 1070 3983 1,
1094 3916 1133 3973 51
1160 3930 1195 3972 ca
1217 3918 1295 3977 cort.¹
1314 3915 1421 3976 Pram.
1447 3913 1500 3994 (O)
1532 3937 1573 3970 -..-.
1602 3916 1763 3975 Hoatlrcs'm
1787 3917 1867 3978 Hist.
1894 3915 2148 3988 Trevir.1,144
2177 3923 2211 3977 νῦ
2225 3922 2264 3979 61
2291 3943 2331 3973 =
2356 3931 2391 3981 25

785 4017 888 4091 Miyne
915 4016 1029 4078 Potrol.
1052 4020 1105 4088 37,
1135 4019 1221 4079 1068
1242 4024 1277 4076 εν
1290 4022 1341 4079 19.
1374 4051 1416 4060 -
1444 4017 1541 4092 cher
1569 4017 1761 4080 Mittclrlveia.
1798 4020 1863 4082 ΠΒ.
1886 4025 1916 4095 1,
1948 4023 1986 4080 41
2013 4027 2047 4079 a⁰
2066 4025 2109 4082 37
2135 4040 2192 4082 oua
2223 4020 2256 4083 0.
2288 4056 2328 4067 -

785 4121 979 4180 Mithlbacter
1000 4122 1074 4194 Rco.
1098 4123 1161 4183 335
1186 4120 1285 4201 (326).

785 4261 844 4320 Dic
858 4261 989 4335 Arosape,
1013 4263 1078 4321 cine
1097 4263 1347 4337 Ucberorbeitanp
1369 4263 1423 4322 ἄεν
1436 4261 1559 4336 Areopa
1580 4281 1621 4322 aa
1635 4263 1738 4324 Foam.
1756 4263 1939 4336 MoreulfiI,
1964 4269 2015 4336 13,
2039 4265 2084 4326 M.
2101 4265 2139 4328 G.
2155 4266 2258 4327 Form.
2277 4269 2329 4338 51,

786 4387 828 4419 =
850 4371 885 4423 n⁰
899 4366 951 4436 15,
982 4365 1035 4424 ἄεν
1059 4366 1141 4438 Text,
1170 4385 1241 4426 aum
1264 4366 1384 4428 Schluaa
1407 4369 1462 4427 mit
1485 4368 1667 4440 Beaataanq
1689 4367 1742 4426 ἄεν
1765 4367 1904 4427 Formcla
1927 4367 1983 4442 sstr
2005 4368 2225 4445 Salonianum,
2254 4370 2329 4431 aelb-

784 4470 906 4544 standip
933 4470 1070 4544 stilisirt5
1107 4472 1149 4529 im
1180 4472 1254 4531 Tv'tel
1281 4470 1387 4544 dorfte
1415 4488 1448 4532 eo
1477 4471 1617 4548 patricius
1639 4473 1831 4532 Romanorum
1859 4471 2046 4547 auspesoltea
2074 4476 2147 4545 aeia,
2183 4475 2248 4546 dos,
2277 4477 2328 4534 ab·
2353 4492 2387 4542 30

782 4573 907 4648 peselum
929 4591 985 4633 von
1006 4579 1041 4632 n⁰
1054 4577 1119 4634 128
1141 4575 1205 4634 aad
1227 4578 1300 4646 196,
1323 4578 1379 4635 seit
1403 4579 1466 4638 776
1488 4576 1641 4649 scandice
1666 4577 1750 4636 fllacil
1771 4577 1821 4636 des
1840 4578 1929 4638 Titels
1952 4580 2001 4638 ist.
2029 4579 2088 4638 Die
2108 4580 2186 4639 Villa
2204 4579 2328 4641 θεᾶεεο

786 4695 850 4737 war
871 4695 926 4736 aon
949 4677 1048 4737 Αεοαν
1069 4679 1158 4738 sciron
1181 4683 1245 4739 777
1266 4696 1306 4737 aa
1321 4680 1418 4768 Bretm
1440 4681 1558 4754 veryabt
1580 4679 1708 4753 νεονᾶενι,
1732 4679 1829 4755 Beycr
1844 4680 1862 4740 l.
1878 4698 1902 4739 c.
1919 4686 1949 4752 1,
1973 4685 2016 4742 38
2030 4689 2065 4741 νο
2078 4686 2129 4744 34.
2159 4684 2251 4745 Ucbcr
2273 4684 2330 4745 dea

787 4781 851 4840 bier
872 4781 937 4841 aad
957 4783 991 4840 in
1014 4782 1070 4841 dea
1093 4780 1252 4856 solpeadea
1279 4783 1444 4844 ortanam
1467 4781 1710 4862 (n0181-183)
1734 4783 1944 4857 oustretcndea
1965 4787 2250 4862 Rccbnunpsfebler,
2280 4789 2332 4848 ἄεν

787 4886 835 4944 dic
857 4885 1061 4946 italicniacbea
1083 4887 1353 4960 Repieraaysybhrc
1375 4906 1428 4946 am
1449 4892 1472 4949 2
1492 4908 1533 4948 cu
1555 4889 1626 4950 bocla
1647 4893 1772 4960 onsetat,
1798 4888 1893 4950 Siclccl
1920 4890 1984 4951 UL.
2006 4893 2081 4953 252.

787 5072 934 5138 Karolus
968 5075 1077 5159 gratia
1110 5074 1162 5140 dei
1191 5098 1252 5140 rex
1279 5076 1483 5141 Francorum
1512 5087 1545 5141 et
1570 5076 1879 5164 Langobardorum.
1985 5079 2151 5167 Quicquid
2180 5083 2266 5149 enim
2295 5083 2329 5148 in
2352 5102 2385 5152 oo

683 5188 796 5243 nostra
826 5177 880 5243 vel
902 5199 1076 5264 procerum
1105 5189 1293 5246 nostrorum
1322 5182 1509 5267 praesentia
1532 5191 1621 5247 recto
1650 5183 1782 5247 tramite
1811 5184 1920 5268 agitur
1948 5206 1988 5250 ac
2017 5185 2102 5250 iuste
2125 5187 2330 5267 terminatur,

685 5291 815 5368 oportet
838 5290 973 5368 propter
995 5283 1179 5349 futurorum
1203 5283 1372 5350 bominum
1395 5287 1554 5352 noticiam
1578 5308 1636 5373 per
1659 5287 1897 5372 scripturarum
1915 5289 2032 5353 seriem
2054 5286 2221 5374 roborare,
2245 5292 2330 5356 utin

682 5387 892 5472 postmodum
915 5388 986 5452 iure
1011 5389 1197 5454 firmissimo
1221 5398 1355 5454 maneat
1377 5390 1617 5456 inconvulsum.
1645 5390 1791 5477 Ideoque
1814 5401 1928 5458 uotum
1953 5393 1994 5458 sit
2018 5395 2161 5459 omnium
2185 5394 2331 5460 fidelium

683 5500 873 5557 nostrorum
897 5493 1116 5578 magnitudini
1139 5495 1362 5581 praesentium
1387 5495 1514 5561 scilicet
1544 5506 1576 5562 et
1598 5498 1793 5581 futurorum,
1829 5498 1971 5584 qualiter
1992 5497 2153 5564 Ascanius
2177 5499 2265 5565 abba
2289 5523 2332 5565 ex

682 5596 881 5661 monasterio
899 5598 1004 5662 sancti
1021 5596 1214 5683 Salvatoris,
1238 5600 1327 5686 quod
1343 5599 1483 5667 domnus
1500 5609 1532 5666 et
1546 5603 1675 5687 genitor
1690 5611 1802 5668 noster
1816 5611 1934 5668 sancta
1951 5602 2157 5668 recordatio·
2171 5604 2329 5690 Pippinus
2353 5621 2387 5670 40

684 5698 851 5783 quondam
873 5700 1129 5784 gloriosissimus
1163 5727 1224 5769 rex
1255 5713 1288 5770 et
1318 5704 1439 5771 domna
1473 5727 1513 5770 ac
1541 5707 1685 5790 genitrix
1715 5716 1830 5772 nostra
1863 5705 1951 5772 bona
1980 5708 2141 5772 memoria
2168 5707 2331 5774 Bertrada

760 5885 820 5941 170.
838 5888 865 6021 dp
875 5889 1014 6024 (pupilsctp
1026 5889 1082 6011 BR
1122 5891 1148 5956 c)
1164 5907 1243 5957 aqum
1256 5889 1283 5944 B
1352 5891 1581 5958 OpeteratsisB
1650 5893 1677 5959 g)
1696 5895 1801 5960 integre
1814 5893 1841 5945 B
1910 5895 1939 5962 b)
1957 5899 2077 5947 nostrum
2094 5895 2216 5947 douitum
2234 5893 2262 5948 B

837 5976 847 6009 r
929 5976 954 6009 m
973 5976 990 6008 v
1007 5975 1036 6010 ro
1081 5995 1090 6014 .

762 6059 820 6116 18⁰.
840 6063 866 6129 a)
884 6065 1015 6114 recoratio
1035 6060 1058 6115 G
