5642 7159
1223 643 1374 703 PIPPIN
1397 638 1469 704 768.
2123 635 2165 702 37

520 851 638 902 additum
655 857 735 916 atque
751 849 905 917 dilegatum,
929 865 978 900 nec
994 848 1027 899 ad
1050 863 1145 899 causas
1160 845 1321 898 audiendum
1345 862 1394 898 nec
1409 846 1444 897 ad
1459 845 1627 897 fideiussores
1641 845 1788 896 tollendum
1804 860 1853 896 nec
1868 846 1902 897 ad
1916 846 1993 898 ireda
2007 844 2166 913 erigendum

519 972 569 1007 nec
583 954 618 1007 ad
632 955 779 1005 mansionis
800 954 949 1005 laciendum
965 969 1015 1005 nec
1029 958 1137 1018 paratas
1152 969 1201 1004 nec
1216 951 1305 1002 nullae
1320 951 1507 1004 redebntiones
1521 949 1708 1017 requirendum
1722 950 1861 1017 ingredere
1876 966 1926 1002 nec
1940 952 2046 1016 exigere
2061 965 2166 1016 quoqne

519 1066 636 1126 tempora
651 1059 758 1125 penitus
772 1074 827 1110 non
843 1063 1036 1124 praesumatur,
1051 1058 1103 1107 nisi
1118 1056 1245 1124 quioquid
1260 1055 1340 1107 fiscus
1354 1061 1445 1107 noster
1459 1055 1554 1108 exinde
1569 1058 1687 1122 potnerit
1701 1072 1815 1122 sperare,
1831 1058 1920 1108 omnia
1934 1061 1962 1109 et
1976 1072 2008 1108 ex
2023 1047 2167 1108 omnibus⁰

521 1161 569 1230 pro
598 1162 726 1214 mercedis
757 1163 840 1212 nostri
870 1161 1048 1228 conpendium
1076 1177 1135 1212 cnm
1165 1162 1250 1212 omnis
1279 1160 1370 1212 iredus
1392 1159 1427 1211 ad
1449 1162 1582 1228 integrum
1610 1156 1737 1213 sibimet¹³
1765 1178 1916 1226 concessus,
1944 1167 1975 1213 nt
1996 1161 2096 1213 dictum
2118 1166 2166 1225 est,

481 1269 497 1317 6
520 1269 653 1332 inspectae
683 1268 756 1332 ipsas
784 1267 986 1332 praeceptiones
1016 1267 1179 1316 anteriorum
1207 1281 1297 1332 regum
1320 1282 1337 1314 s
1359 1265 1402 1317 vel
1425 1266 1502 1315 iuxta
1522 1266 1594 1331 quod
1624 1280 1750 1333 praesens
1778 1273 1870 1318 nostra
1893 1271 2034 1318 contenere
2060 1265 2167 1317 videtur

520 1373 672 1435 auctoritas,
703 1372 831 1438 quicquid
853 1373 911 1437 ipse
934 1376 1043 1421 sauctus
1066 1371 1142 1421 locus
1164 1371 1199 1421 ad
1222 1370 1264 1421 die
1295 1375 1442 1435 praesente,
1471 1374 1503 1419 ut
1524 1369 1648 1431 diximus,
1675 1370 1774 1421 habere
1803 1370 1909 1421 videtur
1938 1386 2017 1437 quam
2045 1367 2117 1436 qnod
2139 1371 2168 1420 in

522 1475 690 1542 postmodum
713 1474 794 1526 adso
816 1475 972 1526 timentibus
988 1474 1141 1525 hominibus
1164 1474 1206 1525 vel
1222 1489 1239 1524 a
1252 1474 1331 1525 nobis
1353 1473 1453 1524 ibidem
1474 1474 1556 1524 inerit
1577 1472 1696 1523 additum
1719 1473 1762 1525 vel
1777 1474 1912 1524 conlatum
1934 1490 1982 1526 seu
1997 1474 2166 1540 quibuscum·

520 1595 572 1646 que
594 1581 663 1632 inste
687 1584 713 1631 et
731 1578 931 1631 racionabiliter
952 1594 1013 1629 curn
1036 1594 1114 1630 omne
1137 1580 1290 1630 substantia
1311 1593 1361 1629 sna
1384 1577 1419 1628 ad
1441 1579 1499 1643 ipso
1522 1579 1682 1628 monasterio
1705 1593 1734 1629 se
1756 1577 1899 1630 tradederit
1922 1584 1950 1629 et
1970 1593 2013 1630 res
2035 1592 2098 1629 suaa
2120 1594 2168 1644 per

519 1683 646 1750 legitema
674 1685 851 1735 instrumenta
879 1683 978 1734 ibidem
1002 1683 1164 1750 delegaverit
1186 1682 1229 1733 vel
1252 1681 1404 1745 firmaverit,
1427 1681 1478 1732 sub
1500 1682 1606 1747 integra
1626 1681 1773 1733 emunitate
1795 1680 1830 1732 ad
1851 1681 1895 1733 die
1916 1687 2056 1747 praesente
2078 1681 2168 1733 valeat

466 1787 500 1836 10
522 1787 643 1840 resedere
665 1789 771 1854 quietus
793 1791 873 1854 etque
897 1803 1020 1852 securus3
1049 1791 1082 1850 et,
1106 1791 1137 1837 ut
1159 1787 1257 1837 dictum
1281 1791 1329 1848 eat
1351 1784 1479 1851 quicquid
1502 1783 1597 1835 exinde
1615 1784 1727 1836 forsitan
1749 1784 1828 1837 fiscus
1851 1791 1941 1838 noster
1963 1802 2069 1852 sperare
2091 1791 2168 1852 potu·

521 1886 606 1954 erati,
630 1893 658 1941 in
680 1892 859 1942 luminaribus
880 1891 925 1943 vel
946 1877 979 1941 in
1003 1891 1143 1956 stipendiis
1173 1906 1220 1941 seu
1243 1895 1269 1941 et
1284 1890 1313 1939 in
1336 1889 1471 1940 alimoniis
1493 1903 1642 1955 pauperum
1663 1890 1748 1954 ipsius
1766 1881 1924 1941 ‘monasterii
1946 1892 2098 1956 perenniter
2119 1905 2167 1956 pro

520 1997 618 2047 nostris
647 1994 764 2046 oraculis
792 1995 827 2046 ad
850 1997 982 2062 integrum
1006 1997 1034 2045 in
1061 1995 1152 2046 omnia
1173 1999 1200 2046 et
1222 2009 1254 2045 ox
1285 1993 1408 2044 omnibus
1431 1994 1467 2042 eit
1494 2009 1648 2045 concessum
1671 1999 1751 2059 atque
1773 1992 1914 2057 indultum,
1942 1999 1974 2044 nt
1995 1987 2052 2046 eis‘
2073 1994 2168 2046 melius

521 2098 630 2151 dilectet
644 2114 693 2164 pro
709 2098 856 2150 stabilitate
872 2099 948 2165 regni
962 2101 1047 2150 nostri
1063 2098 1105 2149 vel
1120 2108 1170 2164 pro·
1184 2099 1296 2165 quietim
1311 2096 1478 2163 quibuslibet
1492 2099 1596 2149 cunctis
1610 2097 1697 2149 lendis
1712 2103 1818 2149 nostros
1839 2098 1940 2149 domini
1961 2098 2168 2150 misericordiam

521 2203 657 2255 adtentius
679 2204 848 2270 depraecare.
870 2201 907 2253 Et
921 2207 953 2252 ut
966 2202 1033 2254 haec
1048 2204 1194 2254 auctoritas
1216 2203 1314 2253 nostris
1332 2207 1359 2254 et
1373 2202 1473 2253 futuris
1495 2202 1659 2267 temporibus
1675 2202 1746 2253 circa
1759 2203 1818 2268 ipso
1834 2207 1927 2254 sancto
1943 2202 2003 2254 loco
2018 2205 2169 2268 perenniter

466 2309 499 2356 15
522 2307 598 2359 firma
619 2314 647 2360 et
672 2309 803 2360 inviolata
828 2313 983 2375 permaneat
1011 2307 1054 2359 vel
1082 2322 1130 2374 per
1160 2310 1280 2372 tempora
1308 2305 1394 2357 inlesa
1423 2306 1590 2357 custodiatur
1617 2310 1698 2372 atque
1726 2312 1898 2358 conservetur
1927 2312 1954 2358 et
1982 2308 2016 2358 ab
2044 2308 2168 2359 omnibns

520 2412 623 2465 indices
644 2413 740 2466 melius
763 2413 894 2476 credatur,
917 2415 1026 2478 proprie
1047 2427 1128 2462 manu
1150 2412 1324 2462 annotatione
1347 2409 1498 2461 staduimus
1521 2410 1688 2461 adumbrare.

623 2554 638 2638 ξ
660 2553 797 2640 Signum
820 2559 886 2632 (ll.)
908 2553 1040 2638 Pippiui
1063 2551 1291 2637 gloriosissimi
1315 2553 1411 2636 regis.
1435 2553 1449 2638 ξ

625 2677 683 2753 (6.)
705 2673 719 2756 ξ
740 2672 910 2740 Hitbcrius
934 2674 1110 2759 recognovi
1134 2682 1166 2738 et
1188 2677 1202 2758 ξ
1224 2677 1292 2752 (Sil.
1315 2678 1401 2752 NT).
1426 2677 1482 2751 (Sl.
1506 2678 1555 2751 D.)

627 2811 716 2877 Data
737 2834 824 2879 nono
847 2812 915 2877 lral.
940 2810 1085 2877 octobris
1113 2832 1200 2877 anno
1223 2827 1299 2877 xvll
1323 2810 1457 2898 [regni]·
1484 2815 1604 2897 nostri3
1633 2822 1744 2879 actum
1767 2813 1800 2877 in
1823 2814 1895 2896 ipso
1924 2811 2169 2895 m[ona]aterio¹

466 2931 500 2980 20
523 2917 627 2982 sancti
649 2916 800 2982 Dionisii.

1313 3211 1374 3284 27.

523 3369 656 3463 Pippin
688 3369 866 3464 ribertrc'ipt
898 3372 1027 3442 seiocm
1053 3371 1200 3463 Kopion
1234 3372 1309 3442 und
1342 3369 1568 3462 Erzpriestcr
1601 3367 1775 3441 Fulrad
1806 3392 1873 3441 oon
1905 3391 2027 3440 necem
2058 3367 2170 3440 Gliter

523 3493 571 3562 im
598 3489 724 3563 Elaeos
749 3493 824 3564 uod
854 3489 1020 3564 Orienou.

1610 3611 1654 3674 St.
1679 3610 1773 3672 Deoia
1797 3615 1861 3673 768
1885 3612 2052 3686 September
2074 3615 2125 3674 23.

470 3813 503 3861 25
633 3802 769 3877 Oripiuol
790 3805 833 3863 im
855 3803 1103 3863 Nationulorcbiv
1123 3823 1164 3862 su
1186 3804 1276 3863 Paris
1301 3802 1365 3882 (A).

629 3941 778 4001 Mubilloo
799 3940 846 4001 De
873 3958 905 4001 re
926 3941 999 4016 dipl.
1023 3945 1085 4003 495
1108 3949 1142 4000 n⁰
1165 3947 1208 4003 17
1230 3961 1286 4002 uus
1310 3943 1336 4002 A
1367 3964 1408 3997 =
1440 3941 1569 4002 Germou
1591 3942 1638 4002 De
1665 3946 1719 4003 oet.
1743 3943 1816 4016 dipl.
1843 3947 1871 4012 1,
1895 3945 1959 4002 325
1981 3947 2015 4000 n⁰
2039 3947 2067 4011 1,
2097 3941 2170 4000 Dis·

628 4049 700 4118 cept.
717 4045 789 4120 dipl.
803 4049 866 4106 116
888 4051 923 4104 n⁰
937 4052 967 4117 1,
992 4067 1032 4100 =
1055 4046 1193 4122 Bouquct
1210 4050 1239 4117 5,
1264 4049 1327 4107 708
1349 4051 1384 4104 o⁰
1398 4050 1450 4117 17,
1475 4068 1515 4101 =
1538 4047 1651 4106 Lorscu
1674 4046 1738 4106 aad
1760 4045 1904 4107 Sclirodcr
1931 4045 2002 4105 Urit.
2027 4048 2057 4105 2.
2073 4044 2110 4102 A.
2129 4047 2170 4105 18

628 4154 663 4206 o⁰
684 4150 737 4212 30.
767 4181 809 4195 —
838 4149 973 4210 Felibien
995 4150 1075 4211 Hist.
1100 4151 1136 4210 de
1159 4151 1201 4214 St.
1225 4150 1327 4226 Deoys
1344 4169 1395 4225 pr.
1420 4155 1462 4212 30
1484 4158 1519 4211 n⁰
1542 4155 1582 4211 41
1606 4169 1662 4211 aus
1684 4151 1722 4210 A.
1755 4184 1791 4194 -
1826 4149 2010 4210 Groudidier
2032 4150 2112 4209 Hist.
2136 4148 2172 4207 dc

631 4251 810 4328 sirascoorp
831 4247 875 4324 2⁶,
905 4257 946 4315 99
968 4259 1003 4312 o⁰
1025 4257 1068 4315 68
1089 4255 1194 4314 ousA
1226 4278 1266 4309 =
1296 4256 1399 4329 Mipne
1421 4254 1535 4315 Petrei.
1559 4258 1610 4326 96,
1635 4258 1720 4316 1570
1741 4260 1776 4313 u⁰
1798 4257 1850 4314 89.
1879 4286 1918 4296 -
1953 4251 2066 4324 Tardis
2085 4252 2169 4310 Mon.

633 4357 701 4417 bist.
725 4360 766 4418 19
788 4364 823 4415 n⁰
838 4361 878 4418 60
906 4375 963 4418 aus
986 4359 1013 4416 A
1036 4380 1078 4414 =
1101 4358 1237 4418 Albreclsl
1259 4359 1479 4432 Rappollslein.
1508 4359 1573 4421 ΠΒ.
1599 4363 1626 4430 1,
1651 4361 1672 4419 2
1694 4357 1914 4430 uurollstcindiy
1937 4354 2004 4435 (mit
2027 4354 2171 4416 Collatino

629 4477 686 4520 aas
709 4459 760 4538 A).
797 4494 837 4505 -
873 4460 1077 4538 Sclsristprode
1108 4462 1237 4542 (Booten
1266 4463 1320 4522 der
1347 4463 1489 4525 zio-tande
1518 4463 1583 4522 und
1604 4459 1802 4540 Eschotolcoll)
1831 4463 1885 4520 mit
1914 4459 2171 4535 Siepelobbildunp

629 4564 779 4624 Modillon
801 4564 849 4624 De
870 4583 903 4625 re
924 4565 996 4641 dipl.
1020 4568 1084 4627 386
1106 4571 1128 4626 t.
1153 4569 1194 4627 23
1215 4573 1249 4625 n⁰
1274 4570 1302 4626 1.
1326 4599 1368 4610 ·—
1391 4566 1587 4627 Memento
1608 4566 1681 4641 Περ.
1705 4569 1768 4627 109
1792 4564 1891 4645 (106).

633 4702 720 4763 (imis
741 4720 797 4764 von
819 4703 976 4766 Hitlun‘us
996 4705 1191 4780 essetecum,
1217 4703 1277 4780 frti
1298 4705 1428 4766 stillant.

630 4893 688 4971 (0.)
710 4891 725 4975 ξ
745 4891 906 4979 Pippinus
933 4915 994 4959 rex
1021 4892 1228 4958 Francorum
1256 4893 1305 4958 vir
1338 4893 1478 4959 inluster
1504 4891 1518 4978 ξ
1547 4891 1699 4959 omnibus
1722 4895 1888 4980 episcopis
1912 4891 2090 4958 abbatibus
2114 4916 2171 4959 seu

468 5007 503 5057 35
527 4993 704 5060 comitibus
720 4994 773 5060 vel
788 4995 980 5081 proceribus
1002 4997 1125 5062 nostris
1140 5005 1240 5083 atque
1262 4998 1409 5063 missisa
1429 4997 1553 5082 palatio
1571 5005 1685 5062 nostro
1706 4997 1828 5083 ubique
1851 4996 2121 5063 discurrentibus.

527 5098 571 5162 Et
600 5099 677 5184 quia
706 5120 765 5185 per
793 5097 845 5164 dei
871 5098 1131 5166 misericordium
1158 5122 1261 5186 regna
1288 5111 1395 5167 terrae
1426 5101 1609 5187 gubernare
1637 5099 1796 5182 videmur,
1829 5110 1958 5186 oportet
1987 5123 2027 5166 es
2055 5103 2089 5166 in
2119 5101 2170 5166 dei

527 5204 657 5268 nomine
680 5203 902 5270 indesinenter
924 5205 1136 5292 perpendere,
1165 5215 1327 5291 quatenns
1351 5205 1482 5270 illorum
1504 5215 1621 5272 nostre
1643 5206 1835 5293 propitiatio
1858 5215 2002 5288 tueatur,
2032 5227 2171 5292 quorum

527 5304 624 5373 nobis
648 5305 835 5373 sollicitudo
852 5309 1029 5373 commissa
1045 5330 1119 5375 esse
1134 5309 1274 5393 videtur,
1298 5309 1439 5395 qualiter
1455 5317 1487 5374 et
1502 5309 1577 5393 iilis,
1601 5311 1656 5395 qui
1679 5311 1857 5374 munimine
1879 5310 2037 5394 indigent,
2061 5310 2172 5376 defen·

527 5411 644 5477 damus
659 5422 759 5499 atque
774 5421 865 5478 recto
882 5415 1012 5478 tramite
1031 5424 1261 5480 sustentemus.
1286 5414 1370 5480 Nam
1387 5416 1419 5479 in
1436 5414 1488 5479 his
1505 5415 1681 5500 praecipue
1696 5414 1802 5479 honor
1812 5410 1929 5480 noster
1951 5415 2173 5483 indesinenter

470 5533 505 5582 so
528 5515 711 5582 clarescere
734 5514 841 5599 debet,
865 5517 1009 5602 quinon
1034 5517 1141 5582 solum
1162 5516 1259 5583 fidem
1284 5517 1444 5583 inlaesam
1468 5541 1546 5603 erga
1568 5540 1630 5582 nos
1654 5520 1686 5584 in
1710 5518 1861 5584 omnibns
1877 5518 1938 5583 visi
1962 5528 2040 5584 sunt
2062 5529 2172 5584 custo·

526 5618 624 5694 disse,
648 5619 707 5685 sed
730 5619 828 5684 etiam
851 5619 1080 5685 assiduitatem
1105 5623 1226 5686 servitii
1251 5623 1329 5687 totis
1352 5622 1477 5688 viribus
1500 5624 1533 5687 in
1555 5621 1651 5687 nobis
1673 5644 1738 5687 non
1762 5631 1896 5688 cessent
1918 5623 2107 5709 inpendere.
2129 5625 2173 5688 Et

525 5723 600 5789 ideo
623 5733 713 5790 recte
736 5745 809 5790 esse
831 5745 1013 5807 censemus,
1038 5733 1074 5789 ut
1094 5726 1149 5810 qui
1167 5724 1247 5789 talia
1268 5747 1424 5791 exercere
1447 5735 1629 5791 noscuntur
1652 5736 1685 5790 et
1699 5727 1821 5791 nostris
1844 5727 2047 5812 temporibus
2071 5728 2172 5792 vitam

619 5911 661 5966 20.
679 5911 875 6052 ppopynpinpxtB
979 5914 1007 5979 p)
1024 5913 1142 5967 simetB
1245 5915 1361 5981 qloorr.
1375 5928 1429 5967 aus
1448 5917 1565 5981 potnerit
1667 5914 1691 5984 r)
1713 5915 1780 5980 VU„
1798 5913 1896 5968 einsB
1999 5919 2023 5983 s)
2039 5915 2117 5970 Loca
2135 5916 2173 5967 iss
