5642 7159
723 618 789 684 484
1330 617 1766 678 Kusussuuruunurs.

724 809 836 892 sociis,
860 808 901 874 de
924 828 1037 872 eorum
1060 804 1196 892 praedio
1220 814 1253 870 et
1275 804 1455 871 facultates
1477 806 1549 891 ipse
1563 805 1657 870 locus
1681 813 1816 872 sanctus
1832 805 1956 872 ditatus
1980 805 2110 872 etbene
2133 803 2307 871 fundatus
2323 802 2395 868 fuit

728 922 761 979 et
782 922 834 979 est
855 910 900 998 [et
914 906 1152 994 conceden1teb
1174 908 1308 974 domiuo
1324 909 1387 974 erit
1408 911 1442 973 in
1465 918 1670 996 perpetuum,
1694 909 1742 975 ita
1764 932 1850 975 nune
1873 912 1907 975 in
1923 911 1975 976 dei
1998 912 2130 977 nomine
2154 910 2221 976 deo
2242 916 2393 974 sacrata

724 1013 910 1103 Christique
934 1037 1063 1101 semper
1085 1013 1207 1080 devota
1223 1011 1381 1097 Gbysela,
1405 1010 1612 1080 nobilissima
1634 1013 1722 1099 regis
1745 1013 1814 1078 filia
1829 1014 1959 1101 Pippini
1982 1023 2016 1080 et
2030 1014 2238 1080 Bertredane
2261 1014 2390 1098 regine

724 1121 812 1204 olim,
846 1141 905 1206 pro
930 1119 982 1185 dei
1012 1118 1131 1184 intuitu
1155 1127 1189 1183 et
1218 1115 1381 1182 desiderio
1405 1115 1559 1183 caelestis
1588 1118 1680 1201 regni
1704 1126 1738 1182 et
1766 1119 1875 1183 anime
1897 1139 2013 1204 maeae
2039 1117 2183 1184 remedio
2207 1116 2390 1183 donamus

723 1225 766 1291 ad
789 1227 897 1311 ipsum
920 1232 1070 1289 sanctum
1087 1221 1196 1288 locum
1219 1220 1443 1308 donatumque
1458 1220 1711 1308 praesentaliter
1733 1222 1985 1305 essevolumus,
2009 1225 2194 1288 sicutenim
2214 1221 2389 1289 admonet
2411 1240 2428 1288 o

722 1352 783 1395 nos
807 1337 924 1395 sancta
947 1327 1121 1414 scriptura,
1155 1335 1191 1392 ut
1212 1326 1322 1409 homo,
1351 1325 1429 1391 dum
1451 1328 1534 1391 vivit
1557 1326 1591 1391 iu
1616 1349 1764 1414 corpore,
1793 1327 1917 1412 cogitet
1940 1326 1980 1393 de
2004 1327 2199 1392 aeternitate
2222 1328 2308 1410 vite,
2347 1337 2388 1394 ut

723 1435 764 1501 de
787 1433 977 1498 transitoria
992 1439 1156 1496 mercetur
1178 1438 1321 1504 aeterna,
1346 1429 1479 1495 domino
1502 1429 1633 1496 dicente
1656 1432 1689 1494 in
1713 1429 1903 1516 evangelio:
1926 1431 2053 1513 ,Facite
2077 1430 2171 1496 vobis
2193 1430 2385 1497 thesauros

721 1540 755 1604 in
769 1538 852 1621 celo,
869 1558 954 1624 quae
969 1557 1034 1601 nou
1052 1535 1218 1618 deficiunt,
1237 1544 1269 1600 et
1285 1534 1326 1600 de
1341 1535 1452 1620 iniquo
1467 1555 1622 1599 mamona
1638 1543 1819 1620 conparate
1835 1534 1929 1600 vobis
1945 1543 2080 1600 aeterna
2094 1532 2334 1600 tabernacula‘
2344 1534 2382 1616 ¹),

721 1623 818 1709 iuxta
842 1641 1059 1707 sententiam⁰
1081 1639 1170 1705 beati
1195 1639 1340 1705 doctoris
1356 1636 1522 1722 Agustini,
1545 1636 1601 1703 ubi
1617 1639 1679 1703 ait:
1703 1639 1803 1720 ,Perit
1818 1639 1960 1705 mundus
1984 1649 2017 1705 et
2031 1661 2071 1705 ea
2094 1642 2229 1727 quaein
2247 1640 2382 1706 mundo

723 1755 809 1830 sunt,
843 1745 924 1812 illud
947 1767 1025 1812 vero
1047 1743 1226 1831 numquam
1248 1745 1343 1830 perit,
1378 1742 1467 1829 quod
1490 1743 1524 1806 in
1546 1740 1720 1807 ecclesiisl
1753 1740 1805 1808 vel
1829 1745 1861 1809 in
1886 1742 2086 1830 pauperibus
2110 1752 2278 1828 erogatur,
2315 1743 2440 1810 seduc

722 1852 898 1938 unicnique
922 1849 966 1915 ad
988 1858 1156 1915 aeternam
1179 1846 1437 1914 beatitudinem⁰
1459 1869 1518 1933 pro
1542 1847 1670 1913 iustitia
1683 1846 1873 1933 reputetur‘.
1907 1844 2053 1932 Ideoque
2070 1846 2110 1911 ob
2134 1847 2205 1911 eius
2220 1868 2382 1913 amorem

722 1939 883 2021 donamus
907 1952 950 2018 ad
973 1954 1082 2039 ipsum
1106 1960 1256 2017 sanctum
1280 1950 1391 2016 locum
1407 1951 1559 2037 superius
1582 1950 1839 2034 denominatum,
1863 1949 1919 2015 ubi
1935 1951 2100 2036 praesenti
2123 1959 2275 2037 tempore
2290 1951 2379 2017 Far·

723 2057 833 2124 dulfus
848 2056 937 2122 abba
953 2077 1026 2121 cum
1051 2077 1165 2120 norma
1181 2053 1323 2141 plurima
1344 2052 1583 2120 monachorum
1599 2075 1806 2136 conversare,
1829 2075 1944 2139 regere
1960 2053 2013 2119 vel
2028 2053 2211 2138 gubernare
2227 2053 2379 2136 videtur,

721 2160 801 2227 villa
828 2170 942 2226 nostra
972 2167 1185 2244 nuncupante
1208 2159 1344 2224 Putialis
1374 2160 1470 2224 sitam
1494 2159 1526 2224 in
1556 2179 1644 2246 pago
1669 2158 1847 2224 Adratinse
1876 2180 1950 2224 cum
1973 2157 2047 2223 illas
2077 2158 2246 2241 ecclesias,
2285 2180 2379 2245 quae

723 2273 799 2332 sunt
821 2272 1027 2331 constructas
1050 2262 1083 2328 in
1110 2261 1234 2328 bonore
1264 2263 1368 2327 sancti
1394 2261 1533 2328 Uedasti
1563 2262 1615 2328 vel
1639 2271 1822 2328 ceterorum
1850 2270 2049 2340 sanctorum,
2083 2284 2158 2328 cum
2181 2262 2376 2349 apendiciis
2404 2280 2436 2328 re

722 2371 801 2451 suis,
824 2367 858 2434 id
875 2376 951 2433 sunt
967 2365 1239 2433 Guntbodeeurte
1262 2389 1319 2432 seu
1334 2367 1585 2434 Postinevillare
1601 2369 1654 2434 vel
1670 2369 1906 2434 Berninocurte
1929 2389 1989 2433 nec
2005 2389 2071 2432 uon
2094 2376 2126 2432 et
2147 2368 2179 2432 in
2196 2364 2380 2432 Linarias¹

722 2494 781 2539 seu
804 2480 836 2537 et
858 2472 892 2536 in
914 2469 1074 2535 Hodricio
1097 2472 1131 2535 iu
1154 2471 1218 2535 iam
1244 2469 1331 2535 dicto
1355 2492 1443 2557 pago
1459 2469 1638 2537 Adratinse
1660 2480 1693 2537 et
1715 2473 1749 2536 in
1772 2470 2026 2556 Magrastovilla
2047 2471 2082 2536 in
2104 2492 2189 2558 pago
2206 2471 2375 2537 Uerman·

722 2577 825 2658 dinse,
848 2575 1093 2640 Fricionecurte
1117 2597 1175 2640 seu
1199 2584 1232 2640 et
1253 2576 1287 2640 in
1310 2573 1552 2659 Agnonoeurte·
1567 2576 1600 2639 in
1623 2597 1710 2661 pago
1735 2573 1961 2657 Ambianinse,
1990 2574 2111 2641 Uualiu
2135 2576 2282 2660 inpage
2308 2572 2376 2641 Oa·

721 2678 914 2746 meraoinse.
950 2677 1030 2764 Ipsa
1052 2678 1128 2743 loca
1150 2680 1300 2764 superius
1325 2686 1519 2764 praenotata
1542 2699 1617 2743 cum
1641 2679 1729 2744 omui
1752 2679 1941 2764 integritate
1969 2679 2023 2744 vel
2047 2678 2215 2745 soliditate
2240 2701 2375 2761 earum,

720 2784 756 2849 id
786 2791 926 2849 estune
954 2802 1029 2847 cum
1056 2782 1151 2846 terris
1180 2784 1315 2864 mansis,
1351 2781 1502 2848 domibus
1532 2782 1762 2868 superpositis,
1798 2782 1958 2848 aedificiis
1987 2781 2161 2869 praesidiis
2192 2783 2376 2868 mancipiis
2399 2800 2434 2849 tc

721 2887 891 2974 inquilinis
914 2887 1093 2954 accolabus
1117 2887 1255 2969 libertis,
1280 2888 1384 2953 servis
1400 2896 1468 2951 tam
1491 2885 1679 2973 ibidemque
1695 2885 1842 2952 oriundis
1866 2909 1964 2973 quam
1982 2895 2015 2951 et
2037 2886 2170 2952 aliunde
2186 2886 2375 2968 translatis,

721 2992 846 3077 campis
863 2993 966 3078 pratis
982 2992 1115 3076 pascuis
1131 2991 1226 3077 aquis
1249 3012 1452 3076 aquarumve
1469 2990 1672 3065 decursibus,
1696 2990 1874 3056 mobilibus
1891 2989 1968 3074 [ιι]κ
1990 2989 2212 3074 inmobilibus,
2235 2991 2375 3076 graegis

720 3116 795 3161 cum
819 3093 1019 3180 pastoribus,
1055 3096 1177 3180 perviis
1201 3093 1344 3179 publicis
1375 3093 1493 3180 psaltis
1517 3103 1617 3180 atque
1646 3094 1827 3159 subiunctis
1849 3093 1903 3158 vel
1934 3095 2086 3180 omnique
2108 3092 2317 3179 praesidium
2340 3104 2376 3158 et

719 3198 910 3265 universum
940 3199 1102 3280 meritum,
1137 3206 1170 3262 et
1192 3197 1236 3262 ad
1265 3197 1436 3284 praedicta
1459 3197 1534 3263 loca
1562 3202 1716 3284 superius
1747 3199 1915 3263 nominata
1944 3199 2093 3284 aspicere
2121 3195 2173 3263 vel
2204 3199 2375 3282 pertinere

719 3301 850 3370 videtur
872 3311 905 3367 et
928 3302 1095 3388 praesenti
1120 3310 1268 3388 tempore
1291 3301 1413 3367 ibidem
1437 3301 1609 3387 possedeo,
1637 3299 1794 3388 quicquid
1815 3302 1902 3366 inira
1923 3303 2081 3366 terminos
2105 3310 2164 3367 aut
2186 3310 2285 3366 extra
2308 3309 2373 3367 ter-
2398 3319 2432 3367 te

719 3406 825 3470 minos
854 3413 921 3471 tam
953 3403 995 3470 da
1022 3403 1119 3468 alode
1148 3413 1207 3468 aut
1233 3404 1273 3470 de
1308 3416 1488 3492 conparato
1521 3405 1571 3471 vel
1602 3405 1642 3472 de
1671 3404 1820 3492 qualibet
1847 3402 2048 3490 adtrac[to]¹²
2081 3405 2124 3471 ad
2152 3427 2205 3470 me
2238 3405 2374 3492 legibus

721 3508 864 3593 obvenit,
888 3531 910 3574 a
933 3508 985 3574 die
1009 3519 1182 3595 praesente
1205 3532 1225 3574 a
1249 3510 1400 3596 praefata
1422 3530 1502 3574 casa
1525 3509 1576 3575 dei
1593 3512 1626 3574 in
1649 3509 1822 3575 alemoniis
1846 3509 1898 3574 vel
1915 3509 2107 3577 substancia
2129 3509 2373 3577 monachorum

719 3613 842 3679 ibidem
865 3613 1087 3679 habitantium
1102 3612 1234 3679 Christo
1257 3621 1452 3698 protegente
1475 3614 1628 3700 proficiat
1650 3615 1682 3679 iu
1706 3621 1917 3699 augmentum
1940 3621 1973 3679 et
1995 3613 2036 3679 de
2060 3615 2129 3680 iure
2152 3635 2226 3680 meo
2242 3615 2277 3679 in
2302 3617 2374 3681 iure

720 3727 754 3784 et
776 3716 1000 3784 dominatione
1023 3719 1129 3804 ipsius
1152 3717 1289 3784 basilice
1319 3717 1412 3784 trado
1436 3725 1535 3803 atque
1555 3717 1765 3801 transfundo,
1800 3720 1849 3783 ita
1871 3727 1908 3783 ut
1930 3718 1972 3783 ab
1997 3741 2036 3784 sc
2060 3719 2113 3784 die
2135 3741 2196 3785 vos
2219 3719 2273 3785 vel
2299 3742 2372 3785 suc·

719 3843 869 3889 cessores
898 3825 1000 3888 vestri
1024 3821 1185 3904 habeatis,
1214 3823 1366 3904 teneatis,
1403 3822 1610 3908 possedeatis
1635 3821 1684 3888 vel
1713 3822 1872 3909 quiequid
1903 3822 2023 3889 exinde
2051 3824 2158 3890 facere
2186 3824 2372 3908 volueritis,
2397 3845 2432 3893 so

719 3926 860 3993 liberam
884 3935 917 3991 et
939 3927 1161 3991 firmissimam
1186 3925 1367 3990 auxiliante
1391 3924 1524 3990 domino
1547 3926 1581 3989 in
1597 3925 1750 3992 omnibus
1772 3926 1924 3992 habeatis
1941 3935 2149 4012 potestatem.
2174 3929 2217 3994 Et
2233 3937 2270 3994 ut
2285 3928 2374 3994 baec

720 4029 855 4096 donatio
879 4051 900 4094 a
923 4051 974 4094 me
996 4029 1088 4095 facta
1111 4031 1198 4094 omni
1223 4038 1371 4115 tempore
1393 4029 1488 4095 firma
1511 4037 1545 4094 et
1567 4030 1761 4095 inconvulsa
1783 4029 1896 4096 valeat
1918 4029 2108 4116 perdurare,
2143 4079 2352 4097 ..........
2365 4031 2375 4071 ¹

822 4171 837 4255 l
864 4168 1045 4255 Signum†
1074 4168 1223 4255 Ghysile,
1259 4168 1465 4235 nobilissima
1493 4170 1561 4234 filia
1590 4170 1720 4255 Pippini
1751 4169 1849 4254 regis,
1885 4171 1939 4255 qui
1969 4167 2055 4237 banc
2090 4169 2268 4236 donatione
2297 4173 2372 4239 fieri

720 4270 995 4462 Ῑψνὲιὸἰξςιιιιιιι
1018 4377 1040 4456 †
1063 4359 1185 4460 Caroli,
1208 4376 1403 4443 nobilissimi
1426 4377 1483 4441 filii
1508 4377 1618 4442 domni
1642 4375 1754 4442 Caroli
1779 4376 2062 4464 precellentissimi
2085 4379 2220 4466 regis}
2305 4390 2310 4398 ’
2394 4397 2429 4445 ³5

822 4482 836 4564 Ξ
858 4479 993 4567 Signum
1017 4479 1039 4556 †
1059 4480 1201 4568 Pippini,
1224 4481 1424 4547 nobilissimi
1446 4479 1504 4546 filii
1529 4481 1639 4547 domni
1663 4479 1773 4547 Caroli
1797 4482 2081 4568 precellentissimi
2103 4484 2200 4568 regis.
2224 4482 2239 4568 ἒ

822 4581 835 4664 Ξ
859 4583 996 4671 Signum
1019 4590 1041 4669 †
1064 4584 1246 4667 Chlodoici,
1270 4585 1467 4651 nobilissimi
1483 4585 1549 4650 filii
1573 4585 1683 4651 domni
1709 4584 1818 4651 Caroli
1842 4585 2149 4673 praecellentissimi
2172 4586 2313 4673 regis}

824 4691 881 4768 (0.)
909 4688 1154 4776 {Uuineradus
1183 4685 1425 4755 cancellariusl
1452 4690 1562 4755 iussus
1586 4712 1606 4754 a
1633 4689 1801 4776 praedicte
1832 4689 1951 4756 domne
1974 4688 2122 4777 Gbysele
2152 4692 2272 4778 scripsi
2301 4696 2374 4778 et}

720 4795 789 4869 (SR.
806 4795 884 4856 NT.:
914 4795 1108 4856 Uuineradus
1132 4797 1328 4856 cancellarius
1350 4799 1453 4856 iussus
1476 4795 1648 4869 apredr'ete
1670 4796 1775 4856 ἀοιιιιιι
1802 4795 1926 4875 Gysile).

823 4930 913 4996 Data
936 4930 980 4997 id.
1003 4932 1070 4995 iun.
1095 4953 1181 4996 anno
1205 4949 1293 4996 xxxl
1316 4941 1349 4998 et
1372 4949 1618 5017 xxv1regnum
1641 4931 1752 4999 domni
1775 4934 1894 5014 nostri3
1917 4941 2030 4999 actum
2046 4933 2151 5019 Aquis
2173 4931 2310 5018 palatii3
2335 4935 2369 4999 in
2393 4951 2428 4999 ιο

720 5035 772 5101 dei
795 5035 927 5101 nomine
950 5034 1090 5101 feliciter
1113 5056 1219 5102 amen.

795 5221 855 5279 tlt.
874 5224 903 5289 b)
921 5223 970 5278 der
988 5223 1059 5279 Reat
1077 5223 1127 5279 der
1145 5223 1590 5348 Zeilewsqpesehnittes,1iauss
1608 5226 1659 5290 fris
1678 5242 1699 5280 c.
1719 5227 1754 5278 10
1771 5224 1958 5287 Bucbstabea,
1977 5227 2092 5293 erqdnst
2110 5238 2165 5277 cus
2184 5221 2245 5277 ders
2265 5223 2371 5279 Drudr

871 5308 924 5347 oon
936 5292 1078 5348 Mubr'llorr
1147 5298 1172 5359 e)
1189 5295 1262 5349 sacis
1300 5311 1341 5348 em
1358 5295 1474 5349 eweiurs
1490 5311 1507 5347 e
1524 5294 1571 5349 eis
1582 5294 1744 5349 Buebstobe
1761 5293 1866 5356 rudirt,
1886 5293 1939 5346 das
1956 5293 2052 5346 sweite
2070 5309 2088 5344 n
2106 5307 2160 5346 aas
2179 5310 2206 5343 m
2224 5307 2297 5346 corr.

872 5363 899 5428 d)
916 5377 969 5416 cors
987 5361 1128 5418 ἀιιιιὶὸιιι
1142 5364 1232 5418 Hand
1250 5379 1304 5418 cus
1316 5365 1432 5416 ecelesia
1444 5380 1514 5419 corr.
1584 5369 1610 5431 e)
1626 5366 1654 5417 di
1667 5380 1738 5419 corr.
1752 5379 1805 5417 cus
1818 5364 1851 5416 de
1919 5363 1941 5428 s)
1960 5362 2122 5417 damete.
2135 5361 2368 5416 rosacensem

872 5431 969 5485 radirt
1055 5433 1083 5501 g)
1101 5431 1147 5487 die
1166 5433 1274 5500 Sebrift
1291 5433 1437 5488 oerwiscbt
1514 5436 1544 5500 h)
1564 5432 1610 5488 die
1627 5434 1725 5488 beiden
1743 5433 1843 5486 letstea
1860 5431 2042 5487 Buchetabcrs
2066 5431 2155 5485 durch
2173 5430 2369 5486 Bessicaeidesr
2391 5433 2425 5482 tt

872 5499 921 5554 des
939 5500 1057 5556 Βαιιάει
1076 5503 1254 5573 wsppefallea
1357 5505 1377 5570 i)
1394 5502 1445 5557 der
1463 5503 1533 5558 Rest
1551 5503 1601 5558 der
1618 5502 1694 5557 Zeile
1710 5505 1755 5572 (21
1770 5503 1830 5570 cns.)
1849 5501 1923 5572 sript
1946 5499 2043 5556 atarto
2061 5499 2160 5555 Bastar
2266 5502 2297 5568 k)
2314 5517 2371 5554 oea

872 5569 993 5639 pleiclser
1011 5571 1103 5626 Hand
1121 5572 1180 5639 cres
1193 5573 1300 5628 Rarus.

756 5671 775 5734 ¹)
793 5671 845 5726 nu.
865 5671 954 5734 Mart.
973 5677 999 5742 6,
1017 5677 1059 5730 rc.
