5642 7159
1034 749 1155 808 KABL
1179 749 1270 809 DEB
1291 748 1458 810 cnosso}
1481 746 1556 812 801.
2052 747 2117 814 265

1246 935 1334 1012 tor.

464 1094 559 1166 Karl
590 1097 654 1167 der
685 1093 813 1167 Grosse
845 1093 1060 1166 boorbucdet
1092 1096 1157 1166 doe
1189 1071 1228 1165 in
1260 1095 1339 1166 dem
1365 1091 1473 1166 Strcr't
1506 1094 1672 1167 emeram
1705 1096 1783 1167 dem
1810 1095 1963 1184 Biscbof
1990 1094 2116 1166 Vitatis

464 1240 530 1290 von
557 1217 716 1308 Bolopoa
742 1218 817 1288 aad
836 1214 907 1286 Abi
926 1213 1073 1288 Anselm
1099 1239 1166 1288 oon
1192 1215 1237 1287 N
1238 1215 1452 1287 coactata
1478 1239 1539 1287 om
1566 1216 1623 1288 die
1651 1215 1869 1304 Taoflcircbe
1895 1217 1934 1288 ira
1960 1214 2115 1288 Maroae

465 1338 503 1408 in
529 1338 658 1408 sciaena
691 1335 834 1407 Gemit
856 1333 999 1428 pesdllte
1033 1334 1178 1407 Urtbcil.

426 1489 443 1538 o
1104 1474 1164 1535 Am
1186 1476 1282 1536 Flora
1304 1478 1389 1537 Reno
1412 1479 1455 1536 im
1481 1477 1583 1537 Getici
1605 1495 1661 1536 oon
1684 1477 1819 1551 Boloprra
1841 1481 1901 1538 801
1927 1478 1998 1536 Mai
2017 1481 2071 1539 29.

507 1756 509 1760 ,
553 1618 709 1737 ‘occisor
732 1663 786 1742 (A)
811 1665 875 1723 aad
897 1666 1053 1739 Absclrrift
1075 1665 1126 1725 dcc
1149 1671 1200 1728 17.
1226 1666 1278 1726 Ji.
1304 1666 1360 1745 (Β)
1383 1668 1426 1725 im
1449 1667 1560 1727 Archiv
1580 1686 1622 1726 aa
1644 1668 1829 1729 Nonaatala.

542 1862 546 1863 γ
570 1803 743 1863 lircbcscbi
765 1801 868 1863 Storic
889 1804 922 1862 di
942 1806 1116 1865 Nonantola
1136 1809 1168 1876 2,
1192 1809 1234 1865 34
1256 1812 1291 1864 πθ
1305 1810 1348 1866 18
1370 1823 1427 1866 cus
1443 1805 1482 1868 A.
1505 1840 1549 1850 —
1571 1806 1708 1885 (Satist)
1730 1808 1810 1866 Ana.
1829 1808 1986 1881 Bolcpnesi
2001 1803 2048 1880 1⁶,
2071 1812 2116 1869 22

566 1913 600 1966 n⁰
614 1911 656 1967 10
679 1905 749 1965 dall’
773 1908 852 1970 areb.
876 1909 1009 1969 Norant.
1034 1907 1099 1988 (A).
1125 1943 1165 1952 -
1189 1908 1382 1969 Malloacher
1403 1912 1476 1984 Rea.
1500 1916 1565 1973 372
1589 1910 1688 1990 (364).

567 2046 604 2116 A,
630 2063 710 2119 parra
731 2062 786 2104 oon
813 2046 958 2107 Graecias
984 2050 1181 2122 ycaclrriebcn,
1216 2050 1256 2107 ist
1278 2050 1335 2109 coll
1357 2049 1563 2122 Stocktlcclrm
1599 2051 1647 2110 dic
1671 2051 1786 2126 schrift
1813 2053 1852 2111 ist
1882 2052 2032 2124 ocrblosst,
2067 2054 2116 2112 dic

568 2151 747 2210 tironiscbcn
769 2150 866 2210 Noten
888 2153 958 2212 sind
979 2171 1042 2212 nur
1061 2155 1135 2212 noch
1156 2171 1228 2213 rum
1253 2154 1398 2213 ilaritate
1420 2155 1585 2226 misiffem.
1632 2156 1661 2215 B
1683 2157 1722 2214 ist
1745 2155 1919 2229 loctenlroft
1941 2157 2006 2215 aad
2028 2157 2113 2216 tirtel

565 2255 768 2328 corporisne
796 2255 860 2313 und
888 2257 981 2329 werric
1009 2256 1193 2316 trcacbbcre
1215 2258 1448 2332 Erpdnrunccn.
1488 2291 1521 2302 -
1562 2260 1660 2320 Obwol
1692 2260 1974 2331 Gertchtscrtandc,
2008 2259 2115 2319 iader

565 2362 696 2423 Kcnclci
717 2360 923 2434 aasccscrtiyt,
948 2361 997 2420 dic
1014 2359 1253 2436 pfclrprdslicbc
1279 2362 1534 2422 Gcrichtslrcnclet
1556 2380 1620 2422 war
1641 2364 1703 2424 alac
1727 2365 1760 2423 in
1782 2364 1934 2423 Francien
1953 2364 2113 2438 poblicbcn.

567 2569 624 2649 (c.)
646 2569 662 2653 'gl
683 2568 723 2631 In
739 2568 871 2631 nomine
893 2567 1048 2652 patriast
1070 2565 1127 2630 filii
1144 2577 1177 2631 et
1194 2568 1331 2653 spiritus
1346 2569 1463 2632 sancti.
1491 2567 1638 2633 Karalus
1654 2567 1931 2652 [serelnissimus⁸
1953 2576 2113 2653 augustus

462 2694 483 2735 a
506 2671 568 2737 deo
591 2678 769 2736 coronatus
798 2691 938 2755 magnus
962 2671 1121 2755 pacificus
1150 2672 1330 2756 imperator
1353 2673 1536 2738 Romanum
1565 2670 1753 2755 gubernans
1782 2672 1965 2757 imperium,
2003 2672 2115 2756 quiet

411 2791 442 2840 rs
464 2799 522 2862 per
545 2775 807 2841 misericordiam
835 2773 888 2839 dei
916 2797 977 2839 rex
999 2774 1203 2840 Francorum
1235 2784 1335 2862 atque
1357 2775 1704 2861 Langobardorum}
1809 2775 1891 2842 (lum
1920 2798 1981 2840 nos
2004 2775 2038 2840 in
2061 2774 2113 2839 dei

462 2880 593 2945 nomine
609 2881 772 2946 territorio
791 2876 1047 2963 [Bon0]niense¹’
1065 2902 1085 2943 a
1100 2880 1206 2944 Roma
1223 2879 1441 2944 redeuntibus
1458 2881 1721 2966 pervenissemus
1737 2879 1847 2966 ibique
1864 2902 1961 2966 super
1977 2879 2113 2944 fluvium

462 2985 588 3049 Renum
611 3006 678 3048 una
700 2983 789 3068 c[um
813 2982 989 3069 episcopis]
1020 2982 1200 3048 abbatibus
1228 2982 1369 3049 ducibus
1396 2982 1573 3048 comitibus
1602 3005 1660 3048 seu
1688 2982 1823 3069 reliquis
1852 2981 2114 3066 ob[timati]bus⁰

462 3097 496 3152 ot
510 3089 628 3152 ceteris
644 3086 798 3152 fidelibus
814 3087 937 3152 nostris
954 3087 997 3151 ad
1013 3089 1241 3152 universorum
1258 3108 1379 3151 causas
1395 3086 1578 3152 audiendas
1594 3087 1645 3152 vel
1662 3097 1753 3152 recta
1768 3087 1890 3152 iudicia
1907 3086 2114 3153 terminanda

462 3191 698 3274 resederemus,
722 3191 845 3258 Uitalis
868 3201 982 3256 sancte
998 3191 1259 3256 Bononiensium
1282 3190 1372 3256 urbis
1396 3190 1536 3256 ecclesie
1559 3191 1734 3277 episcopus
1758 3190 1983 3277 interpellavit
1998 3190 2114 3255 Ansel-

405 3314 439 3362 ao
462 3318 551 3360 mum
574 3295 795 3361 venerabilem
827 3295 981 3361 abbatem
1006 3319 1047 3360 ex
1078 3296 1288 3378 monasterio,
1323 3295 1412 3380 quod
1444 3304 1496 3360 cst
1518 3296 1551 3360 in
1579 3295 1702 3360 honore
1730 3296 1853 3361 domini
1876 3306 1909 3360 et
1939 3295 2113 3361 salvatoris

461 3401 565 3465 nostri
588 3400 665 3465 Iesu
688 3399 811 3464 Christi
842 3409 874 3464 et
897 3408 1085 3464 sanctorum
1109 3399 1337 3485 apostolorum
1360 3408 1460 3485 atque
1484 3399 1590 3463 sancti
1614 3398 1764 3464 Silvestri
1795 3398 1961 3484 pontificis
1982 3399 2016 3462 in
2038 3398 2113 3463 loco

461 3513 672 3589 nuncupante
687 3503 875 3570 Nonantola
898 3514 1137 3587 constructum,
1162 3505 1276 3570 dicens
1300 3503 1389 3591 quod
1412 3503 1453 3569 de
1476 3525 1543 3568 una
1567 3502 1710 3567 ecclesia
1732 3501 1934 3589 baptismali,
1959 3514 2115 3588 quaeest

462 3617 655 3674 constructa
677 3610 709 3674 in
734 3609 857 3674 honore
882 3610 988 3673 sancti
1011 3609 1154 3673 Mamme
1179 3609 1212 3672 in
1235 3607 1309 3672 loco
1333 3615 1545 3693 nuncupante
1568 3607 1642 3670 vico
1660 3607 1811 3688 Liciano,
1835 3606 2051 3692 pertinentem
2071 3603 2115 3668 ad

462 3734 558 3779 suum
581 3712 808 3799 episcopatum
826 3712 1045 3798 presbiterum
1062 3733 1158 3777 suum
1180 3713 1313 3777 nomine
1328 3711 1452 3777 Ursum
1468 3710 1583 3795 f[oras]
1603 3710 1787 3797 expulisset
1805 3710 1928 3776 inlicite
1945 3719 1978 3775 et
1994 3711 2113 3791 omnia,

354 3858 356 3861 -
407 3829 441 3880 ao
464 3817 620 3903 quicquid
643 3816 729 3902 ip[se
752 3815 927 3903 pres]biter
950 3817 993 3883 ad
1016 3819 1124 3902 ipsam
1147 3816 1324 3881 ecclesiam
1353 3815 1605 3881 conlaboratum
1628 3814 1800 3898 babuerat,
1835 3825 1904 3880 tam
1933 3815 2004 3900 ipse
2026 3813 2114 3880 abba

462 3942 626 4006 quamque
642 3931 675 3986 et
691 3920 844 3986 monachi
862 3923 913 3986 sui
930 3921 1051 3986 exinde
1068 3930 1184 3986 contra
1206 3923 1367 3985 iustitiam
1385 3920 1631 3985 abstraxissent
1653 3929 1754 4006 atque
1776 3919 1900 3984 nullam
1916 3928 2113 4004 potestatem

460 4026 491 4090 ei
514 4033 573 4090 aut
594 4047 654 4089 suo
678 4025 860 4110 presbitero
877 4025 918 4090 de
939 4028 1015 4112 ipsa
1031 4026 1172 4091 ecclesia
1195 4025 1317 4091 babere
1335 4023 1596 4112 [permisissent.
1633 4025 1827 4090 Praedictus
1842 4045 1921 4089 vero
1936 4022 2114 4089 Anselmus

460 4127 658 4193 venerabilis
681 4128 769 4194 abba
790 4131 823 4193 in
840 4140 1014 4215 praesente
1038 4131 1175 4195 adstans
1192 4129 1301 4195 taliter
1323 4128 1415 4194 dedit
1430 4129 1463 4192 in
1487 4129 1656 4214 responsis
1672 4129 1796 4202 dicens,
1821 4126 1909 4215 quod
1926 4126 2114 4192 Haistulfus

461 4231 627 4317 qnondam
648 4254 709 4297 rex
732 4231 1031 4318 Langobardorum
1059 4232 1264 4319 praedictum
1294 4235 1402 4298 vicum
1426 4233 1600 4298 Licianum
1629 4253 1696 4297 una
1718 4253 1793 4298 cum
1821 4231 2008 4298 bominibus
2032 4232 2113 4298 inibi

404 4334 710 4421 adpertinentibus,
745 4335 869 4401 liberos
893 4357 951 4422 pro
975 4336 1098 4420 liberis,
1133 4358 1247 4402 servos
1271 4357 1331 4423 pro
1356 4337 1469 4416 servis,
1504 4358 1579 4402 eum
1603 4337 1691 4401 omni
1721 4337 1910 4422 integritate
1937 4358 2113 4423 persuum

458 4449 673 4526 praeceptum
703 4439 800 4504 eiad
828 4449 956 4525 partem
985 4438 1192 4526 [prae]dicti‘¹
1222 4441 1412 4505 monasterii
1437 4441 1488 4505 sui
1518 4439 1709 4526 delegasset
1741 4449 1774 4506 et
1802 4450 1918 4527 postea
1944 4443 2016 4526 ipse
2039 4460 2114 4504 cum

459 4541 729 4627 [halbitatoribus
753 4543 817 4608 loci
833 4542 923 4608 illius
946 4544 1054 4630 ipsam
1071 4545 1245 4610 ecclesiam
1270 4567 1334 4608 una
1351 4567 1426 4609 cum
1441 4565 1605 4609 consensu
1622 4545 1763 4610 Romani
1779 4544 1947 4631 quondam
1966 4543 2113 4630 episcopi

460 4647 686 4733 suprascripte
710 4648 857 4712 civitatis
881 4647 1141 4714 Bononiensium
1169 4648 1378 4714 aedificasset
1401 4657 1434 4713 et
1463 4649 1652 4734 praedictus
1676 4648 1844 4713 Romanus
1867 4650 2044 4735 episcopus
2068 4645 2112 4711 ad

459 4751 530 4815 eius
553 4750 843 4837 depraecationem
860 4761 1098 4817 consecrasset.
1125 4751 1212 4836 [Εἰ]ο
1227 4762 1296 4816 tum
1319 4754 1477 4820 intereos
1500 4774 1568 4817 non
1591 4753 1737 4826 minima,
1762 4752 1821 4817 sed
1844 4755 1991 4817 maxima
2006 4760 2111 4816 verte·

403 4869 437 4920 ao
459 4853 559 4919 batur
574 4853 758 4937 altercatio,
782 4855 924 4921 adduxit
946 4857 978 4920 in
995 4855 1102 4921 medio
1119 4857 1306 4922 antedictus
1323 4855 1500 4922 Anselmus
1524 4856 1612 4922 abba
1628 4867 1842 4945 praeceptum
1865 4857 2006 4922 iamfati
2024 4857 2111 4942 regis

459 4957 627 5040 Haistulli,
656 4957 712 5023 ubi
737 4957 977 5043 continebatur,
1008 4960 1149 5045 qualiter
1172 4962 1435 5047 suprascriptum
1457 4961 1566 5026 vicum
1590 4984 1665 5028 cum
1694 4961 1768 5027 aliis
1791 4961 1891 5027 rebus
1914 4960 1959 5027 ad
1982 4983 2018 5026 se
2041 4983 2111 5046 per·

459 5062 640 5129 tinentibus
666 5060 740 5148 [oil‘
759 5064 804 5128 ad
827 5073 952 5150 partem
970 5065 1145 5151 sepedicti
1169 5066 1359 5131 monasterii
1384 5067 1434 5130 sui
1451 5065 1665 5150 delegaverat
1687 5065 1739 5130 vel
1762 5065 2028 5130 confirmaverat.
2058 5063 2111 5128 Ad

458 5166 541 5232 haec
563 5169 680 5232 iterum
703 5167 826 5233 Uitalis
849 5170 1023 5256 episcopua
1046 5193 1120 5236 cum
1145 5173 1214 5236 suis
1238 5168 1466 5236 sacerdotibus
1491 5170 1585 5253 dixit,
1609 5170 1686 5257 quia
1709 5170 1783 5257 ipsa
1806 5169 1947 5235 ecclesia
1969 5168 2011 5234 de
2033 5190 2110 5233 con·

458 5272 642 5336 secretione
665 5280 895 5338 antecessores
920 5276 969 5339 sui
992 5275 1109 5340 fuisset
1131 5285 1164 5340 et
1189 5274 1328 5361 [legibus
1352 5274 1396 5339 ad
1413 5274 1541 5359 suamlss
1563 5276 1727 5360 pertinere
1750 5275 1885 5340 deberet
1908 5271 2108 5359 parochiam.

401 5391 435 5442 co
457 5373 519 5440 Cui
556 5374 712 5460 [tamen]h
740 5375 918 5442 Anselmus
953 5376 1042 5443 abba
1069 5378 1157 5443 dixit
1185 5381 1467 5444 consecrationem
1496 5387 1529 5442 et
1562 5379 1842 5444 confirmationem
1873 5385 1972 5463 atque
2003 5375 2110 5462 predi-

458 5479 632 5562 cationem,
668 5502 767 5566 quam
789 5489 983 5546 antecessor
1010 5483 1080 5546 eius
1102 5482 1136 5546 in
1164 5484 1237 5567 ipsa
1261 5491 1377 5547 sancta
1407 5482 1459 5547 dei
1483 5481 1625 5546 ecclesia
1656 5481 1836 5547 secundum
1868 5475 2109 5564 [canonicam]⁰

533 5702 593 5758 lot.
613 5704 639 5767 a)
657 5702 711 5756 das
723 5703 979 5774 Einpcklammertc
990 5705 1051 5758 bier
1068 5705 1129 5759 arrd
1146 5705 1185 5758 im
1197 5704 1239 5771 fol
1256 5705 1391 5759 caderaita
1403 5705 1430 5758 A
1444 5705 1525 5759 theiis
1556 5719 1611 5758 orsa
1622 5703 1768 5766 rcrblasat.
1789 5703 1869 5757 theiis
1886 5703 1975 5758 durch
1988 5702 2110 5757 Flectere

609 5772 744 5826 arrzeoar
814 5774 842 5840 b)
859 5790 916 5827 aar
934 5774 1005 5828 noct
1025 5773 1075 5828 der
1096 5722 1261 5839 Oberacbcit
1279 5774 1328 5828 des
1341 5719 1662 5844 Arrfarysoucirraoms
1681 5775 1698 5825 b
1717 5773 1842 5827 sicbtbcr
1854 5774 1881 5827 A
1952 5775 1977 5841 c)
1995 5775 2111 5841 κρᾶναι

612 5841 687 5896 rracb
703 5853 737 5893 κο
750 5846 804 5896 148
821 5842 872 5912 opi.
892 5846 928 5896 63
1007 5845 1035 5911 d)
1051 5844 1122 5897 rroclr
1141 5843 1253 5911 Sparsa
1272 5844 1320 5897 des
1338 5862 1355 5911 p
1373 5843 1531 5896 ertennbcr
1548 5843 1575 5896 A
1654 5844 1681 5909 e)
1699 5847 1814 5912 apdnrt
1833 5859 1887 5897 aas
1907 5843 1933 5897 B
2013 5843 2109 5906 fleur

400 5911 435 5961 46
610 5912 682 5964 crocis
700 5909 751 5964 cler
769 5911 847 5965 cbcrc
861 5912 939 5966 lircil
957 5929 1009 5966 corr
1027 5929 1042 5965 a
1061 5913 1186 5967 sicbtbcr
1200 5916 1226 5966 A
1296 5917 1324 5981 g)
1342 5911 1464 5966 Fleckcrr
1483 5913 1514 5965 ic
1526 5915 1561 5980 A,
1580 5911 1627 5966 dic
1645 5913 1806 5966 ertaltcrscrs
1819 5912 1930 5980 Sparsa
1948 5927 2002 5966 corr
2014 5911 2110 5966 Bact-

610 5980 710 6104 light?
716 5981 861 6103 timber
879 5981 930 6047 fiir
949 5982 1025 6036 dicas
1036 5982 1152 6051 Lesurcp
1221 5985 1250 6050 h)
1268 5986 1364 6036 iterum
1377 5982 1413 6046 B,
1430 5981 1504 6036 accis
1523 5982 1576 6036 dea
1596 5981 1813 6050 Sctristspcrcn
1830 5981 1862 6035 in
1875 5983 1903 6036 A
1921 5981 2108 6036 correctric-

509 6153 748 6205 Kaiserurknndcn
769 6154 792 6205 1.
1906 6157 1941 6204 84
