5642 7159
674 767 717 831 42
1283 768 1704 828 KAISERURKUNDEN.

778 955 938 1042 Pippinus
960 977 1020 1020 rex
1042 955 1247 1020 Francorum
1269 955 1320 1019 vir
1342 953 1480 1020 illuster.
1606 953 1641 1020 si
1665 953 1887 1040 peticionibus
1910 951 2118 1018 sacerdotum
2147 950 2200 1016 vel
2223 949 2323 1016 ancil·

673 1059 780 1125 larum
804 1058 867 1142 dei,
891 1058 980 1145 quod
1003 1067 1085 1145 pro*
1107 1080 1220 1124 eorum
1244 1060 1385 1145 quietern
1408 1057 1461 1123 νε]
1485 1058 1636 1123 iuvamen
1652 1060 1803 1144 pertinet,
1827 1056 1968 1122 libenter
1990 1054 2186 1121 obaudimus
2209 1053 2262 1119 vel
2280 1052 2323 1118 ad

672 1164 822 1230 effectum
846 1165 879 1228 in
903 1162 954 1229 dei
978 1165 1107 1229 nomine
1124 1167 1361 1249 mancipamus,
1385 1163 1478 1248 regia
1493 1161 1730 1228 consuetudine
1747 1183 1939 1228 exercemus
1962 1170 1996 1226 et
2011 1159 2108 1225 nobis
2132 1159 2175 1225 ad
2191 1157 2323 1224 laudem

670 1265 723 1332 vel
746 1266 959 1332 stabilitatem
982 1268 1072 1353 regni
1095 1269 1200 1333 nostri
1224 1267 1257 1331 in
1281 1266 1333 1332 dei
1356 1269 1489 1331 nomine
1511 1266 1673 1352 pertinere
1695 1267 1901 1333 confidimus.
1926 1265 2030 1351 Igitur
2051 1261 2247 1330 venerabilis
2270 1264 2321 1327 vir

671 1371 827 1437 Albertus
846 1369 952 1436 abbas
968 1371 1009 1437 de
1024 1373 1222 1438 monasterio
1240 1372 1440 1457 Epternaco,
1464 1371 1552 1457 quod
1569 1381 1619 1436 est
1641 1379 1865 1437 constructum
1888 1371 1921 1433 iu
1946 1390 2031 1454 pago
2047 1366 2198 1432 Bedense
2221 1388 2320 1452 super
2342 1379 2359 1428 o

669 1475 769 1540 fluvio
784 1474 869 1542 Sura
891 1474 1063 1540 inhonore
1087 1485 1199 1541 sancte
1215 1476 1386 1541 Trinitatis
1410 1485 1444 1539 et
1466 1476 1573 1540 sancti
1589 1475 1686 1557 Petri,
1711 1475 1799 1561 quod
1823 1483 1958 1539 sanctus
1974 1470 2210 1536 Willibrordus
2233 1472 2320 1556 apis·

670 1600 771 1664 copus
789 1600 848 1644 suo
872 1599 972 1664 opere
992 1579 1165 1660 edificavit,
1190 1577 1246 1643 ubi
1262 1581 1366 1664 ipsius
1383 1600 1504 1664 eorpus
1527 1579 1703 1665 requiescit
1718 1578 1770 1644 vel
1792 1580 1864 1665 ipse
1882 1577 2040 1642 Albertus
2057 1575 2162 1642 abbas
2179 1597 2320 1641 unacum

669 1684 924 1768 congregatione
955 1680 1193 1748 monachorum
1217 1682 1277 1747 sub
1314 1691 1429 1748 sancto
1465 1683 1579 1748 ordine
1613 1705 1811 1748 conversare
1847 1682 1986 1764 videtur,
2022 1683 2122 1747 missa
2156 1680 2320 1767 peticione

669 1786 848 1852 clemencie
871 1784 996 1852 nostrib
1018 1789 1109 1872 regni
1134 1788 1307 1872 suggessit,
1332 1797 1368 1853 ut
1391 1810 1506 1853 omnes
1528 1786 1625 1851 villas
1647 1787 1701 1852 vel
1725 1794 1835 1851 curtes
1858 1807 1936 1877 suas
1959 1785 2011 1850 vel
2037 1784 2185 1850 homines
2208 1806 2320 1850 mona·

669 1892 757 1956 sterii
774 1891 835 1974 sui,
859 1891 947 1976 quod
963 1893 1107 1978 presenti
1131 1900 1278 1977 tempore
1293 1892 1424 1958 videtur
1447 1892 1563 1957 habere
1579 1900 1637 1955 aut
1652 1892 1785 1956 inantea
1801 1913 1822 1955 a
1845 1889 1906 1955 deo
1923 1888 2114 1955 timentibus
2130 1888 2317 1955 hominibus
2341 1903 2375 1952 10

668 1996 788 2062 luerint
803 1993 923 2059 collate
945 1994 998 2060 vel
1014 1995 1200 2060 condonate
1223 1994 1275 2060 vel
1291 2006 1445 2081 suscepte
1468 1995 1522 2061 vel
1539 1998 1594 2083 qui
1617 2016 1677 2082 pro
1694 1996 1766 2080 ipso
1789 1996 1989 2061 monasterio
2006 2016 2139 2079 sperare
2155 1994 2318 2059 videntum

668 2099 755 2165 unde
789 2098 935 2183 legitimo
965 2098 1093 2165 redebit
1126 2101 1246 2183 mitio⁰,
1281 2099 1343 2165 sub
1367 2122 1517 2166 sermone
1551 2101 1705 2165 tuicionis
1728 2108 1839 2164 nostre
1868 2098 1921 2164 vel
1950 2096 2185 2164 emunitatibus
2212 2100 2318 2184 ipsius

667 2204 858 2269 monasterii
882 2205 933 2267 sui
955 2203 1113 2288 [recipere
1135 2203 1346 2278 deberemus;
1385 2206 1440 2290 qui
1464 2203 1560 2288 nos]‘¹
1582 2204 1646 2269 hoc
1669 2213 1822 2290 gratante
1858 2204 1967 2268 animo
1990 2203 2175 2290 prestitisse
2203 2201 2256 2267 νε]
2284 2204 2318 2267 in

668 2308 819 2373 omnibus
842 2307 1025 2394 recepisse⁶
1048 2309 1248 2392 cognoscite.
1295 2309 1506 2396 Quapropter
1528 2332 1587 2395 per
1609 2305 1762 2395 presens‘
1783 2308 1987 2374 decrevimus
2010 2329 2050 2372 ac
2071 2307 2221 2373 iubemus
2245 2330 2317 2394 pre·

667 2421 808 2498 ceptum,
831 2421 868 2476 ut
882 2434 988 2498 neque
1003 2433 1061 2476 vos
1084 2433 1189 2496 neque
1205 2412 1348 2476 iuniores
1374 2435 1433 2476 seu
1447 2434 1655 2478 successores
1671 2413 1792 2477 vestri⁸
1812 2435 1874 2478 nec
1890 2413 1984 2477 missi
2001 2412 2042 2477 de
2057 2411 2187 2497 palacio
2200 2421 2314 2476 nosue
2342 2423 2373 2475 15

667 2515 887 2581 discurrentes
903 2537 963 2579 nec
986 2514 1071 2580 ullus
1088 2513 1245 2600 quislibet
1267 2514 1308 2580 de
1323 2515 1497 2580 iudiciaria
1519 2525 1683 2602 potestate
1704 2518 1738 2581 in
1758 2517 1859 2580 curtis
1882 2515 1934 2581 vel
1956 2517 1989 2581 in
2012 2515 2099 2580 villis
2122 2515 2226 2600 ipsius
2249 2535 2318 2579 mo·

665 2620 800 2685 nasterii
824 2618 867 2684 ad
889 2640 1009 2683 causas
1031 2616 1228 2683 audiendum
1252 2642 1314 2684 nec
1344 2619 1554 2686 fideiussores
1578 2620 1758 2686 tollendum
1781 2641 1842 2685 nec
1870 2621 2057 2685 mansiones
2091 2627 2149 2682 aut
2182 2627 2318 2704 paratas

665 2723 818 2788 faciendo
840 2744 902 2787 nec
931 2722 1080 2786 homines
1104 2723 1208 2808 ipsius
1238 2723 1376 2788 ecclesie
1405 2723 1666 2810 distringendum
1689 2745 1751 2789 nec
1774 2721 1842 2788 ulla
1864 2723 2059 2789 redibitione
2086 2721 2317 2807 requirendum

665 2826 787 2891 ibidem
817 2827 944 2913 ingredi
966 2847 1032 2891 non
1063 2837 1263 2913 presumant,
1288 2827 1346 2892 sed
1374 2829 1458 2893 sicut
1484 2830 1555 2914 ipse
1578 2826 1779 2894 beneficiush
1801 2836 2047 2893 antecessorum
2070 2847 2184 2912 regum
2209 2849 2230 2892 a
2251 2827 2317 2891 iam

666 2930 752 2994 dicto
769 2933 966 2996 monasterio
991 2953 1093 3017 usque
1109 2953 1196 2996 nunc
1220 2931 1281 2996 suit
1301 2941 1531 2997 conservatum
1539 2930 1557 3015 ¹,
1582 2934 1630 2996 ita
1652 2933 1808 3017 deinceps
1832 2955 1890 3019 per
1911 2941 2057 2998 nostram
2084 2931 2317 2996 auctoritatem
2339 2946 2374 2996 20

665 3045 797 3099 maneat
825 3034 1064 3110 inconvulsum,
1097 3035 1161 3098 nisi
1192 3044 1228 3100 ut
1249 3035 1348 3101 liceat
1382 3037 1428 3101 eis
1451 3034 1532 3122 perk
1554 3046 1667 3101 nostra
1690 3038 1899 3122 preceptione
1921 3037 1973 3102 vel
1996 3047 2110 3103 nostra
2137 3037 2316 3102 emunitate

665 3139 792 3224 quietos
815 3141 926 3204 vivere
950 3138 1000 3204 vel
1024 3138 1166 3204 residere
1189 3148 1222 3203 ct
1245 3139 1297 3204 die
1319 3149 1484 3226 noctuque
1508 3162 1566 3226 pro
1590 3140 1685 3206 nobis
1709 3141 1760 3206 νε]
1783 3163 1844 3227 pro
1867 3141 1960 3227 regni
1983 3142 2087 3207 nostri
2110 3139 2313 3224 [stabilitate]

665 3240 802 3308 domini¹
835 3243 1092 3309 misericordiam
1121 3245 1240 3328 iugiter
1262 3243 1442 3330 deprecari.
1466 3244 1511 3308 Et
1534 3253 1570 3309 ut
1592 3244 1653 3310 hec
1676 3246 1857 3310 auctoritas
1874 3245 1998 3310 firmior
2019 3244 2182 3310 habeatur
2204 3252 2237 3308 et
2258 3266 2317 3330 per

664 3356 811 3434 tempora
833 3347 949 3414 melius
973 3358 1194 3430 conservetur,
1225 3369 1341 3413 manus
1363 3358 1476 3414 nostre
1510 3349 1802 3434 subscriptionibus
1829 3348 1882 3414 νε]
1905 3349 2084 3434 signaculis
2108 3348 2220 3414 subter
2242 3370 2315 3412 eam

664 3451 866 3517 decrevimus
891 3453 1065 3518 allirmare.
2336 3469 2371 3518 tt

1465 3749 1526 3821 31.

1398 3905 1576 3984 (Unectt.)

661 4044 795 4136 Pippia
834 4043 972 4115 schenkl
1011 4044 1089 4114 dem
1121 4041 1265 4115 Kloster
1291 4043 1331 4113 E
1336 4042 1570 4115 claternoob
1603 4044 1659 4115 die
1691 4045 1823 4116 Kirclrc
1856 4047 1895 4116 io
1931 4045 2030 4131 Ordo,
2071 4048 2137 4117 dou
2170 4047 2315 4117 schulsa

664 4167 763 4238 Thali
790 4169 849 4238 des
879 4165 1134 4240 Oouvdeluuldea
1160 4168 1224 4238 mit
1251 4169 1317 4238 olon
1344 4167 1607 4239 Fisculaclrntea
1633 4168 1708 4238 und
1734 4168 1859 4240 erldsat
1884 4168 1977 4239 allen
2004 4168 2092 4240 Zoll.

1864 4308 2038 4382 Conspicuus
2061 4308 2216 4369 752Μαί
2237 4310 2268 4367 5.
2335 4321 2370 4373 ³0

764 4495 954 4568 Asseriates
980 4495 1116 4569 Oripr'uul
1145 4513 1202 4556 aas
1231 4497 1297 4555 dem
1325 4497 1412 4556 Eride
1438 4497 1489 4556 dea
1519 4501 1570 4558 12.
1595 4498 1649 4558 Jla.
1678 4500 1720 4556 im
1749 4499 1953 4559 Stuotsorclsir
1980 4517 2021 4558 au
2043 4500 2150 4560 Berlin
2177 4498 2239 4577 (Α),
2271 4532 2312 4543 -

768 4601 848 4658 Zwet
862 4599 1054 4672 Absolrrr'ften
1077 4618 1132 4659 ron
1147 4601 1295 4660 derselbcn
1311 4602 1404 4660 Hand
1426 4620 1483 4660 uus
1506 4603 1559 4660 der
1581 4606 1677 4662 cretea
1693 4601 1802 4675 Hrtlste
1824 4604 1873 4662 ries
1896 4606 1948 4664 13.
1965 4603 2017 4664 Jt.
2035 4607 2078 4663 im
2093 4605 2185 4665 Liber
2199 4621 2312 4663 careres

763 4705 888 4776 Eptern.
913 4704 937 4775 f.
962 4706 1003 4764 16
1027 4699 1082 4787 (Β)
1107 4706 1171 4764 und
1194 4709 1234 4765 80
1260 4700 1323 4784 (Β)
1348 4709 1381 4764 ia
1403 4705 1456 4764 der
1478 4707 1556 4767 itera.
1581 4706 1749 4766 Bibliotlrelr
1769 4727 1810 4766 su
1836 4708 1941 4768 Gotho.

762 4826 900 4884 illirucus
915 4826 985 4886 Not.
1010 4827 1072 4886 eccl.
1091 4826 1173 4900 Belp.
1185 4831 1238 4899 28,
1263 4828 1557 4901 miraeus-Fossae
1582 4827 1636 4901 op.
1653 4834 1683 4900 1,
1708 4833 1767 4889 641
1785 4833 1846 4890 eti
1870 4830 2091 4904 unvollstcndiy
2116 4832 2184 4904 (aas
2200 4828 2252 4908 B).
2268 4863 2312 4874 -

762 4930 887 4988 Brower
910 4929 979 4989 Ant.
1007 4930 1118 4992 Treuir.
1145 4935 1172 5001 1,
1196 4933 1257 4990 371
1283 4949 1318 4990 ea
1340 4931 1433 4990 tubal.
1458 4932 1583 5004 Eptem.
1605 4932 1658 5011 (B)
1682 4955 1723 4988 =
1747 4934 1792 4993 Le
1814 4931 1917 4994 Oointe
1938 4934 2018 4993 Ana.
2043 4937 2073 5005 5,
2098 4937 2223 4994 463210
2247 4937 2309 4994 754
2334 4948 2367 4997 aa

761 5039 795 5089 πθ
810 5035 862 5092 92.
886 5065 927 5076 -
954 5033 1064 5092 Calmet
1087 5035 1167 5094 Hist.
1184 5034 1220 5091 de
1242 5035 1389 5093 Lorruinc
1414 5030 1458 5106 1⁶,
1483 5038 1555 5106 273,
1580 5039 1610 5097 2.
1626 5037 1671 5094 ecl,
1688 5033 1736 5108 2⁶,
1761 5041 1802 5098 95
1825 5039 2117 5111 mitAualaasunpen
2139 5040 2181 5096 im
2196 5039 2309 5098 Escha-

654 5167 656 5176 ν
761 5136 850 5194 tot-oli
866 5133 935 5213 (aas
951 5134 992 5214 B)
1011 5159 1050 5191 ε
1066 5139 1214 5197 Bcrtlrolct
1231 5139 1310 5200 Hist.
1327 5140 1361 5196 de
1377 5139 1589 5213 assemsum-q
1604 5134 1650 5209 2⁶,
1674 5142 1716 5201 39
1742 5139 1905 5218 (anpeblicls
1927 5147 2001 5201 ectr.
2018 5142 2068 5201 des
2083 5143 2162 5202 orcle.
2179 5139 2307 5220 rapt),

763 5260 803 5292 =
827 5240 987 5298 Hontlseim
1003 5243 1081 5301 Hist.
1102 5243 1214 5302 Treuir.
1235 5247 1260 5314 1,
1284 5243 1347 5304 119
1370 5249 1405 5301 η]
1420 5246 1472 5304 43.
1495 5276 1537 5286 -
1560 5245 1655 5317 cher
1676 5245 1871 5306 Mittelrlrein.
1894 5246 1957 5306 ΠΒ.
1974 5249 2002 5317 1,
2026 5249 2068 5307 14
2083 5253 2117 5305 a⁰
2133 5252 2172 5307 11
2190 5265 2248 5306 uus
2270 5248 2309 5309 A.

766 5377 801 5387 -
828 5344 1022 5404 litilbuclzer
1043 5347 1116 5420 Rep.
1142 5350 1184 5406 67
1207 5345 1284 5425 (65).

761 5483 932 5556 Fulsclrunp
955 5485 1028 5543 ohne
1050 5487 1128 5544 echte
1155 5487 1284 5560 Vorlupc,
1307 5506 1386 5561 suna
1409 5509 1464 5551 eun
1487 5495 1570 5551 eina
1592 5492 1686 5552 Hand
1705 5492 1900 5565 pescarium,
1930 5492 1977 5550 die
2000 5495 2054 5551 mit
2075 5495 2225 5567 peringens
2251 5493 2307 5553 Ge·
2332 5508 2368 5557 to

760 5587 856 5645 colticis
879 5589 995 5646 beurltlet
1020 5591 1067 5660 ist,
1104 5591 1195 5649 stltere
1218 5592 1451 5666 Scltristsormen
1477 5599 1702 5655 nachsuultmen
1724 5593 1910 5677 undpfilrrem
1934 5595 2208 5669 Sclrriftoltaruleter
2233 5599 2310 5657 nucis

760 5691 825 5749 dem
851 5695 899 5750 12.
917 5691 970 5752 Jlt.
995 5695 1144 5766 amouere.
1168 5695 1233 5755 Dus
1257 5697 1349 5758 Stttolr
1371 5701 1410 5758 ist
1433 5703 1487 5759 mit
1511 5704 1606 5760 ciuem
1629 5703 1728 5760 rohten
1752 5702 1845 5775 Sieqel
1868 5703 2028 5761 Heinriclss
2052 5704 2103 5764 IV
2122 5703 2168 5782 (n0
2189 5707 2212 5764 2
2233 5705 2311 5762 acels

752 5875 793 5929 ³⁰.
813 5875 839 5944 s)
857 5894 904 5943 pro
923 5878 994 5945 quod
1013 5878 1039 5931 Β
1151 5880 1178 5951 b)
1198 5897 1267 5935 corr.
1288 5900 1341 5936 cua
1360 5892 1451 5938 nostre
1470 5886 1497 5939 B
1608 5890 1633 5954 c)
1652 5888 1784 5956 legittimo
1811 5890 1908 5941 redidit
1925 5890 2027 5958 (durch
2045 5890 2144 5945 Rasur
2162 5908 2234 5947 corr.
2254 5908 2310 5947 aaa

811 5947 924 6014 redebit)
942 5952 1037 6000 nuntio
1055 5949 1082 6003 Β
1203 5953 1230 6018 d)
1248 5952 1299 6021 opi.
1317 5966 1350 6006 av
1369 5958 1404 6008 14
1526 5957 1551 6020 ε)
1568 5957 1721 6024 percepisse
1740 5957 1767 6010 Β
1871 5961 1983 6025 Ocorr.
2008 5975 2063 6013 aas
2082 5970 2206 6029 presente

810 6016 986 6140 ξέεξζζῐείέ
1097 6019 1126 6086 h)
1149 6022 1201 6086 ipsi
1225 6022 1363 6074 beneficiis
1387 6023 1415 6076 B
1527 6028 1549 6091 i)
1566 6035 1749 6079 constructum
1767 6026 1794 6079 B
1909 6030 1938 6097 ls)
1962 6047 2009 6098 pro
2028 6027 2056 6082 B
2167 6032 2189 6101 l)
2206 6034 2310 6084 domini
2331 6031 2369 6081 45
