5642 7159
1085 750 1206 810 ulau
1228 750 1316 809 DER
1339 749 1504 810 Gnoses
1527 746 1601 811 775.

515 970 563 1019 per
584 954 671 1019 ipsum
695 952 835 1021 Sangrum,
857 968 942 1018 usque
965 936 1009 1001 ad
1032 957 1148 1003 montem
1163 952 1265 1002 Malum
1287 957 1314 1003 et

480 1058 494 1106 I
516 1058 650 1125 quomodo
673 1043 844 1128 coniungit
866 1064 942 1108 oum
965 1063 1055 1107 monte
1070 1074 1086 1106 e
1102 1057 1172 1107 Acce
1195 1061 1222 1107 et
1242 1073 1260 1105 e
1274 1072 1313 1106 rc-

515 1163 641 1213 volvente
671 1162 764 1213 eodem
792 1167 882 1213 monte
904 1145 996 1211 Acte
1024 1178 1109 1228 nsque
1137 1163 1166 1211 in
1192 1161 1275 1211 fluvio
1298 1177 1314 1209 e

514 1268 599 1318 Melia
621 1273 647 1317 et
662 1266 884 1333 quemadmodum
904 1266 1021 1317 decurrit
1042 1268 1102 1332 ipsa
1115 1266 1206 1328 Melia,
1229 1281 1314 1331 usque

477 1372 494 1419 5
517 1372 563 1421 ubi
579 1372 749 1438 coniungite
765 1388 824 1422 cum
847 1387 930 1436 parvo
946 1372 1029 1422 fluvio
1051 1373 1097 1437 qui
1113 1370 1211 1439 dicitur
1221 1368 1314 1421 Mella-

515 1476 598 1538 rinus,
622 1480 648 1525 et
663 1475 762 1526 abhinc
776 1475 805 1524 in
820 1477 948 1526 verticem
963 1476 1069 1538 montis,
1085 1476 1131 1541 qui
1148 1468 1200 1525 eui
1216 1481 1314 1545 super

515 1563 640 1648 urbem,
664 1573 697 1629 et
712 1586 805 1631 mons
826 1566 898 1651 ipse
915 1564 1103 1651 appelletur
1117 1580 1243 1643 Barbole,
1259 1584 1286 1630 et
1298 1595 1314 1627 a

515 1699 596 1748 super
629 1684 721 1734 cilium
750 1684 868 1736 eiusdem
897 1686 994 1736 montis
1029 1700 1113 1751 usque
1141 1686 1170 1735 iu
1199 1689 1313 1734 montem

515 1787 669 1838 Archanum
698 1794 724 1840 et
753 1793 869 1840 montem
892 1789 997 1839 Marthe
1027 1795 1197 1855 montemque
1219 1787 1314 1838 Cssale

463 1891 495 1940 10
518 1907 617 1957 eosque
636 1891 764 1944 videlicet
785 1874 909 1945 ruoutes¹¹
932 1895 1097 1944 extrinsecus
1119 1892 1314 1943 circumdantes

515 1997 544 2045 in
568 2003 654 2046 ortum
678 2014 763 2064 usque
785 1999 896 2064 riaginis
916 2013 967 2063 quq
990 1998 1143 2048 nominatur
1157 1996 1315 2048 Ravenmla

516 2105 543 2150 et
566 2085 844 2171 quemadmodum
864 2086 1010 2151 decurrit
1031 2087 1106 2173 ipsa
1121 2084 1315 2151 Ravennola

466 2202 494 2252 11
516 2218 601 2269 usque
628 2206 657 2254 in
683 2206 766 2255 fluvio
788 2204 923 2256 Vulturno
955 2209 982 2255 et
1008 2205 1142 2271 quomodo
1164 2205 1314 2255 Vulturnus

517 2309 656 2374 coniungit
683 2325 743 2359 cum
771 2293 873 2359 fluvio
901 2309 1004 2358 Vantra
1025 2327 1041 2357 a
1064 2315 1091 2359 et
1119 2311 1188 2359 sicut
1213 2310 1316 2360 Vantra

463 2412 495 2459 15
518 2412 657 2478 coniungit
679 2428 739 2462 cum
762 2412 844 2463 fluvio
867 2414 960 2464 Foruli
989 2420 1016 2464 ot
1042 2414 1175 2480 quomodo
1199 2415 1315 2465 Forulos

517 2518 648 2580 percurrit
663 2532 749 2581 usque
764 2518 792 2566 in
808 2518 879 2567 viam
901 2519 1038 2583 antiquam
1054 2523 1081 2569 et
1099 2520 1161 2569 inde
1176 2522 1316 2586 coniungit

517 2636 578 2669 cum
599 2621 668 2669 rivio
690 2622 736 2685 qui
759 2622 912 2672 nominatur
935 2622 1030 2685 Gyzoli
1053 2628 1081 2673 et
1101 2622 1164 2674 inde
1190 2624 1265 2673 vadit
1287 2626 1315 2673 in

517 2723 594 2786 rivio,
617 2724 644 2773 in
667 2740 721 2789 quo
744 2741 798 2776 non
821 2742 925 2790 semper
947 2741 1018 2791 aqua
1041 2726 1166 2790 decurrit,
1190 2732 1216 2777 et
1238 2729 1277 2778 sic
1299 2744 1315 2776 s

517 2828 592 2877 vadit
613 2844 698 2894 usque
720 2829 748 2878 in
771 2828 916 2894 Sangrum3
950 2835 977 2880 et
999 2832 1090 2880 omnia
1113 2831 1224 2881 castella
1245 2832 1315 2881 inira

461 2932 496 2980 20
517 2932 566 2983 bos
588 2931 655 2984 fines
676 2940 702 2985 et
723 2934 803 2985 villas
826 2940 853 2986 et
867 2934 949 2985 siivas
971 2936 1073 3000 positas
1089 2951 1149 2986 cnm
1172 2920 1316 3005 eeclesia

517 3020 606 3086 beati
627 3022 715 3088 Petri
745 3023 889 3109 apostoli
919 3024 1029 3110 posita
1055 3025 1090 3089 in
1116 3022 1190 3088 loco
1213 3024 1314 3107 Trite,

517 3125 660 3210 ecclesia
673 3134 787 3193 sancte
798 3127 903 3193 Marie
915 3129 949 3192 in
958 3127 1159 3213 Apinianici,
1172 3127 1315 3213 ecclesia

518 3238 631 3293 sancte
654 3228 761 3295 Marie
789 3231 823 3295 in
847 3231 942 3296 Duas
966 3232 1142 3316 Basilicas,
1175 3230 1316 3316 ecclesia

517 3354 608 3399 uncto
623 3350 709 3400 Morio
724 3350 753 3400 in
768 3350 897 3414 ernusto,
920 3335 1063 3420 ecclesia
1082 3346 1195 3402 sancte
1211 3337 1315 3402 Marie

461 3451 496 3499 25
518 3438 551 3502 in
573 3436 707 3522 Pellene,
741 3437 882 3523 ecclesia
909 3460 1000 3506 sancte
1022 3456 1107 3507 Mario
1129 3458 1158 3505 in
1181 3457 1315 3522 Quinque-

518 3556 592 3606 milia
614 3574 631 3605 s
653 3574 714 3608 cum
736 3559 860 3608 omnibus
882 3542 1013 3609 iliorum
1039 3561 1207 3624 pertinentiis
1228 3577 1253 3623 e,
1284 3575 1316 3610 ea

518 3661 645 3711 videlicet
666 3662 770 3713 ratione
797 3668 930 3727 quatenus
956 3664 1157 3729 prenominatus
1184 3665 1267 3714 abbas
1290 3669 1316 3715 et

521 3766 563 3815 sui
586 3781 754 3817 successores
783 3766 816 3817 de
839 3768 928 3817 omnia
955 3753 1022 3817 iam
1050 3753 1181 3839 prefata
1208 3774 1262 3819 tarn
1290 3771 1319 3819 in

521 3869 572 3919 hoc
604 3875 731 3934 precepto
760 3884 892 3935 quamque
926 3872 954 3920 in
986 3871 1047 3921 aliis
1082 3856 1318 3943 scriptionibus

464 3973 499 4021 30
520 3973 639 4025 habeant
653 3980 812 4039 potestatem
827 3977 944 4039 tenendi,
959 3977 1029 4027 iuste
1045 3978 1233 4041 commutandi,
1249 3977 1317 4028 ordi-

518 4077 609 4142 nandi,
625 4079 774 4129 instruendi
789 4080 833 4130 vel
845 4080 972 4145 quicquid
987 4083 1088 4131 iustum
1100 4082 1181 4133 fuerit
1193 4083 1317 4134 faciendi.

485 4183 497 4231 1
519 4181 556 4231 Et
578 4182 645 4232 nulli
668 4185 704 4233 sit
726 4182 851 4249 deinceps
873 4183 984 4234 licentia
1003 4184 1074 4235 inira
1095 4186 1229 4250 predictos
1251 4186 1318 4238 lines

518 4288 636 4353 aliquam
665 4290 879 4339 contrarietatem
914 4304 961 4340 seu
997 4274 1163 4341 molestiam¹
1195 4292 1317 4356 partibus

518 4392 616 4442 inferre
638 4392 734 4457 prefati
763 4394 869 4444 cenobii
891 4409 940 4458 per
968 4394 1076 4445 inclitos
1099 4413 1115 4443 e
1142 4394 1208 4447 fines
1231 4412 1317 4462 neque

463 4495 496 4544 35
518 4512 566 4561 per
581 4498 763 4561 possessiones
778 4502 918 4562 parentum
941 4513 989 4549 seu
1004 4514 1052 4562 per
1074 4499 1154 4549 aliam
1169 4500 1318 4566 quamlibet

518 4602 648 4652 rationem
661 4607 772 4667 excepto
784 4618 832 4668 per
844 4603 995 4653 verissimas
1007 4604 1131 4667 cartulas,
1146 4621 1206 4655 cum
1218 4606 1317 4671 quibus

519 4720 548 4755 se
570 4708 724 4756 causatores
745 4706 868 4772 legaliter
886 4706 1028 4758 defendere
1051 4713 1157 4773 queant,
1178 4710 1317 4775 iustasque

519 4811 735 4876 consignationes
758 4810 860 4860 utiliter
882 4791 1084 4877 consignatask.
1111 4797 1316 4882 Preeipimus

454 4914 495 4962 ΙΙΙ
519 4917 641 4978 preterea
677 4899 839 4985 prefatum
874 4916 1065 4965 monasterium
1100 4930 1159 4964 cum
1193 4917 1317 4967 omnibus

463 5019 498 5067 40
520 5002 658 5088 prestitis
681 5020 848 5069 monasteriis
871 5024 912 5068 ae
935 5018 1019 5081 cellis,
1045 5019 1125 5068 rebus
1147 5034 1253 5086 quoque
1276 5027 1316 5071 ac

518 5122 627 5172 familiis
648 5122 748 5173 ibidem
776 5124 969 5188 aspicientibus
992 5116 1026 5172 et
1052 5140 1112 5173 cum
1134 5123 1263 5175 frutribus
1285 5140 1317 5175 ac

518 5226 656 5276 monacbis
677 5226 775 5278 ibidem
792 5226 841 5278 deo
857 5226 1051 5278 famulantibus
1075 5228 1124 5277 ereb
1140 5234 1230 5279 nostre
1244 5230 1317 5279 tuiti·

519 5331 578 5379 onis
605 5330 786 5381 munburdum
815 5318 903 5381 Omni
932 5325 1081 5403 tempore
1115 5340 1316 5404 permanere.

485 5434 499 5483 1
521 5433 600 5494 Quod
616 5435 638 5481 si
649 5434 778 5498 quislibet
792 5443 886 5487 contra
901 5436 970 5488 hanc
985 5442 1103 5487 nostram
1119 5438 1317 5488 concessionem

463 5538 498 5587 ⁴5
520 5538 563 5589 vel
587 5538 813 5591 confirmationem
836 5542 974 5609 insurgere
997 5542 1040 5593 vel
1062 5541 1198 5592 molestias
1220 5542 1318 5593 inferre

520 5645 697 5708 temptaverit,
726 5647 794 5696 sciat
815 5662 844 5697 se
866 5647 1075 5712 compositurum
1102 5648 1161 5695 auri
1184 5647 1318 5711 purissimi

560 5798 638 5856 227⁶.
655 5802 685 5869 5)
703 5808 821 5855 montem
839 5801 866 5857 Β
935 5806 955 5871 ἰ)
972 5804 1111 5856 molestias
1126 5802 1154 5855 B
1206 5804 1236 5870 lr)
1253 5819 1316 5854 con·

657 5874 766 5939 signata
783 5871 812 5926 B

2099 751 2165 817 309

1367 936 1430 1002 sibi
1455 936 1632 1020 subiectas,
1656 960 1783 1020 precepta
1797 961 1928 1026 quoquo
1951 970 2044 1020 regum
2058 958 2163 1023 Lango-

1366 1057 1510 1109 bardorum
1534 1051 1567 1108 et
1583 1057 1681 1108 ducum
1704 1064 1762 1109 seu
1778 1043 2001 1130 quorumlibet
2024 1045 2164 1111 aliorum

1368 1146 1553 1212 oblationes
1565 1148 1710 1212 virorum
1722 1169 1761 1212 ac
1776 1147 1837 1213 deo
1852 1147 2045 1215 devotorum
2058 1150 2164 1216 eidem

1366 1249 1508 1315 cenobio
1537 1248 1660 1316 Christi
1694 1252 1837 1316 martiris
1868 1252 2036 1319 vincentii
2070 1268 2164 1320 confir-

1366 1385 1508 1421 maremus.
1553 1353 1704 1435 Quorum
1732 1354 1841 1441 dignit
1863 1372 2039 1436 petitionibus
2062 1379 2163 1424 annu·

1368 1467 1460 1524 entes
1483 1488 1531 1539 pro
1555 1457 1607 1523 dei
1629 1488 1719 1524 amore
1741 1478 1768 1524 et
1782 1490 1798 1521 e
1821 1475 1909 1525 anime
1926 1480 2017 1527 nostre
2039 1477 2163 1542 remedio,

1367 1564 1473 1627 nostri
1503 1582 1633 1648 quoque
1661 1563 1754 1647 regni
1785 1562 1965 1629 stabilitate
1994 1574 2028 1631 et
2049 1576 2165 1633 nostra

1365 1675 1620 1753 nostrorumque
1632 1665 1777 1731 fidelium
1793 1665 2019 1734 incolumitate
2031 1692 2091 1757 per
2101 1670 2164 1736 hec

1367 1780 1480 1836 nostre
1518 1770 1776 1836 confirmationis
1816 1780 2008 1858 preceptum
2046 1789 2166 1854 predicta

1367 1896 1501 1956 precepta,
1535 1891 1692 1955 scriptiones
1719 1889 1763 1940 vel
1790 1889 1943 1941 offertiones
1970 1891 2165 1960 confirmamus,

1368 1995 1538 2047 concedimus
1562 1988 1595 2044 et
1616 1979 1747 2065 penitus
1770 1978 2022 2045 corroboramus
2046 1984 2079 2047 in
2093 2007 2164 2072 pre·

1368 2084 1456 2150 dicto
1491 2081 1629 2149 cenobio
1665 2079 1789 2148 Christi
1822 2083 1966 2171 martiris
2000 2084 2165 2153 Vincentii

1367 2198 1435 2253 iarn
1450 2189 1523 2252 istis
1540 2209 1638 2274 quarn
1649 2186 1768 2251 futuris
1779 2188 1946 2273 perpetuis
1961 2190 2165 2276 temporibus

1369 2293 1521 2358 omnibus
1553 2288 1806 2355 succedentibus
1838 2290 2016 2359 abbatibus
2046 2304 2079 2359 et
2100 2295 2165 2361 ira·

1367 2397 1473 2463 tribus
1485 2418 1525 2461 ac
1534 2395 1705 2460 monachis
1716 2394 2165 2465 ibidemdeofamulantibus.

1367 2500 1522 2587 inprimis
1552 2499 1593 2565 de
1626 2501 1698 2585 ipso
1729 2508 1844 2565 sancto
1877 2500 2016 2566 cenobio
2045 2510 2166 2568 terram

1368 2606 1490 2672 cultam
1508 2614 1541 2671 et
1556 2605 1714 2670 incultam
1731 2618 1896 2670 declarantes
1915 2622 2078 2673 nominative
2092 2622 2165 2687 ipsas
2187 2626 2200 2674 l

1370 2726 1530 2777 hereditates
1545 2741 1592 2790 per
1607 2725 1656 2775 hos
1670 2723 1752 2774 fines:
1780 2723 1812 2774 de
1828 2725 1887 2789 ipsa
1901 2724 2009 2787 Zittula,
2032 2726 2165 2791 quomodo

1369 2830 1490 2881 ascendit
1517 2844 1564 2894 per
1596 2830 1684 2893 ipsum
1713 2827 1843 2893 Sangrum
1877 2844 1962 2895 usque
1987 2814 2023 2879 in
2051 2836 2167 2881 montem

1368 2935 1469 2984 bialum
1498 2938 1524 2983 et
1546 2932 1678 2997 quomodo
1708 2934 1847 2999 coniungit
1875 2950 1935 2983 cum
1965 2940 2053 2985 monte
2076 2919 2167 2987 sorel

1370 3045 1397 3090 et
1419 3038 1572 3091 revolvente
1595 3037 1686 3088 eodem
1710 3042 1799 3087 monto
1814 3020 1904 3088 Arreb
1927 3054 2012 3104 usque
2034 3040 2062 3088 in
2084 3040 2167 3091 fluvio

1368 3144 1452 3195 Melia
1474 3149 1501 3194 et
1516 3141 1739 3207 quemadmodum
1754 3140 1873 3191 desumit
1894 3142 1954 3205 ipsa
1968 3142 2059 3205 lltelr'e,
2083 3159 2167 3208 usque

1368 3250 1416 3299 ubi
1431 3248 1603 3314 coniungitur
1619 3262 1679 3296 cum
1702 3260 1785 3310 parvo
1801 3246 1884 3296 fluvio
1899 3247 1946 3311 qui
1962 3246 2060 3297 dicitur
2074 3247 2167 3297 Mella-

1369 3354 1453 3416 rinus‚
1476 3358 1502 3403 et
1517 3352 1614 3403 abhinc
1630 3352 1658 3400 in
1673 3351 1774 3401 vertice
1789 3351 1894 3413 montis,
1917 3351 1963 3416 qui
1979 3366 2060 3415 super
2075 3352 2166 3403 urbem

1370 3463 1418 3521 est,
1435 3462 1461 3507 et
1475 3471 1551 3507 mone
1566 3457 1623 3520 ipse
1639 3454 1790 3519 appellatur
1802 3454 1927 3517 Barbola,
1944 3460 1970 3505 et
1985 3456 2167 3520 supercilium

1370 3562 1488 3614 eiusdem
1516 3561 1613 3610 montis
1642 3574 1727 3623 usque
1755 3560 1783 3607 in
1816 3562 1933 3609 montem
1961 3559 2114 3610 Archanum
2141 3567 2168 3612 et

1370 3672 1486 3717 montem
1513 3663 1618 3714 Martha
1645 3667 1814 3727 montemque
1844 3662 1939 3712 Oasale
1967 3678 2065 3729 eosque
2095 3664 2167 3716 ride-

1371 3772 1434 3821 licet
1460 3772 1563 3819 montes
1597 3768 1763 3817 extrinsecus
1790 3765 1986 3816 circumdantes
2019 3768 2047 3817 in
2081 3774 2167 3818 ortum

1370 3891 1455 3940 usque
1470 3873 1582 3939 riaginis
1597 3887 1649 3937 quq
1664 3870 1816 3920 nominatur
1827 3869 1985 3920 Ravennola
2000 3876 2027 3921 et
2042 3872 2167 3937 quamad-

1370 3977 1477 4045 modum
1505 3975 1622 4027 decurrit
1649 3976 1709 4039 ipsa
1730 3972 1888 4023 &reomela
1917 3988 2002 4039 usque
2028 3975 2056 4024 in
2085 3976 2168 4026 fluvio

1368 4083 1503 4133 Vulturno
1531 4085 1559 4131 et
1591 4078 1724 4145 quomodo
1753 4077 1904 4129 Vulturnus
1938 4078 2078 4145 coniungit
2107 4096 2167 4130 cum

1368 4188 1451 4237 fluvio
1467 4187 1569 4235 Bantra
1591 4188 1618 4233 et
1639 4184 1710 4233 sicut
1724 4183 1825 4232 Bantra
1847 4182 1986 4248 coniungit
2001 4198 2061 4232 cum
2083 4183 2166 4233 fluvio

1368 4290 1469 4341 Forulo
1500 4294 1526 4339 et
1559 4286 1692 4353 quomodo
1721 4286 1837 4337 Forulus
1865 4288 1996 4351 percurrit
2027 4302 2112 4353 usque
2139 4290 2167 4337 in

1368 4398 1439 4445 viam
1469 4395 1605 4459 antiquam
1629 4398 1656 4443 et
1684 4392 1745 4443 inde
1772 4393 1912 4458 coniungit
1938 4408 1998 4442 cum
2026 4393 2093 4442 rivio
2121 4394 2167 4457 qui

1369 4501 1521 4551 nominatur
1544 4496 1639 4562 Gyzoli
1667 4502 1694 4547 et
1716 4496 1778 4547 iude
1807 4496 1882 4545 vadit
1903 4497 1931 4544 in
1954 4497 2030 4558 rivio,
2064 4498 2091 4545 in
2114 4512 2166 4561 quo

1369 4620 1423 4655 non
1445 4618 1550 4668 semper
1571 4616 1643 4667 aqua
1664 4600 1788 4661 decurrit,
1823 4606 1850 4650 et
1871 4602 1910 4650 sic
1932 4600 2007 4649 vadit
2033 4614 2117 4665 usque
2140 4602 2167 4650 in

1369 4708 1515 4775 Sangrum3
1537 4712 1658 4771 preterea
1680 4706 1708 4754 in
1723 4695 1805 4755 aotu⁸
1827 4704 1959 4755 Balvenee
1975 4704 2106 4754 inlocum
2122 4706 2166 4770 qui
2190 4706 2216 4754 II

1369 4813 1521 4863 nominatur
1549 4810 1674 4875 Quinque
1696 4807 1773 4858 Milia
1801 4808 1941 4874 ecclesiam
1969 4813 2060 4858 sancte
2082 4808 2167 4858 Maris

1369 4934 1417 4983 per
1445 4915 1512 4966 fines
1541 4915 1586 4964 hic
1613 4913 1791 4978 subscriptos:
1829 4912 1945 4979 qualiter
1972 4911 2047 4962 vadit
2068 4913 2168 4962 fluvius

1370 5020 1473 5087 Sangro
1497 5035 1611 5082 versum,
1635 5034 1689 5084 qua
1709 5024 1787 5084 parte
1801 5018 1916 5069 Rasinus
1938 5018 2005 5079 fluit,
2029 5022 2055 5069 et
2070 5017 2166 5069 exinde

1370 5126 1486 5175 decurrit
1508 5125 1589 5186 rivus,
1613 5125 1658 5189 qui
1675 5124 1731 5173 exit
1745 5122 1778 5173 de
1793 5123 1917 5187 Quinque
1933 5121 2017 5185 Milia,
2040 5124 2168 5187 usquein

1368 5233 1480 5295 petram,
1503 5228 1550 5278 ubi
1573 5227 1624 5277 fuit
1646 5227 1794 5292 antiquitus
1817 5225 1963 5289 castellum,
1986 5230 2013 5274 et
2035 5226 2167 5291 quomodo

1369 5339 1427 5384 tota
1450 5334 1510 5397 ipsa
1526 5331 1604 5381 vallis
1627 5330 1701 5379 radit
1719 5331 1745 5379 in
1768 5330 1836 5379 rivio
1860 5329 1893 5379 de
1909 5328 2040 5379 Camarda
2062 5335 2088 5379 et
2110 5331 2167 5395 ipse

1370 5438 1444 5487 rivus
1467 5435 1585 5487 decurrit
1606 5436 1633 5484 in
1651 5436 1734 5485 fluvio
1758 5434 1868 5499 Sangro,
1891 5439 1919 5485 et
1940 5434 2011 5483 infra
2032 5434 2081 5484 hos
2102 5433 2169 5484 tinas

1369 5557 1475 5608 queque
1497 5541 1675 5601 continentur,
1709 5554 1768 5587 cum
1797 5538 1921 5587 omnibus
1947 5538 2066 5603 ecclesiis
2094 5538 2168 5587 cellis

1370 5645 1491 5695 curtibus
1520 5644 1596 5695 terris
1619 5642 1704 5691 vincis
1732 5642 1816 5706 pratis
1843 5642 1951 5706 pascuis
1980 5641 2055 5691 silvis
2083 5643 2167 5706 pisca-

1411 5799 1490 5854 ml.
1510 5801 1537 5863 5)
1564 5799 1642 5853 aren
1669 5814 1722 5853 ooo
1750 5797 1891 5853 dcrsslbeo
1913 5795 2004 5851 Hand
2027 5798 2095 5852 r'tber
2119 5796 2169 5853 der

1506 5868 1583 5922 Zeile
1599 5868 1809 5939 stocbpetrcpea
1878 5868 1904 5937 c)
1928 5881 1959 5920 so
1978 5867 2052 5921 oacb
2068 5862 2101 5921 ia
2119 5866 2169 5922 der

1510 5937 1576 5993 Urit.
1591 5936 1715 6005 Gisseifa
1732 5941 1812 5991 scatet
1823 5938 1987 5989 territorium
2005 5936 2073 5991 eder
2088 5941 2168 5990 comi·

1507 6014 1579 6060 tatus
1596 6008 1650 6077 (M.
1673 6008 1705 6061 G.
1724 6006 1794 6061 DD.
1813 6009 1841 6075 2,
1858 6008 1922 6069 276,
1939 6008 2007 6073 282,
2026 6008 2090 6073 613)
2107 6008 2168 6058 Bal-

1511 6080 1602 6130 bensis
