5642 7159
1335 769 1760 832 KAIssBuuKunnltu.

1517 953 1603 1031 109.

725 1154 821 1225 Korl
848 1156 911 1227 der
942 1153 1070 1227 Groese
1093 1155 1248 1245 ,qewbbrt
1273 1156 1340 1225 deo
1367 1176 1415 1224 oo
1441 1155 1506 1225 dos
1532 1152 1678 1223 Kloeter
1703 1151 1839 1223 Prrtm
1865 1174 1931 1222 ooo
1957 1151 2087 1220 eeioem
2113 1148 2221 1220 Voter
2239 1147 2372 1240 Pippio

724 1275 907 1367 oerpobteo
934 1275 1070 1348 Louteo
1102 1274 1464 1366 Gleiebbereobtipuop
1490 1276 1555 1345 mit
1581 1276 1648 1346 deo
1674 1273 1887 1344 Fieoolioeo.

1839 1425 2047 1499 Diodeobofeo
2070 1428 2131 1487 775
2155 1425 2329 1486 November.

828 1672 983 1746 Absobrs'ft
1006 1674 1055 1733 des
1078 1677 1130 1734 10.
1147 1673 1199 1733 Jb.
1223 1675 1265 1731 im
1288 1674 1418 1732 Rumor
1441 1669 1605 1732 Obortulor
1633 1672 1719 1748 (liber
1740 1670 1864 1749 oureus)
1891 1668 1914 1734 s.
1929 1672 1969 1729 45
1993 1672 2027 1728 in
2049 1669 2102 1728 der
2123 1668 2372 1729 Stodtbibliotbet
2395 1683 2410 1728 u

828 1796 870 1837 sse
894 1778 982 1838 Trter
1005 1776 1068 1856 (Β).
1709 1793 1711 1796 ·

830 1935 968 1993 Mortboe
991 1932 1060 1993 Coit.
1084 1940 1114 2003 1,
1143 1935 1186 1993 38
1215 1937 1323 1991 ecurt.
1348 1934 1454 1993 Prusa
1479 1930 1533 2009 (Β)
1565 1953 1606 1986 =
1635 1931 1795 1990 Hontbeim
1819 1931 1898 1990 Her.
1927 1930 2037 1990 lbeoir.
2061 1931 2092 2000 1,
2122 1931 2185 1988 136
2211 1934 2246 1987 ss⁰
2268 1931 2311 1989 53
2334 1949 2375 1982 =

829 2038 932 2111 llipne
958 2038 1070 2097 Potrol.
1096 2042 1146 2108 97,
1177 2039 1261 2097 1054
1283 2042 1318 2094 o⁰
1338 2040 1368 2096 8.
1392 2069 1435 2079 -
1459 2033 1571 2094 Calmet
1594 2035 1675 2095 Hiet.
1699 2034 1735 2092 de
1757 2034 1907 2093 Lorroim
1929 2028 1976 2105 1⁶,
2004 2036 2079 2103 286,
2108 2036 2139 2093 2.
2163 2032 2208 2092 ed.
2234 2026 2281 2102 2⁵,
2313 2034 2375 2090 110

830 2144 899 2216 (aus
922 2139 964 2217 Β)
989 2164 1030 2196 =
1053 2140 1201 2201 Bertbolet
1225 2141 1304 2200 Hist.
1329 2140 1365 2199 de
1387 2140 1599 2211 Lueemboorp
1621 2133 1669 2209 2⁶,
1694 2141 1746 2209 45,
1776 2160 1817 2193 =
1839 2138 1945 2211 Mtyoe
1966 2136 2080 2200 Putrol.
2103 2141 2155 2207 97,
2180 2138 2244 2196 953
2265 2145 2301 2193 η’
2322 2137 2374 2195 32.

829 2278 872 2290 -
895 2246 992 2320 Beyer
1013 2234 1208 2304 Mittetrbeio.
1238 2244 1302 2305 UB.
1325 2245 1356 2316 1,
1380 2248 1422 2305 34
1444 2251 1479 2302 η(
1492 2247 1534 2304 29
1557 2260 1615 2303 uuo
1637 2242 1677 2303 B.
1702 2276 1742 2285 -
1768 2241 1962 2302 Mtblboolser
1983 2240 2055 2315 Reu.
2079 2243 2144 2303 198
2166 2238 2268 2320 (194).
2397 2254 2428 2300 10

831 2382 1034 2455 succendes
1055 2382 1206 2455 rosseo.

719 2604 721 2609 ’
831 2608 888 2683 (G.)
912 2604 1056 2670 Karolus
1079 2604 1188 2688 gratia
1211 2603 1263 2669 dei
1287 2628 1346 2669 rex
1369 2605 1573 2670 Francorum
1598 2613 1631 2669 et
1647 2602 1946 2689 Langobardorum
1967 2624 2029 2668 nec
2052 2610 2138 2667 non·
2160 2609 2194 2667 et
2215 2600 2377 2688 patricius

727 2710 960 2775 Romanorum.
1068 2706 1231 2772 Omnibus
1255 2708 1421 2793 episeopis
1444 2706 1625 2773 abbatibus
1649 2707 1788 2773 ducibus
1812 2706 1990 2774 comitibus
2013 2707 2145 2771 vicariis
2172 2705 2376 2771 centenariis

728 2812 780 2878 vel
803 2812 937 2898 reliquis
972 2810 1125 2876 fidelibus
1148 2812 1270 2875 nostris
1305 2820 1373 2876 tam
1403 2811 1632 2897 praesentibus
1661 2834 1759 2899 quam
1790 2820 1823 2878 et
1851 2811 1970 2876 futuris
1998 2819 2113 2875 notum
2141 2809 2200 2892 sit,
2235 2807 2378 2894 qualiter

728 2916 868 2982 domnus
890 2925 923 2981 et
951 2917 1081 3001 genitor
1103 2924 1217 2979 noster
1246 2915 1331 2980 bone
1355 2917 1534 2981 memoriae
1556 2917 1716 3002 Pippinus
1749 2915 1915 3002 quondam
1937 2936 1998 2980 rex
2025 2913 2263 2980 monasterium
2287 2911 2378 2999 quod
2402 2927 2432 2974 ro

727 3020 1014 3085 vocaturPrumia
1035 3019 1209 3084 inhonore
1232 3021 1337 3083 sancti
1355 3017 1541 3085 Salvatoris
1565 3042 1585 3084 a
1608 3042 1693 3085 novo
1710 3020 1902 3086 fundamine
1924 3019 2016 3084 visus
2038 3020 2101 3084 fuit
2123 3016 2322 3085 edificasseb
2344 3024 2379 3081 et

728 3147 779 3188 res
802 3122 927 3188 fiscalis
950 3145 990 3188 ac
1006 3124 1218 3209 proprietatis
1241 3122 1409 3209 adipsum
1433 3134 1584 3189 sanctum
1601 3124 1710 3189 locum
1733 3126 1824 3190 visus
1840 3124 1903 3189 fuit
1926 3122 2100 3208 delegasse
2117 3131 2150 3188 et
2172 3124 2204 3187 in
2222 3120 2379 3187 omnibus

727 3228 952 3309 confirmasse,
976 3226 1033 3292 ubi
1050 3228 1270 3293 venerabilem
1293 3229 1400 3293 virum
1420 3226 1587 3292 Asuerum
1608 3226 1763 3293 abbatem
1780 3250 1938 3293 unacum
1955 3227 2192 3292 monachorum
2215 3234 2379 3291 rectorem

728 3355 883 3418 praeesse
909 3334 1080 3397 constituit
1111 3342 1144 3397 et
1167 3332 1346 3398 secundum
1376 3331 1524 3397 ordinem
1548 3340 1720 3397 sanctum⁰
1746 3330 1828 3396 illud
1851 3331 1960 3396 locum
1988 3331 2172 3417 gubernare
2195 3331 2377 3416 praecepit.

727 3436 824 3502 Unde
847 3436 1037 3523 praedictus
1053 3435 1142 3502 abbe
1158 3446 1191 3501 et
1205 3436 1357 3501 monachi
1381 3438 1502 3522 inipso
1527 3436 1688 3502 coenobio
1705 3438 1922 3501 consistentes
1946 3434 2140 3500 clementiae
2156 3436 2249 3520 regni
2272 3435 2378 3500 nostri
2401 3450 2435 3498 20

727 3542 909 3626 petierunt,
943 3548 980 3605 ut
1001 3541 1064 3625 ipsi
1088 3538 1253 3620 homines,
1289 3536 1395 3624 quaecl
1418 3538 1558 3605 domnus
1582 3550 1615 3605 et
1636 3541 1768 3625 genitor
1790 3549 1903 3605 noster
1930 3538 2016 3603 bone
2038 3540 2194 3623 memorie
2217 3538 2380 3623 Pippinus
2445 3624 2450 3633 Ι

728 3644 895 3729 quondam
917 3666 978 3708 rex
1001 3641 1045 3707 ad
1067 3643 1174 3728 ipsum
1193 3643 1430 3707 monasterium
1459 3646 1625 3708 concessit
1647 3642 1699 3708 vel
1729 3642 1913 3729 delegavit,
1947 3646 1981 3707 in
2004 3644 2078 3728 ipsa
2108 3652 2222 3708 tenore
2246 3650 2279 3706 et
2301 3663 2380 3706 con·

728 3745 917 3827 suetudine,
953 3747 1039 3811 sicut
1061 3756 1160 3812 antea
1183 3747 1315 3812 fuerunt
1338 3756 1370 3811 et
1394 3748 1494 3812 ceteri
1517 3746 1658 3811 fiscalini
1683 3756 1759 3812 sunt
1780 3748 1902 3830 nostri,
1930 3746 2058 3832 abeque
2081 3746 2223 3811 alicuius
2247 3754 2380 3810 contra·

729 3850 872 3916 dictione
901 3850 945 3916 sd
975 3852 1043 3915 iam
1071 3850 1160 3915 dicto
1190 3849 1264 3915 loco
1294 3849 1436 3915 debeant
1464 3873 1657 3936 permanere
1687 3861 1754 3916 tam
1784 3851 1825 3917 de
1854 3874 1975 3917 causes
2005 3871 2118 3917 eorum
2147 3853 2181 3916 in
2207 3850 2380 3936 responsis

729 3976 892 4040 quamque
914 3955 1016 4020 aliam
1038 3954 1144 4041 legem
1168 3963 1219 4019 et⁰
1242 3955 1532 4037 consuetudinem,
1562 3958 1649 4020 sicut
1670 3955 1788 4041 reliqui
1817 3958 1903 4021 infra
1926 3978 2028 4043 regna
2057 3965 2173 4022 nostra
2200 3954 2379 4021 habuerint
2401 3971 2435 4017 25

728 4057 870 4123 fiscalini
893 4067 926 4123 et
948 4067 1047 4123 antea
1068 4059 1101 4122 in
1125 4080 1388 4143 unumquemque
1412 4080 1498 4144 pago
1523 4057 1707 4126 habuerunt
1730 4062 2012 4127 cousuetudinem.
2038 4058 2141 4126 Cuius
2157 4081 2218 4125 nos
2242 4069 2380 4147 propter

728 4183 847 4226 nomen
869 4161 994 4226 domini
1023 4172 1055 4226 et
1077 4162 1183 4246 anime
1213 4170 1345 4227 nostrae
1373 4162 1554 4227 remedium
1577 4184 1691 4227 eorum
1719 4165 1934 4250 petitionibus
1961 4164 2171 4251 nequivimus
2201 4163 2378 4249 denegare,

729 4264 788 4330 sed
820 4266 854 4329 in
878 4264 1030 4330 omnibus
1062 4266 1266 4351 praestitisse
1295 4274 1327 4330 et
1354 4265 1568 4330 confirmasse
1597 4270 1798 4351 cognoscite.
1844 4270 2090 4355 Praecipientes
2119 4290 2197 4355 ergo
2226 4266 2379 4333 iubemus

728 4376 828 4454 atque
851 4369 1088 4455 praecipimus,
1123 4377 1159 4433 ut
1181 4368 1290 4433 nullus
1314 4368 1471 4455 quislibet
1500 4369 1540 4435 de
1562 4369 1716 4436 fidelibus
1745 4374 1867 4437 nostris
1891 4396 1996 4459 neque
2025 4373 2066 4438 de
2089 4372 2262 4439 iudiciaria
2286 4382 2378 4457 pote

730 4482 814 4538 state
838 4469 921 4537 iam¹
950 4473 1020 4538 fata
1051 4482 1151 4538 oasa⁸
1179 4472 1231 4539 dei
1260 4473 1312 4538 vel
1341 4482 1486 4539 rectores
1516 4475 1586 4540 eius
1615 4496 1676 4540 nec
1704 4476 1851 4542 homines
1880 4477 1923 4543 ad
1946 4478 2056 4563 ipsum
2086 4486 2236 4541 sanctum
2266 4474 2378 4540 locum
2402 4489 2435 4537 eo

730 4577 962 4659 deservientes,
993 4600 1089 4663 quem
1113 4576 1253 4642 domnus
1277 4597 1316 4641 ac
1340 4578 1469 4663 genitor
1491 4588 1603 4644 noster
1624 4578 1669 4643 ibi
1694 4583 1868 4663 concessit,
1900 4581 1940 4647 de
1963 4582 2026 4646 hac
2050 4604 2085 4647 re
2108 4582 2295 4667 inquietare
2317 4600 2380 4643 nec

729 4680 929 4747 calumniam
953 4704 1111 4766 generare
1133 4681 1323 4747 nullatenus
1345 4684 1574 4766 praesumatis,
1605 4684 1679 4764 nisi,
1704 4693 1740 4749 ut
1763 4684 1918 4767 diximus,
1954 4687 2077 4750 nostris
2100 4692 2134 4750 et
2156 4685 2275 4749 futuris
2299 4692 2379 4747 tem·

729 4783 872 4870 poribus,
897 4786 983 4850 sicut
1006 4793 1182 4871 antequam
1208 4785 1346 4850 domnus
1368 4806 1408 4848 ac
1430 4787 1560 4871 genitor
1581 4795 1694 4851 noster
1715 4809 1772 4852 eos
1791 4787 1835 4852 ad
1852 4790 2077 4875 superscripta
2099 4786 2201 4854 casa¹¹
2223 4788 2276 4853 dei
2293 4786 2380 4852 dele·

728 4895 857 4973 gasset,
886 4886 1036 4973 partibus
1060 4890 1128 4953 suis
1153 4888 1392 4971 deservierunt,
1422 4891 1469 4954 ita
1492 4891 1589 4955 simili
1612 4891 1710 4956 modo
1734 4891 1778 4957 ad
1805 4893 1945 4959 eundem
1970 4904 2119 4958 sanctum
2148 4893 2258 4959 locum
2282 4895 2316 4958 in
2339 4914 2380 4958 ea

729 5000 841 5056 tenore
865 4991 1030 5058 deservire
1052 4992 1195 5058 debeant
1217 5002 1285 5057 tam
1308 4996 1341 5058 in
1365 4996 1535 5079 responsis
1559 4995 1668 5061 dando
1691 5019 1855 5083 quamque
1879 5007 1912 5062 et
1932 4996 2091 5084 reliquam
2114 4997 2219 5083 legem
2244 5020 2285 5063 ec
2300 5019 2378 5061 con·
2402 5010 2433 5059 ec

730 5094 947 5177 suetudinem,
965 5097 1050 5161 sicut
1065 5098 1163 5161 ceteri
1180 5096 1321 5162 fiscalini
1338 5096 1460 5162 habere
1476 5098 1637 5164 videntur.
1662 5100 1707 5164 Et
1722 5109 1758 5164 ut
1772 5100 1854 5165 haec
1870 5104 2058 5186 praeceptio
2075 5101 2198 5166 firmior
2214 5099 2380 5165 habeatur

729 5218 769 5262 ac
794 5220 852 5283 per
873 5208 1024 5284 tempore
1047 5199 1163 5264 melius
1187 5210 1410 5281 conservetur,
1441 5222 1541 5267 manu
1563 5204 1698 5289 propria
1722 5203 1834 5270 subter
1856 5205 2059 5271 firmavimus
2082 5216 2117 5271 et
2139 5204 2239 5270 anulo
2263 5214 2378 5271 nostro

730 5301 874 5388 sigillare
897 5305 1064 5369 iussimus.

833 5458 970 5546 Signum
993 5459 1111 5526 Karoli
1135 5459 1366 5546 gloriosissimi
1389 5465 1487 5549 regis.

833 5598 923 5663 Data
952 5619 1066 5664 mense
1088 5599 1287 5681 novembrio⁴
1310 5623 1397 5667 enno
1422 5612 1540 5667 octavo
1570 5611 1603 5667 et
1626 5620 1660 5665 vr
1691 5603 1782 5685 regni
1811 5603 1932 5682 nostri;
1971 5612 2082 5666 aetum
2107 5601 2379 5668 Theodonisvilla
2399 5617 2431 5664 so

730 5700 883 5787 publica3
913 5703 946 5767 in
969 5702 1023 5768 dei
1046 5704 1176 5768 nomine
1200 5703 1347 5770 feliciter.

807 5922 866 5977 1⁰0.
886 5923 912 5987 a)
929 5924 996 5977 rtber
1016 5922 1065 5977 der
1084 5923 1159 5979 Zeile
1177 5942 1230 5980 oon
1249 5926 1390 5981 dersdbers
1408 5926 1499 5980 Hand
1521 5926 1728 5996 meretrcem
1807 5927 1834 5993 b)
1852 5927 1977 5979 edificare
1995 5927 2023 5980 Β
2092 5929 2118 5996 e)
2135 5937 2257 5982 sancum
2275 5930 2303 5985 Β

884 5993 911 6059 d)
923 6010 992 6060 quae
1010 5994 1061 6047 mit
1073 5993 1319 6065 Kursuopsstriob
1336 5996 1432 6049 bbere
1502 5997 1528 6064 e)
1545 6012 1598 6050 oon
1615 6000 1743 6065 opeterer
1757 5995 1848 6048 Herod
1866 5998 1934 6051 iiber
1947 5996 1997 6050 der
2010 5996 2086 6051 Zeite
2103 5998 2312 6069 mebpetraqeo

883 6062 1086 6129 oquimB
1190 6066 1321 6133 opheta
1337 6064 1445 6119 ceraB
1549 6066 1578 6133 h)
1595 6082 1658 6117 cars
1676 6065 1712 6117 Β.
