5642 7159
1056 708 1176 768 KARL
1198 707 1287 767 nus
1309 706 1474 767 ossosss
1496 705 1571 771 811.
2071 706 2135 773 285

483 918 542 983 per
569 895 829 961 misericordiam
858 894 910 959 dei
940 916 1001 959 rex
1028 894 1233 960 Francorum
1264 903 1296 959 et
1324 891 1340 974 ξ
1365 893 1675 981 Langobardorum.
1791 896 1953 964 Omnibus
1982 898 2135 965 fidelibus

483 1000 605 1065 nostris
626 997 856 1085 praesentibus
884 1008 917 1063 ct
939 998 1059 1064 futuris
1089 1006 1203 1063 notum
1226 999 1280 1081 sit,
1316 995 1415 1083 quisb
1437 997 1559 1064 Bennit
1586 1019 1697 1063 comes
1719 998 1827 1064 fidelis
1854 1009 1968 1067 noster
1994 1001 2137 1068 innotuit

486 1104 656 1169 serenitati
671 1111 814 1187 nostrae,
839 1124 877 1168 eo
894 1101 984 1189 quod
999 1110 1094 1188 pater
1117 1100 1204 1166 illius
1219 1099 1440 1187 Amalungus,
1465 1101 1544 1167 dum
1559 1103 1659 1169 ceteri
1677 1101 1828 1169 Saxones
1844 1113 2026 1190 pagenses⁶
2047 1105 2135 1172 illius

484 1218 602 1275 contre
617 1230 677 1273 nos
700 1207 878 1274 infideliter
893 1204 1070 1293 egissentd,
1093 1205 1265 1292 praefatus
1280 1204 1487 1291 Amalungus
1510 1206 1649 1273 mallens
1664 1206 1763 1273 fidem
1780 1229 1873 1273 suam
1890 1230 2021 1275 servare
2039 1233 2135 1297 quam

445 1331 462 1377 o
485 1333 559 1377 cum
581 1313 699 1377 ceteris
721 1310 910 1377 infidelibus
932 1318 1175 1396 perseverar00,
1197 1309 1385 1395 relinquens
1408 1309 1518 1376 locum
1541 1312 1722 1377 nativitatis
1746 1333 1827 1378 suec
1850 1312 1986 1379 veniens
2009 1314 2053 1380 ad
2074 1336 2136 1381 nos

484 1426 527 1495 et,
550 1416 628 1482 dum
650 1417 685 1481 in
708 1424 821 1482 nostro
845 1423 933 1482 esset
956 1413 1125 1501 obsequio,
1154 1416 1245 1479 venit
1266 1413 1311 1479 ad
1333 1413 1445 1480 villam
1469 1415 1564 1479 cuius
1588 1425 1641 1480 est
1662 1414 1862 1481 vocabulum
1885 1416 2135 1503 Uuluisanger‘,

484 1543 583 1608 quam
612 1530 691 1587 tunc
721 1521 880 1607 temporis
903 1519 1024 1584 Frenci
1053 1528 1086 1583 et
1109 1518 1261 1584 Saxones
1289 1515 1474 1582 inhabitare
1505 1517 1712 1601 videbantur,
1747 1521 1883 1606 cupiens
1911 1519 1956 1586 ibi
1989 1543 2065 1587 cum
2090 1524 2138 1589 eis

483 1648 627 1708 manere,
653 1623 711 1690 sed
732 1624 867 1690 minime
890 1624 1007 1710 potuit.
1052 1622 1146 1688 Tunc
1168 1642 1308 1709 pergens
1338 1622 1381 1687 od
1403 1621 1513 1688 locum
1543 1623 1597 1709 qui
1627 1623 1747 1689 dicitur
1770 1623 2031 1692 Uualdisbecchi
2053 1628 2139 1693 inter

484 1730 649 1797 Uuiserae
664 1739 698 1795 et
712 1729 870 1813 Fuldeess,
894 1726 1075 1816 proprisith
1099 1727 1161 1793 sibi
1177 1736 1305 1813 portem
1329 1727 1493 1814 quendam
1510 1726 1551 1792 de
1568 1726 1652 1792 silva
1668 1749 1752 1814 quoe
1769 1738 1908 1793 vocatur
1922 1729 2135 1814 Bocchonis¹,

431 1852 464 1902 ro
487 1857 586 1921 quam
609 1836 752 1900 moriens
775 1833 949 1920 dereliquit
963 1833 1031 1899 filio
1056 1854 1116 1898 suo
1132 1832 1262 1898 Bennit.
1291 1832 1356 1913 Qui
1372 1831 1417 1897 ed
1439 1840 1586 1897 nostrum
1608 1832 1771 1923 accedens
1795 1832 2001 1900 clementiam
2025 1844 2136 1920 posto·

484 1938 566 2005 lavit
587 1938 777 2004 celsitudini
793 1946 937 2020 nostroe,
961 1946 997 2002 ut
1012 1946 1146 2002 nostroe
1170 1936 1377 2002 auctoritatis
1393 1943 1586 2022 preceptum
1609 1936 1699 2001 circa
1722 1959 1797 2002 eum
1820 1938 2016 2003 confirmare
2039 1938 2137 2005 debe·

484 2065 604 2127 remus,
628 2052 791 2130 quatenus
814 2043 886 2129 ipse
908 2050 941 2107 et
962 2040 1102 2107 heredes
1124 2040 1214 2106 illius
1231 2041 1384 2127 perennis
1407 2038 1610 2126 temporibus
1627 2039 1754 2127 absque
1777 2041 1917 2108 alicuius
1933 2043 2136 2129 praeiudicio

484 2157 596 2213 tenere
619 2156 652 2211 et
673 2146 843 2232 possidere
866 2146 977 2233 quieto
1001 2145 1116 2211 ordine
1140 2142 1328 2210 deberent&
1352 2142 1455 2209 Cuius
1478 2146 1669 2229 petitionem
1693 2145 1857 2232 denegare
1879 2147 2055 2225 noluimus,
2080 2147 2138 2213 sed

484 2253 533 2317 ita
554 2272 616 2316 nos
638 2248 701 2316 illi¹
724 2251 929 2316 concessisse
952 2258 1052 2336 atque
1073 2250 1107 2314 in
1131 2247 1283 2314 omnibus
1306 2249 1519 2315 confirmasse
1543 2252 1772 2336 cognosciteffl.
1796 2252 2042 2338 Praecipientes
2058 2274 2136 2339 ergo

431 2372 463 2421 ro
485 2354 645 2438 iubemus,
679 2363 718 2420 ut
743 2353 853 2419 nullus
876 2352 1021 2420 fidelium
1050 2362 1238 2418 nostrorum
1266 2355 1491 2439 praesentium
1520 2354 1648 2420 scilicet
1675 2364 1709 2420 et
1736 2355 1921 2422 futurorum
1952 2358 2137 2443 praefatum

485 2459 605 2525 Bennit
626 2458 680 2523 vel
702 2457 840 2524 heredes
862 2457 950 2524 iliius
974 2457 1014 2523 de
1036 2457 1100 2524 hoc
1123 2459 1287 2544 propriso,
1322 2456 1410 2544 quod
1432 2458 1463 2523 in
1492 2456 1607 2543 lingua
1629 2479 1743 2524 eorum
1771 2457 1893 2525 dicitur
1916 2458 2047 2547 bivano,
2081 2485 2137 2528 ex·

485 2564 611 2650 poliere
633 2572 692 2629 eut
713 2563 896 2650 inquietare
919 2562 986 2629 ullo
1010 2583 1141 2650 quoque
1163 2573 1311 2648 tempore
1334 2563 1565 2648 praesumatis,
1590 2562 1649 2628 scd
1667 2562 1776 2644 liceat,
1801 2565 1887 2630 sicut
1911 2564 2067 2649 diximus,
2090 2567 2137 2633 cis

485 2690 544 2754 per
564 2666 628 2733 hoc
650 2676 800 2733 nostrum
823 2676 1037 2754 praeceptum
1059 2667 1167 2753 ipsam
1189 2675 1321 2750 terrem,
1357 2676 1659 2752 quantumcumque
1688 2676 1784 2753 pater
1805 2668 1895 2734 illius
1924 2671 2083 2757 proprisit
2105 2679 2139 2736 et

485 2772 515 2837 ei
537 2774 572 2837 in
594 2771 775 2837 hereditate
798 2771 932 2848 dimisit,
956 2772 1213 2857 omnitempore
1236 2779 1348 2836 tenere
1370 2778 1471 2856 atque
1493 2770 1665 2857 possidere
1675 2780 1700 2835 ².
1729 2773 1773 2838 Et
1788 2782 1825 2839 ut
1846 2773 1929 2840 haec
1952 2776 2137 2841 auctoritas

429 2894 464 2942 ιο
485 2877 609 2943 firmior
630 2876 793 2944 habeatur
807 2876 860 2943 vel
883 2899 942 2963 per
956 2885 1106 2963 tompore
1129 2875 1247 2941 melius
1263 2883 1487 2957 conservetur,
1512 2874 1553 2939 de
1569 2874 1668 2940 anulo
1692 2884 1806 2942 nostro
1831 2876 1945 2943 subter
1968 2878 2138 2965 siggillare

486 3002 651 3046 iussimus.

588 3120 646 3199 (8.)
668 3115 684 3200 3
706 3118 827 3186 Suauis
849 3118 1001 3184 advicem
1024 3116 1226 3183 Ercenbaldi
1250 3116 1369 3202 scripsi
1392 3124 1445 3182 et⁰
1467 3114 1481 3198 ξ
1503 3120 1570 3195 (SR.
1587 3120 1666 3181 uu:
1701 3120 1810 3181 Saudo
1832 3122 1977 3197 scripsit).
2013 3124 2069 3197 (SI.
2086 3125 2137 3199 D.)

588 3257 679 3323 Date
707 3256 776 3323 kal.
800 3256 983 3325 decembris
1013 3279 1098 3322 anno
1128 3276 1167 3322 ιιι
1191 3254 1321 3322 Christo
1352 3256 1494 3341 propitio
1517 3256 1645 3341 imperii
1675 3257 1778 3323 nostri
1802 3265 1836 3322 et
1858 3274 1959 3322 xu1111
1985 3260 2079 3344 regni
2102 3258 2136 3322 in

485 3364 629 3429 Francia
652 3373 753 3450 atque
768 3382 894 3428 xxxvn
916 3364 950 3428 in
972 3361 1081 3438 Italis,
1105 3360 1285 3427 indictione
1308 3368 1368 3442 νὴ
1392 3368 1503 3425 actum
1519 3361 1721 3447 Aquisgrsni
1744 3360 1870 3447 palatio
1894 3362 2002 3447 regio;
2027 3363 2062 3426 in
2085 3362 2137 3426 dei

430 3482 464 3531 eo
486 3469 618 3533 nomine
641 3466 781 3533 feliciter
803 3476 931 3534 ament.

1272 3775 1360 3850 214.

486 3935 582 4007 Kori
609 3936 672 4007 der
704 3933 834 4006 Grosse
865 3934 1005 4006 ecbeebt
1036 3934 1101 4005 der
1126 3932 1259 4006 Kircbe
1285 3958 1351 4006 ooo
1378 3933 1591 4026 Aquiteyo
1625 3936 1692 4005 dee
1718 3934 1839 4007 Besite
1871 3936 1935 4007 der
1960 3959 2019 4007 om
2046 3935 2138 4025 Aef-

486 4058 592 4128 stand
617 4057 678 4128 des
696 4055 854 4147 Hereops
872 4054 1038 4146 Rotpoud
1064 4054 1280 4146 betbeiiiptee
1298 4055 1446 4127 Brb'der
1462 4056 1628 4147 Rotpoud
1654 4056 1730 4127 errd
1746 4055 1850 4127 Felix
1876 4079 1957 4127 eum
1983 4057 2139 4130 Wieder-

487 4177 627 4265 ousborr
653 4178 717 4247 der·
743 4175 855 4248 Socer.

431 4296 466 4346 so
1630 4281 1752 4341 Aerem
1773 4283 1834 4342 811
1860 4281 2022 4342 December
2041 4286 2095 4344 21.

590 4470 747 4544 Abscbriti
770 4471 821 4531 dee
843 4473 896 4533 18.
920 4471 973 4532 Jb.
998 4472 1078 4531 einer
1102 4473 1297 4532 Transeumts
1318 4475 1486 4533 oon1732
1511 4471 1572 4533 oe.
1596 4474 1615 4533 5
1645 4470 1714 4550 (aus
1736 4472 2062 4533 Notariotstronseumt
2083 4490 2139 4532 oon

591 4579 677 4637 1486
699 4576 787 4637 Febr.
804 4579 846 4636 15
869 4593 905 4634 ea
927 4575 1057 4650 quodem
1079 4575 1168 4654 libro)
1190 4578 1225 4635 r‘rr
1247 4576 1301 4635 der
1315 4576 1493 4651 Sammlurty
1507 4577 1622 4637 Pirorso
1643 4578 1677 4635 in
1699 4576 1754 4635 der
1773 4575 1955 4636 dddiiscberr
1970 4576 2140 4636 Bibliotbet

591 4699 632 4739 ru
659 4679 756 4761 Udine
779 4679 844 4759 (B).
868 4712 911 4723 -
934 4677 1097 4739 Obortelor
1118 4681 1169 4740 dee
1190 4682 1243 4742 15.
1261 4680 1315 4741 Jb.
1340 4678 1525 4759 (obsecutori
1546 4683 1580 4740 irs
1601 4683 1669 4741 iure
1691 4676 1789 4741 366⁶⁶⁸
1809 4680 1841 4760 4)
1860 4684 1935 4755 p.3
1957 4681 2000 4739 im
2022 4680 2138 4743 &aare

566 4900 625 4956 218
645 4902 673 4966 b)
690 4900 808 4953 Ksrolus
819 4900 1002 4954 Romanorum
1019 4904 1164 4969 imperator
1176 4908 1306 4970 angustus
1324 4905 1449 4955 omnibus
1467 4903 1591 4956 fidelibus
1609 4906 1665 4956 suis
1677 4910 1732 4956 tam
1750 4904 1919 4970 presentibus
1932 4918 2012 4969 quam
2030 4902 2137 4954 futuris.

645 4973 745 5023 Notum
762 4973 799 5021 sit
816 4970 878 5023 fidei
896 4978 923 5023 et
940 4973 1078 5024 devotioni
1095 4980 1192 5040 vacue,
1210 4975 1275 5039 quis
1294 4971 1323 5037 0,
1341 4972 1372 5025 D
1390 4972 1514 5042 decepero
1531 4993 1565 5019 =
1582 4972 1611 5026 A
1691 4974 1717 5041 c)
1734 4978 1858 5040 parentes
1878 4970 1929 5025 OD
1999 4972 2027 5039 d)
2044 4979 2139 5024 contre

644 5056 694 5091 nos
712 5045 803 5092 essent
819 5040 965 5093 infideliter
982 5058 1032 5093 nos
1049 5043 1241 5109 impugnarent
1260 5040 1282 5094 0
1368 5042 1394 5109 e)
1411 5059 1473 5093 oum
1490 5044 1587 5094 ceteris
1606 5042 1758 5095 Senonibus
1775 5040 1921 5093 infideliter
1939 5043 2026 5107 perire
2045 5038 2068 5095 0

644 5110 666 5175 t')
691 5109 878 5176 Fuigessnger
901 5109 929 5172 0,
956 5111 1139 5179 Vuivissngsr
1156 5110 1187 5163 D
1290 5111 1319 5177 g)
1341 5111 1537 5163 Wsldesbeche
1562 5114 1633 5163 inter
1656 5113 1791 5164 Wisersm
1817 5117 1845 5163 et
1872 5107 2033 5162 FuldsmO

643 5179 673 5242 b)
690 5178 874 5244 occupavitO
957 5181 979 5247 i)
996 5179 1126 5234 darnacb
1143 5180 1175 5233 r'rr
1194 5178 1430 5248 Odsqacbolrer
1447 5187 1475 5233 et
1492 5182 1558 5232 fecit
1574 5182 1613 5232 ibi
1631 5182 1717 5233 mults
1734 5180 1845 5232 novalia
1862 5179 1997 5246 villasque
2015 5181 2138 5247 egregias

644 5248 674 5314 k)
692 5253 824 5314 quatenus
848 5250 915 5315 ipse,
942 5251 1029 5316 quoad
1052 5252 1164 5311 viveret,
1192 5250 1294 5317 ubsque
1316 5250 1401 5301 ullius
1429 5250 1576 5316 preiudioio
1600 5256 1693 5303 tenere
1719 5256 1747 5302 ct
1770 5249 1907 5317 possidere
1924 5250 2021 5316 'quieto
2045 5250 2139 5301 ordine

646 5318 764 5381 deberet,
781 5324 843 5385 post
861 5324 973 5369 mortem
990 5335 1054 5371 vero
1072 5336 1149 5371 snam
1167 5319 1201 5369 ed
1219 5318 1357 5371 Fuldense
1375 5322 1576 5381 monasterinm,
1595 5321 1666 5387 quod
1683 5322 1835 5371 construxit
1851 5323 1961 5371 sauctus
1973 5318 2139 5381 Bonitacins,

644 5389 772 5438 trsnsirst
790 5386 834 5453 D,
861 5386 908 5440 die
924 5386 1090 5459 Fdiscburry
1108 5388 1204 5442 weiter
1222 5387 1393 5458 caspefbbrt
1410 5402 1466 5441 oon
1483 5387 1650 5442 Eberhard:
1667 5391 1776 5453 Bonnit,
1794 5390 1841 5457 qni
1858 5389 1949 5439 statim
1968 5387 2001 5438 sd
2019 5394 2139 5439 nostrum

645 5458 758 5508 veniens
776 5457 949 5509 clementiam
967 5458 1116 5525 postularit
1133 5458 1322 5509 celsitudinem
1334 5463 1463 5523 nostram,
1481 5464 1512 5509 nt
1524 5464 1616 5510 nostra
1629 5462 1788 5512 anctoritate
1805 5464 1834 5509 st
1846 5464 1972 5525 precepto
1986 5459 2045 5509 eius
2057 5457 2138 5510 villos

645 5526 787 5578 defendere
799 5526 939 5591 vellemus,
958 5534 1101 5594 quotenus,
1118 5528 1182 5579 dum
1200 5529 1305 5579 viveret
1321 5530 1389 5593 ipse,
1406 5528 1457 5579 sub
1475 5533 1533 5579 tuto
1552 5534 1623 5580 esset
1641 5545 1673 5580 eo
1691 5536 1784 5581 tenore
1801 5535 1829 5580 ot
1846 5528 2011 5593 conditione,
2029 5534 2060 5579 ut
2078 5532 2140 5594 post

644 5601 757 5646 mortem
784 5611 861 5647 suam
884 5598 973 5648 omnis
990 5599 1049 5649 sius
1072 5597 1206 5649 heredites
1233 5602 1262 5649 et
1285 5598 1420 5663 possessio
1445 5598 1479 5648 sd
1497 5597 1641 5648 Fuldensis
1669 5600 1824 5648 monasterii
1847 5597 1977 5649 ditionem
2003 5600 2138 5648 transiret.

645 5665 722 5726 Quod
740 5670 768 5715 st
785 5665 885 5716 iactum
903 5672 953 5717 est
989 5668 1048 5730 Heo
1065 5682 1137 5734 ergo,
1156 5683 1208 5733 que
1226 5666 1271 5718 hie
1288 5667 1424 5734 doemipta
1441 5673 1512 5733 sunt,
1540 5666 1629 5717 banno
1648 5674 1675 5717 et
1693 5672 1819 5732 precepto
1840 5674 1932 5718 nostro
1951 5667 1984 5717 ed
2002 5666 2140 5717 Fuldeuss

645 5737 837 5785 monasterinm
855 5738 991 5801 pertinere
1002 5737 1206 5804 comprobemus
1224 5741 1253 5786 st
1263 5735 1462 5802 confirmamus,
1479 5736 1531 5787 boc
1542 5741 1584 5787 cst
1602 5735 1729 5802 quicquid
1748 5738 1819 5787 inter
1831 5736 1965 5788 Wisersm
1983 5742 2011 5787 et
2022 5735 2139 5787 Fuldsm

645 5805 780 5869 predictus
803 5820 893 5855 comes
910 5805 1011 5856 Bennit
1033 5806 1132 5857 babere
1150 5807 1225 5856 visus
1243 5813 1293 5870 est,
1320 5806 1388 5857 dues
1411 5806 1457 5857 len
1477 5822 1506 5857 ss
1524 5804 1630 5857 scilicet
1651 5807 1680 5857 iu
1699 5805 1810 5873 longum
1829 5811 1856 5856 et
1878 5805 1944 5856 dues
1962 5806 1990 5855 in
2008 5804 2094 5856 istum
2112 5809 2140 5855 et

644 5888 692 5925 sex
708 5875 738 5923 in
756 5875 871 5924 circuitu
888 5873 1024 5940 (writeres
1041 5873 1165 5943 semoti
1244 5874 1265 5940 l)
1282 5892 1333 5927 nos
1351 5875 1394 5926 illi
1411 5822 1483 5939 subdi
1501 5874 1531 5928 D
1614 5874 1651 5942 m)
1668 5892 1687 5943 g
1704 5890 1758 5928 voro
1776 5872 1920 5928 dereelbm
1939 5872 2030 5926 Herod
2048 5887 2103 5926 asse
2121 5890 2139 5923 n

643 5956 717 5995 corr.
736 5943 763 5995 A
867 5942 897 6008 n)
913 5944 1023 6007 dimisit,
1041 5950 1134 5996 tenero
1151 5950 1233 6011 etque
1250 5945 1396 6011 possidere,
1415 5951 1447 5995 ut
1465 5947 1640 6012 prescriptum
1659 5952 1700 5997 est
1718 5943 1749 5997 D
1838 5943 1865 6008 o)
1884 5942 1999 5994 Suavins
2018 5944 2139 5995 edricem

644 6012 808 6063 Ercsnbsldi
826 6015 970 6079 recognovi
989 6012 1019 6067 D
1100 6012 1128 6080 p)
1145 6014 1293 6065 indictione
1311 6014 1336 6066 V
1353 6012 1423 6079 sebit
1442 6012 1472 6067 D
1543 6016 1571 6082 q)
1589 6012 1717 6068 dornacb
1734 6010 1806 6067 norb
1824 6010 1990 6066 tironisobes
2008 6028 2087 6065 amen
2104 6012 2139 6065 A.
