<?xml version="1.0" encoding="UTF-8"?>
<!DOCTYPE html PUBLIC "-//W3C//DTD XHTML 1.0 Transitional//EN"
    "http://www.w3.org/TR/xhtml1/DTD/xhtml1-transitional.dtd">
<html xmlns="http://www.w3.org/1999/xhtml" xml:lang="en" lang="en">
 <head>
  <title>
</title>
<meta http-equiv="Content-Type" content="text/html;charset=utf-8" />
  <meta name='ocr-system' content='tesseract 3.04.00' />
  <meta name='ocr-capabilities' content='ocr_page ocr_carea ocr_par ocr_line ocrx_word'/>
</head>
<body>
  <div class='ocr_page' id='page_1' title='image "./monumentagerman01goog/monumentagerman01goog_0440.png"; bbox 0 0 5642 7159; ppageno 0'>
   <div class='ocr_carea' id='block_1_1' title="bbox 1057 782 2133 849">
    <p class='ocr_par' dir='ltr' id='par_1_1' title="bbox 1057 782 2133 849">
     <span class='ocr_line' id='line_1_1' title="bbox 1057 782 2133 849; baseline 0.002 -3"><span class='ocrx_word' id='word_1_1' title='bbox 1057 787 1179 846; x_wconf 79' lang='lat' dir='ltr'>KARL</span> <span class='ocrx_word' id='word_1_2' title='bbox 1201 786 1291 846; x_wconf 71' lang='grc' dir='ltr'><strong>ΗΕΒ</strong></span> <span class='ocrx_word' id='word_1_3' title='bbox 1312 786 1478 847; x_wconf 76' lang='lat' dir='ltr'>GROSSE</span> <span class='ocrx_word' id='word_1_4' title='bbox 1500 782 1574 848; x_wconf 85' lang='lat'>813.</span> <span class='ocrx_word' id='word_1_5' title='bbox 2070 784 2133 849; x_wconf 78' lang='lat'><strong>427</strong></span> 
     </span>
    </p>
   </div>
   <div class='ocr_carea' id='block_1_2' title="bbox 591 975 2208 3027">
    <p class='ocr_par' dir='ltr' id='par_1_2' title="bbox 591 975 2208 3027">
     <span class='ocr_line' id='line_1_2' title="bbox 595 975 2133 1051; baseline 0.003 -17"><span class='ocrx_word' id='word_1_6' title='bbox 595 975 925 1049; x_wconf 72' lang='lat' dir='ltr'><strong>Reeopaitioaseeiebea</strong></span> <span class='ocrx_word' id='word_1_7' title='bbox 946 976 1011 1035; x_wconf 80' lang='lat' dir='ltr'><strong>aad</strong></span> <span class='ocrx_word' id='word_1_8' title='bbox 1025 975 1124 1050; x_wconf 74' lang='lat' dir='ltr'><strong>Sieqel</strong></span> <span class='ocrx_word' id='word_1_9' title='bbox 1144 976 1210 1035; x_wconf 77' lang='lat' dir='ltr'><strong>aad</strong></span> <span class='ocrx_word' id='word_1_10' title='bbox 1223 994 1306 1035; x_wconf 81' lang='lat' dir='ltr'><strong>mass</strong></span> <span class='ocrx_word' id='word_1_11' title='bbox 1322 978 1423 1051; x_wconf 74' lang='lat' dir='ltr'><strong>jessem</strong></span> <span class='ocrx_word' id='word_1_12' title='bbox 1438 977 1473 1034; x_wconf 84' lang='lat' dir='ltr'><strong>ia</strong></span> <span class='ocrx_word' id='word_1_13' title='bbox 1494 976 1550 1034; x_wconf 83' lang='grc' dir='ltr'><em>ἄενν</em></span> <span class='ocrx_word' id='word_1_14' title='bbox 1566 979 1585 1034; x_wconf 76' lang='lat' dir='ltr'><strong>l</strong></span> <span class='ocrx_word' id='word_1_15' title='bbox 1609 977 1716 1036; x_wconf 79' lang='lat' dir='ltr'><strong>letetea</strong></span> <span class='ocrx_word' id='word_1_16' title='bbox 1731 976 1928 1036; x_wconf 81' lang='lat' dir='ltr'><strong>Bracbeeilea</strong></span> <span class='ocrx_word' id='word_1_17' title='bbox 1942 979 2133 1038; x_wconf 75' lang='grc' dir='ltr'><em>αειενεείεᾶενν.</em></span> 
     </span>
     <span class='ocr_line' id='line_1_3' title="bbox 595 1079 2135 1154; baseline 0.001 -16"><span class='ocrx_word' id='word_1_18' title='bbox 595 1080 680 1139; x_wconf 79' lang='lat' dir='ltr'><strong>Auel</strong></span> <span class='ocrx_word' id='word_1_19' title='bbox 709 1080 757 1139; x_wconf 84' lang='grc' dir='ltr'><em>ἄεέ</em></span> <span class='ocrx_word' id='word_1_20' title='bbox 777 1081 887 1154; x_wconf 70' lang='lat' dir='ltr'><strong>jetst&#39;pe</strong></span> <span class='ocrx_word' id='word_1_21' title='bbox 915 1079 1055 1153; x_wconf 53' lang='lat' dir='ltr'><strong>Sunam-</strong></span> <span class='ocrx_word' id='word_1_22' title='bbox 1077 1079 1143 1138; x_wconf 79' lang='lat' dir='ltr'><strong>aad</strong></span> <span class='ocrx_word' id='word_1_23' title='bbox 1164 1079 1447 1153; x_wconf 73' lang='lat' dir='ltr'><strong>Recoyaitioasses&#39;le</strong></span> <span class='ocrx_word' id='word_1_24' title='bbox 1472 1080 1572 1138; x_wconf 79' lang='lat' dir='ltr'><strong>slehen</strong></span> <span class='ocrx_word' id='word_1_25' title='bbox 1596 1097 1685 1153; x_wconf 73' lang='lat' dir='ltr'><strong>qaae,</strong></span> <span class='ocrx_word' id='word_1_26' title='bbox 1720 1079 1769 1138; x_wconf 84' lang='lat' dir='ltr'><strong>die</strong></span> <span class='ocrx_word' id='word_1_27' title='bbox 1789 1080 2032 1153; x_wconf 71' lang='lat' dir='ltr'><strong>Dotimaysseile</strong></span> <span class='ocrx_word' id='word_1_28' title='bbox 2063 1099 2135 1140; x_wconf 83' lang='lat' dir='ltr'><strong>eam</strong></span> 
     </span>
     <span class='ocr_line' id='line_1_4' title="bbox 592 1182 2135 1260; baseline 0.001 -16"><span class='ocrx_word' id='word_1_29' title='bbox 592 1191 746 1258; x_wconf 68' lang='lat' dir='ltr'><strong>presseras</strong></span> <span class='ocrx_word' id='word_1_30' title='bbox 771 1184 854 1244; x_wconf 80' lang='lat' dir='ltr'><strong>Tbeil</strong></span> <span class='ocrx_word' id='word_1_31' title='bbox 876 1182 939 1256; x_wconf 74' lang='lat' dir='ltr'><strong>aas</strong></span> <span class='ocrx_word' id='word_1_32' title='bbox 956 1185 1071 1255; x_wconf 84' lang='lat' dir='ltr'><strong>Rosur,</strong></span> <span class='ocrx_word' id='word_1_33' title='bbox 1095 1184 1186 1244; x_wconf 81' lang='lat' dir='ltr'><strong>obeool</strong></span> <span class='ocrx_word' id='word_1_34' title='bbox 1206 1186 1240 1242; x_wconf 80' lang='lat' dir='ltr'><strong>ia</strong></span> <span class='ocrx_word' id='word_1_35' title='bbox 1262 1183 1316 1242; x_wconf 88' lang='grc' dir='ltr'><em>ἄεν</em></span> <span class='ocrx_word' id='word_1_36' title='bbox 1335 1183 1476 1244; x_wconf 78' lang='lat' dir='ltr'><strong>Urleaade</strong></span> <span class='ocrx_word' id='word_1_37' title='bbox 1497 1183 1642 1257; x_wconf 73' lang='lat' dir='ltr'><strong>Ludwiys</strong></span> <span class='ocrx_word' id='word_1_38' title='bbox 1657 1185 1685 1242; x_wconf 92' lang='grc' dir='ltr'><strong>ἄ.</strong></span> <span class='ocrx_word' id='word_1_39' title='bbox 1701 1183 1741 1243; x_wconf 88' lang='lat' dir='ltr'><strong>D.</strong></span> <span class='ocrx_word' id='word_1_40' title='bbox 1767 1184 1814 1243; x_wconf 85' lang='lat' dir='ltr'><strong>die</strong></span> <span class='ocrx_word' id='word_1_41' title='bbox 1829 1184 1916 1245; x_wconf 80' lang='lat' dir='ltr'><strong>Stella</strong></span> <span class='ocrx_word' id='word_1_42' title='bbox 1938 1184 1991 1243; x_wconf 88' lang='lat' dir='ltr'><strong>der</strong></span> <span class='ocrx_word' id='word_1_43' title='bbox 2003 1185 2135 1260; x_wconf 73' lang='lat' dir='ltr'><strong>jeteipea</strong></span> 
     </span>
     <span class='ocr_line' id='line_1_5' title="bbox 599 1287 2134 1361; baseline 0.001 -14"><span class='ocrx_word' id='word_1_44' title='bbox 599 1287 837 1361; x_wconf 78' lang='lat' dir='ltr'><strong>Ualerseisriften</strong></span> <span class='ocrx_word' id='word_1_45' title='bbox 859 1288 1086 1347; x_wconf 73' lang='lat' dir='ltr'><strong>aabmcbriebea</strong></span> <span class='ocrx_word' id='word_1_46' title='bbox 1104 1304 1237 1361; x_wconf 76' lang='lat' dir='ltr'><strong>qesoesea</strong></span> <span class='ocrx_word' id='word_1_47' title='bbox 1257 1288 1323 1346; x_wconf 82' lang='lat' dir='ltr'><strong>seia</strong></span> <span class='ocrx_word' id='word_1_48' title='bbox 1338 1304 1430 1348; x_wconf 82' lang='lat' dir='ltr'><strong>musa.</strong></span> <span class='ocrx_word' id='word_1_49' title='bbox 1458 1287 1523 1346; x_wconf 85' lang='lat' dir='ltr'><strong>Dos</strong></span> <span class='ocrx_word' id='word_1_50' title='bbox 1546 1287 1758 1361; x_wconf 70' lang='lat' dir='ltr'><strong>arsproaqlieb</strong></span> <span class='ocrx_word' id='word_1_51' title='bbox 1778 1288 1879 1347; x_wconf 81' lang='lat' dir='ltr'><strong>storlse</strong></span> <span class='ocrx_word' id='word_1_52' title='bbox 1893 1288 2072 1361; x_wconf 76' lang='lat' dir='ltr'><strong>Perqameat</strong></span> <span class='ocrx_word' id='word_1_53' title='bbox 2094 1291 2134 1349; x_wconf 83' lang='lat' dir='ltr'><strong>ist</strong></span> 
     </span>
     <span class='ocr_line' id='line_1_6' title="bbox 596 1389 2208 1470; baseline 0.001 -20"><span class='ocrx_word' id='word_1_54' title='bbox 596 1392 690 1451; x_wconf 79' lang='lat' dir='ltr'><strong>durch</strong></span> <span class='ocrx_word' id='word_1_55' title='bbox 717 1389 778 1463; x_wconf 81' lang='lat' dir='ltr'><strong>ties</strong></span> <span class='ocrx_word' id='word_1_56' title='bbox 798 1391 927 1465; x_wconf 75' lang='lat' dir='ltr'><strong>qeieade</strong></span> <span class='ocrx_word' id='word_1_57' title='bbox 958 1392 1064 1451; x_wconf 80' lang='lat' dir='ltr'><strong>Rasar</strong></span> <span class='ocrx_word' id='word_1_58' title='bbox 1089 1408 1131 1449; x_wconf 79' lang='lat' dir='ltr'><strong>aa</strong></span> <span class='ocrx_word' id='word_1_59' title='bbox 1158 1391 1310 1450; x_wconf 81' lang='lat' dir='ltr'><strong>mebrerea</strong></span> <span class='ocrx_word' id='word_1_60' title='bbox 1340 1390 1451 1452; x_wconf 78' lang='lat' dir='ltr'><strong>Stellea</strong></span> <span class='ocrx_word' id='word_1_61' title='bbox 1479 1391 1713 1466; x_wconf 74' lang='lat' dir='ltr'><strong>durcbqerissea.</strong></span> <span class='ocrx_word' id='word_1_62' title='bbox 1758 1391 1818 1451; x_wconf 83' lang='lat' dir='ltr'><strong>Die</strong></span> <span class='ocrx_word' id='word_1_63' title='bbox 1850 1392 2135 1452; x_wconf 80' lang='lat' dir='ltr'><strong>casserordeatliche</strong></span> <span class='ocrx_word' id='word_1_64' title='bbox 2206 1465 2208 1470; x_wconf 68' lang='lat'><strong>,</strong></span> 
     </span>
     <span class='ocr_line' id='line_1_7' title="bbox 594 1495 2135 1568; baseline -0.001 -14"><span class='ocrx_word' id='word_1_65' title='bbox 594 1495 750 1554; x_wconf 63' lang='lat' dir='ltr'><strong>Durabat</strong></span> <span class='ocrx_word' id='word_1_66' title='bbox 772 1496 836 1554; x_wconf 77' lang='lat' dir='ltr'><strong>aad</strong></span> <span class='ocrx_word' id='word_1_67' title='bbox 858 1495 1052 1568; x_wconf 67' lang='lat' dir='ltr'><strong>Bmtchipleeit</strong></span> <span class='ocrx_word' id='word_1_68' title='bbox 1074 1495 1125 1554; x_wconf 86' lang='lat' dir='ltr'><strong>des</strong></span> <span class='ocrx_word' id='word_1_69' title='bbox 1140 1495 1332 1566; x_wconf 71' lang='lat' dir='ltr'><strong>Perocmeats</strong></span> <span class='ocrx_word' id='word_1_70' title='bbox 1354 1495 1452 1553; x_wconf 72' lang='lat' dir='ltr'><strong>meist</strong></span> <span class='ocrx_word' id='word_1_71' title='bbox 1474 1510 1504 1554; x_wconf 89' lang='lat' dir='ltr'><strong>es</strong></span> <span class='ocrx_word' id='word_1_72' title='bbox 1526 1495 1619 1553; x_wconf 82' lang='lat' dir='ltr'><strong>daber</strong></span> <span class='ocrx_word' id='word_1_73' title='bbox 1641 1495 1888 1566; x_wconf 78' lang='lat' dir='ltr'><strong>wcbrselselalicl,</strong></span> <span class='ocrx_word' id='word_1_74' title='bbox 1912 1495 1981 1554; x_wconf 83' lang='lat' dir='ltr'><strong>dass</strong></span> <span class='ocrx_word' id='word_1_75' title='bbox 2004 1495 2135 1554; x_wconf 83' lang='lat' dir='ltr'><strong>desselbe</strong></span> 
     </span>
     <span class='ocr_line' id='line_1_8' title="bbox 593 1597 2136 1672; baseline 0.001 -15"><span class='ocrx_word' id='word_1_76' title='bbox 593 1599 728 1658; x_wconf 83' lang='lat' dir='ltr'><strong>eweimol</strong></span> <span class='ocrx_word' id='word_1_77' title='bbox 748 1600 849 1659; x_wconf 73' lang='lat' dir='ltr'><strong>radiet</strong></span> <span class='ocrx_word' id='word_1_78' title='bbox 870 1599 981 1670; x_wconf 83' lang='grc' dir='ltr'><em>νενννᾶε,</em></span> <span class='ocrx_word' id='word_1_79' title='bbox 1006 1599 1076 1658; x_wconf 83' lang='lat' dir='ltr'><strong>dass</strong></span> <span class='ocrx_word' id='word_1_80' title='bbox 1098 1599 1161 1658; x_wconf 85' lang='lat' dir='ltr'><strong>also</strong></span> <span class='ocrx_word' id='word_1_81' title='bbox 1183 1601 1258 1658; x_wconf 77' lang='lat' dir='ltr'><strong>aber</strong></span> <span class='ocrx_word' id='word_1_82' title='bbox 1272 1598 1325 1656; x_wconf 96' lang='grc' dir='ltr'><em>ἄεν</em></span> <span class='ocrx_word' id='word_1_83' title='bbox 1346 1598 1484 1657; x_wconf 72' lang='lat' dir='ltr'><strong>radietas</strong></span> <span class='ocrx_word' id='word_1_84' title='bbox 1504 1599 1646 1659; x_wconf 81' lang='lat' dir='ltr'><strong>Urkaade</strong></span> <span class='ocrx_word' id='word_1_85' title='bbox 1661 1597 1806 1672; x_wconf 70' lang='lat' dir='ltr'><strong>Maior</strong></span> <span class='ocrx_word' id='word_1_86' title='bbox 1822 1599 1851 1660; x_wconf 91' lang='grc' dir='ltr'><strong>ἄ.</strong></span> <span class='ocrx_word' id='word_1_87' title='bbox 1866 1599 1906 1659; x_wconf 90' lang='lat' dir='ltr'><strong>D.</strong></span> <span class='ocrx_word' id='word_1_88' title='bbox 1923 1598 2032 1671; x_wconf 73' lang='lat' dir='ltr'><strong>frater</strong></span> <span class='ocrx_word' id='word_1_89' title='bbox 2044 1598 2136 1658; x_wconf 77' lang='lat' dir='ltr'><strong>sebon</strong></span> 
     </span>
     <span class='ocr_line' id='line_1_9' title="bbox 593 1700 2135 1778; baseline -0.001 -16"><span class='ocrx_word' id='word_1_90' title='bbox 593 1705 658 1762; x_wconf 80' lang='lat' dir='ltr'><strong>eine</strong></span> <span class='ocrx_word' id='word_1_91' title='bbox 679 1702 789 1761; x_wconf 78' lang='grc' dir='ltr'><em>ενεᾶενε</em></span> <span class='ocrx_word' id='word_1_92' title='bbox 810 1703 982 1778; x_wconf 76' lang='lat' dir='ltr'><strong>Falsetaay</strong></span> <span class='ocrx_word' id='word_1_93' title='bbox 1003 1703 1103 1774; x_wconf 79' lang='lat' dir='ltr'><strong>stand,</strong></span> <span class='ocrx_word' id='word_1_94' title='bbox 1127 1704 1175 1762; x_wconf 84' lang='lat' dir='ltr'><strong>die</strong></span> <span class='ocrx_word' id='word_1_95' title='bbox 1197 1702 1279 1761; x_wconf 82' lang='grc' dir='ltr'><em>ἄενινε</em></span> <span class='ocrx_word' id='word_1_96' title='bbox 1301 1719 1357 1761; x_wconf 86' lang='lat' dir='ltr'><strong>ooa</strong></span> <span class='ocrx_word' id='word_1_97' title='bbox 1381 1701 1521 1760; x_wconf 76' lang='lat' dir='ltr'><strong>Odntriclt</strong></span> <span class='ocrx_word' id='word_1_98' title='bbox 1543 1703 1692 1762; x_wconf 82' lang='lat' dir='ltr'><strong>aoebmols</strong></span> <span class='ocrx_word' id='word_1_99' title='bbox 1717 1700 1772 1774; x_wconf 75' lang='lat' dir='ltr'><strong>far</strong></span> <span class='ocrx_word' id='word_1_100' title='bbox 1792 1705 1872 1762; x_wconf 79' lang='lat' dir='ltr'><strong>seiae</strong></span> <span class='ocrx_word' id='word_1_101' title='bbox 1897 1703 2015 1762; x_wconf 80' lang='lat' dir='ltr'><strong>Zroecite</strong></span> <span class='ocrx_word' id='word_1_102' title='bbox 2033 1701 2135 1776; x_wconf 72' lang='lat' dir='ltr'><strong>cetilqi</strong></span> 
     </span>
     <span class='ocr_line' id='line_1_10' title="bbox 593 1806 2133 1880; baseline 0 -14"><span class='ocrx_word' id='word_1_103' title='bbox 593 1807 704 1866; x_wconf 78' lang='lat' dir='ltr'><strong>warde.</strong></span> <span class='ocrx_word' id='word_1_104' title='bbox 727 1839 770 1850; x_wconf 97' lang='lat'>—</span> <span class='ocrx_word' id='word_1_105' title='bbox 806 1806 963 1878; x_wconf 75' lang='lat' dir='ltr'><strong>Gefdlsebt</strong></span> <span class='ocrx_word' id='word_1_106' title='bbox 984 1808 1040 1866; x_wconf 86' lang='lat' dir='ltr'><strong>mit</strong></span> <span class='ocrx_word' id='word_1_107' title='bbox 1062 1807 1244 1880; x_wconf 75' lang='lat' dir='ltr'><strong>Beatttsaaq</strong></span> <span class='ocrx_word' id='word_1_108' title='bbox 1266 1806 1320 1864; x_wconf 86' lang='lat' dir='ltr'><strong>der</strong></span> <span class='ocrx_word' id='word_1_109' title='bbox 1341 1810 1431 1865; x_wconf 86' lang='lat' dir='ltr'><strong>etwas</strong></span> <span class='ocrx_word' id='word_1_110' title='bbox 1452 1806 1565 1865; x_wconf 79' lang='lat' dir='ltr'><strong>dlterea</strong></span> <span class='ocrx_word' id='word_1_111' title='bbox 1586 1806 1792 1866; x_wconf 79' lang='lat' dir='ltr'><strong>Reicbenaseer</strong></span> <span class='ocrx_word' id='word_1_112' title='bbox 1813 1807 1985 1880; x_wconf 68' lang='lat' dir='ltr'><strong>stechen</strong></span> <span class='ocrx_word' id='word_1_113' title='bbox 2005 1812 2041 1864; x_wconf 83' lang='lat' dir='ltr'><strong>a⁰</strong></span> <span class='ocrx_word' id='word_1_114' title='bbox 2060 1809 2133 1877; x_wconf 84' lang='grc'><em>281,</em></span> 
     </span>
     <span class='ocr_line' id='line_1_11' title="bbox 595 1909 2135 1983; baseline -0.001 -14"><span class='ocrx_word' id='word_1_115' title='bbox 595 1911 649 1969; x_wconf 83' lang='grc' dir='ltr'><em>ἄεν</em></span> <span class='ocrx_word' id='word_1_116' title='bbox 677 1913 727 1970; x_wconf 84' lang='lat' dir='ltr'><strong>eia</strong></span> <span class='ocrx_word' id='word_1_117' title='bbox 751 1911 836 1971; x_wconf 74' lang='lat' dir='ltr'><strong>iberi</strong></span> <span class='ocrx_word' id='word_1_118' title='bbox 864 1910 915 1970; x_wconf 82' lang='grc' dir='ltr'><strong>ἄεε</strong></span> <span class='ocrx_word' id='word_1_119' title='bbox 945 1911 1125 1971; x_wconf 82' lang='lat' dir='ltr'><strong>Wortlaates</strong></span> <span class='ocrx_word' id='word_1_120' title='bbox 1152 1910 1281 1969; x_wconf 75' lang='lat' dir='ltr'><strong>satiebat</strong></span> <span class='ocrx_word' id='word_1_121' title='bbox 1308 1909 1427 1982; x_wconf 75' lang='lat' dir='ltr'><strong>warde5</strong></span> <span class='ocrx_word' id='word_1_122' title='bbox 1472 1909 1653 1968; x_wconf 70' lang='lat' dir='ltr'><strong>datatim</strong></span> <span class='ocrx_word' id='word_1_123' title='bbox 1680 1910 1895 1983; x_wconf 71' lang='lat' dir='ltr'><strong>seibetandiyen</strong></span> <span class='ocrx_word' id='word_1_124' title='bbox 1920 1910 2003 1969; x_wconf 78' lang='lat' dir='ltr'><strong>Theti</strong></span> <span class='ocrx_word' id='word_1_125' title='bbox 2028 1912 2061 1968; x_wconf 83' lang='lat' dir='ltr'><strong>in</strong></span> <span class='ocrx_word' id='word_1_126' title='bbox 2081 1910 2135 1969; x_wconf 85' lang='lat' dir='ltr'><strong>der</strong></span> 
     </span>
     <span class='ocr_line' id='line_1_12' title="bbox 593 2011 2133 2101; baseline -0.001 -27"><span class='ocrx_word' id='word_1_127' title='bbox 593 2013 691 2085; x_wconf 78' lang='lat' dir='ltr'><strong>Stella,</strong></span> <span class='ocrx_word' id='word_1_128' title='bbox 727 2015 829 2074; x_wconf 79' lang='lat' dir='ltr'><strong><em>welche</em></strong></span> <span class='ocrx_word' id='word_1_129' title='bbox 851 2015 917 2073; x_wconf 83' lang='grc' dir='ltr'><em>ἄεννν</em></span> <span class='ocrx_word' id='word_1_130' title='bbox 945 2015 1015 2089; x_wconf 72' lang='lat' dir='ltr'><strong>Voql</strong></span> <span class='ocrx_word' id='word_1_131' title='bbox 1037 2032 1099 2073; x_wconf 80' lang='lat' dir='ltr'><strong>aar</strong></span> <span class='ocrx_word' id='word_1_132' title='bbox 1120 2015 1168 2073; x_wconf 87' lang='grc' dir='ltr'><em>ἄνέ</em></span> <span class='ocrx_word' id='word_1_133' title='bbox 1189 2013 1357 2101; x_wconf 71' lang='lat' dir='ltr'><strong>Mitnobme</strong></span> <span class='ocrx_word' id='word_1_134' title='bbox 1380 2015 1462 2072; x_wconf 83' lang='lat' dir='ltr'><strong>einer</strong></span> <span class='ocrx_word' id='word_1_135' title='bbox 1484 2014 1694 2072; x_wconf 79' lang='lat' dir='ltr'><strong>besebrbaktea</strong></span> <span class='ocrx_word' id='word_1_136' title='bbox 1716 2012 1835 2072; x_wconf 71' lang='lat' dir='ltr'><strong>Aaron</strong></span> <span class='ocrx_word' id='word_1_137' title='bbox 1857 2031 1913 2072; x_wconf 83' lang='lat' dir='ltr'><strong>coa</strong></span> <span class='ocrx_word' id='word_1_138' title='bbox 1934 2011 2067 2084; x_wconf 83' lang='lat' dir='ltr'><strong>Pserdea</strong></span> <span class='ocrx_word' id='word_1_139' title='bbox 2085 2031 2133 2087; x_wconf 76' lang='lat' dir='ltr'><strong>qe-</strong></span> 
     </span>
     <span class='ocr_line' id='line_1_13' title="bbox 593 2117 2134 2192; baseline 0 -14"><span class='ocrx_word' id='word_1_140' title='bbox 593 2122 702 2190; x_wconf 86' lang='lat' dir='ltr'><strong>stattet,</strong></span> <span class='ocrx_word' id='word_1_141' title='bbox 737 2120 801 2177; x_wconf 79' lang='lat' dir='ltr'><strong>elne</strong></span> <span class='ocrx_word' id='word_1_142' title='bbox 822 2117 968 2192; x_wconf 71' lang='lat' dir='ltr'><strong>Analocie</strong></span> <span class='ocrx_word' id='word_1_143' title='bbox 989 2136 1031 2178; x_wconf 79' lang='lat' dir='ltr'><strong>su</strong></span> <span class='ocrx_word' id='word_1_144' title='bbox 1053 2118 1202 2178; x_wconf 82' lang='lat' dir='ltr'><strong>dersetbea</strong></span> <span class='ocrx_word' id='word_1_145' title='bbox 1224 2119 1432 2191; x_wconf 74' lang='lat' dir='ltr'><strong>Bestimmrmp</strong></span> <span class='ocrx_word' id='word_1_146' title='bbox 1453 2120 1487 2177; x_wconf 83' lang='lat' dir='ltr'><strong>ia</strong></span> <span class='ocrx_word' id='word_1_147' title='bbox 1509 2119 1562 2176; x_wconf 83' lang='lat' dir='ltr'><strong>der</strong></span> <span class='ocrx_word' id='word_1_148' title='bbox 1583 2118 1755 2192; x_wconf 71' lang='lat' dir='ltr'><strong>Fdlsetaao</strong></span> <span class='ocrx_word' id='word_1_149' title='bbox 1779 2117 1834 2190; x_wconf 69' lang='grc' dir='ltr'><strong>[ἄν</strong></span> <span class='ocrx_word' id='word_1_150' title='bbox 1855 2119 2001 2192; x_wconf 82' lang='lat' dir='ltr'><strong>Kemptea</strong></span> <span class='ocrx_word' id='word_1_151' title='bbox 2022 2121 2134 2179; x_wconf 81' lang='lat' dir='ltr'><strong>a⁰223</strong></span> 
     </span>
     <span class='ocr_line' id='line_1_14' title="bbox 592 2219 2136 2296; baseline -0.001 -15"><span class='ocrx_word' id='word_1_152' title='bbox 592 2222 657 2281; x_wconf 79' lang='lat' dir='ltr'><strong>aad</strong></span> <span class='ocrx_word' id='word_1_153' title='bbox 678 2222 858 2282; x_wconf 79' lang='lat' dir='ltr'><strong>aameatlieb</strong></span> <span class='ocrx_word' id='word_1_154' title='bbox 884 2224 918 2281; x_wconf 79' lang='lat' dir='ltr'><strong>ia</strong></span> <span class='ocrx_word' id='word_1_155' title='bbox 947 2223 1002 2281; x_wconf 85' lang='lat' dir='ltr'><strong>der</strong></span> <span class='ocrx_word' id='word_1_156' title='bbox 1022 2223 1176 2296; x_wconf 68' lang='lat' dir='ltr'><strong>Delirare</strong></span> <span class='ocrx_word' id='word_1_157' title='bbox 1203 2223 1266 2281; x_wconf 78' lang='lat' dir='ltr'><strong>aad</strong></span> <span class='ocrx_word' id='word_1_158' title='bbox 1293 2222 1347 2280; x_wconf 89' lang='grc' dir='ltr'><strong>ἄεν</strong></span> <span class='ocrx_word' id='word_1_159' title='bbox 1368 2221 1563 2296; x_wconf 65' lang='lat' dir='ltr'><strong>malacae</strong></span> <span class='ocrx_word' id='word_1_160' title='bbox 1592 2221 1643 2281; x_wconf 81' lang='lat' dir='ltr'><strong>des</strong></span> <span class='ocrx_word' id='word_1_161' title='bbox 1665 2223 1806 2281; x_wconf 83' lang='lat' dir='ltr'><strong>Moineer</strong></span> <span class='ocrx_word' id='word_1_162' title='bbox 1829 2219 1944 2282; x_wconf 76' lang='lat' dir='ltr'><strong>Concita</strong></span> <span class='ocrx_word' id='word_1_163' title='bbox 1971 2222 2136 2282; x_wconf 76' lang='lat' dir='ltr'><strong>wortlicber</strong></span> 
     </span>
     <span class='ocr_line' id='line_1_15' title="bbox 593 2324 2133 2400; baseline -0.001 -16"><span class='ocrx_word' id='word_1_164' title='bbox 593 2327 730 2400; x_wconf 69' lang='lat' dir='ltr'><strong>Aetione</strong></span> <span class='ocrx_word' id='word_1_165' title='bbox 745 2343 786 2385; x_wconf 82' lang='lat' dir='ltr'><strong>oa</strong></span> <span class='ocrx_word' id='word_1_166' title='bbox 801 2326 850 2385; x_wconf 81' lang='lat' dir='ltr'><strong>die</strong></span> <span class='ocrx_word' id='word_1_167' title='bbox 864 2327 1036 2400; x_wconf 68' lang='lat' dir='ltr'><strong>Felschunq</strong></span> <span class='ocrx_word' id='word_1_168' title='bbox 1051 2325 1272 2397; x_wconf 72' lang='lat' dir='ltr'><strong>sterilissima,</strong></span> <span class='ocrx_word' id='word_1_169' title='bbox 1296 2325 1493 2385; x_wconf 73' lang='lat' dir='ltr'><strong>Momoacter</strong></span> <span class='ocrx_word' id='word_1_170' title='bbox 1507 2326 1579 2398; x_wconf 75' lang='lat' dir='ltr'><strong>Ray.</strong></span> <span class='ocrx_word' id='word_1_171' title='bbox 1596 2327 1691 2396; x_wconf 83' lang='lat'><strong>1361,</strong></span> <span class='ocrx_word' id='word_1_172' title='bbox 1715 2326 1778 2384; x_wconf 74' lang='lat' dir='ltr'><strong>siclt</strong></span> <span class='ocrx_word' id='word_1_173' title='bbox 1791 2324 1893 2397; x_wconf 74' lang='lat' dir='ltr'><strong>findet,</strong></span> <span class='ocrx_word' id='word_1_174' title='bbox 1909 2327 1981 2384; x_wconf 79' lang='lat' dir='ltr'><strong>ewei</strong></span> <span class='ocrx_word' id='word_1_175' title='bbox 1995 2324 2133 2396; x_wconf 70' lang='lat' dir='ltr'><strong>stacten,</strong></span> 
     </span>
     <span class='ocr_line' id='line_1_16' title="bbox 593 2427 2134 2506; baseline -0.001 -18"><span class='ocrx_word' id='word_1_176' title='bbox 593 2430 641 2488; x_wconf 85' lang='grc' dir='ltr'><em>ἄνέ</em></span> <span class='ocrx_word' id='word_1_177' title='bbox 668 2427 813 2501; x_wconf 77' lang='lat' dir='ltr'><strong>ebeafolls</strong></span> <span class='ocrx_word' id='word_1_178' title='bbox 841 2446 897 2488; x_wconf 83' lang='lat' dir='ltr'><strong>oca</strong></span> <span class='ocrx_word' id='word_1_179' title='bbox 924 2428 991 2488; x_wconf 84' lang='lat' dir='ltr'><strong>dem</strong></span> <span class='ocrx_word' id='word_1_180' title='bbox 1012 2429 1156 2489; x_wconf 72' lang='lat' dir='ltr'><strong>Falsclter</strong></span> <span class='ocrx_word' id='word_1_181' title='bbox 1176 2445 1233 2487; x_wconf 84' lang='lat' dir='ltr'><strong>ooa</strong></span> <span class='ocrx_word' id='word_1_182' title='bbox 1260 2434 1295 2486; x_wconf 71' lang='grc' dir='ltr'><strong>η’</strong></span> <span class='ocrx_word' id='word_1_183' title='bbox 1312 2431 1374 2489; x_wconf 77' lang='lat'><strong>281</strong></span> <span class='ocrx_word' id='word_1_184' title='bbox 1405 2427 1584 2506; x_wconf 73' lang='lat' dir='ltr'><strong>aapefertiyt</strong></span> <span class='ocrx_word' id='word_1_185' title='bbox 1611 2429 1743 2499; x_wconf 71' lang='lat' dir='ltr'><strong>cardea,</strong></span> <span class='ocrx_word' id='word_1_186' title='bbox 1778 2429 1848 2502; x_wconf 66' lang='lat' dir='ltr'><strong>lieet</strong></span> <span class='ocrx_word' id='word_1_187' title='bbox 1878 2429 1925 2487; x_wconf 84' lang='grc' dir='ltr'><em>ἄνέ</em></span> <span class='ocrx_word' id='word_1_188' title='bbox 1951 2428 2134 2502; x_wconf 73' lang='lat' dir='ltr'><strong>Vermutaac</strong></span> 
     </span>
     <span class='ocr_line' id='line_1_17' title="bbox 593 2532 2134 2606; baseline -0.003 -12"><span class='ocrx_word' id='word_1_189' title='bbox 593 2535 678 2604; x_wconf 75' lang='lat' dir='ltr'><strong>nobe,</strong></span> <span class='ocrx_word' id='word_1_190' title='bbox 714 2533 783 2592; x_wconf 87' lang='lat' dir='ltr'><strong>does</strong></span> <span class='ocrx_word' id='word_1_191' title='bbox 806 2532 870 2606; x_wconf 80' lang='lat' dir='ltr'><strong>aas</strong></span> <span class='ocrx_word' id='word_1_192' title='bbox 893 2533 947 2591; x_wconf 88' lang='grc' dir='ltr'><strong>ἄεν</strong></span> <span class='ocrx_word' id='word_1_193' title='bbox 973 2532 1117 2593; x_wconf 79' lang='lat' dir='ltr'><strong>Uritaade</strong></span> <span class='ocrx_word' id='word_1_194' title='bbox 1138 2532 1284 2606; x_wconf 72' lang='lat' dir='ltr'><strong>Ludwiya</strong></span> <span class='ocrx_word' id='word_1_195' title='bbox 1307 2533 1336 2595; x_wconf 89' lang='grc' dir='ltr'><strong>ἄ.</strong></span> <span class='ocrx_word' id='word_1_196' title='bbox 1359 2532 1400 2592; x_wconf 88' lang='lat' dir='ltr'><strong>D.</strong></span> <span class='ocrx_word' id='word_1_197' title='bbox 1423 2537 1525 2592; x_wconf 78' lang='lat' dir='ltr'><strong>auersi</strong></span> <span class='ocrx_word' id='word_1_198' title='bbox 1546 2534 1611 2592; x_wconf 83' lang='lat' dir='ltr'><strong>eiae</strong></span> <span class='ocrx_word' id='word_1_199' title='bbox 1634 2532 1804 2606; x_wconf 71' lang='lat' dir='ltr'><strong>Fdlscitsmy</strong></span> <span class='ocrx_word' id='word_1_200' title='bbox 1833 2532 1981 2592; x_wconf 78' lang='lat' dir='ltr'><strong><em>desselben</em></strong></span> <span class='ocrx_word' id='word_1_201' title='bbox 2004 2532 2134 2591; x_wconf 73' lang='lat' dir='ltr'><strong>Menses</strong></span> 
     </span>
     <span class='ocr_line' id='line_1_18' title="bbox 591 2635 2134 2709; baseline -0.002 -13"><span class='ocrx_word' id='word_1_202' title='bbox 591 2637 744 2696; x_wconf 79' lang='lat' dir='ltr'><strong>reseribirt</strong></span> <span class='ocrx_word' id='word_1_203' title='bbox 759 2653 832 2708; x_wconf 81' lang='lat' dir='ltr'><strong>socr,</strong></span> <span class='ocrx_word' id='word_1_204' title='bbox 856 2637 904 2694; x_wconf 82' lang='lat' dir='ltr'><strong>die</strong></span> <span class='ocrx_word' id='word_1_205' title='bbox 922 2635 1062 2696; x_wconf 82' lang='lat' dir='ltr'><strong>Odolriob</strong></span> <span class='ocrx_word' id='word_1_206' title='bbox 1085 2636 1162 2695; x_wconf 77' lang='lat' dir='ltr'><strong>aucis</strong></span> <span class='ocrx_word' id='word_1_207' title='bbox 1182 2637 1257 2695; x_wconf 78' lang='lat' dir='ltr'><strong>noch</strong></span> <span class='ocrx_word' id='word_1_208' title='bbox 1279 2635 1335 2707; x_wconf 73' lang='lat' dir='ltr'><strong>far</strong></span> <span class='ocrx_word' id='word_1_209' title='bbox 1355 2637 1437 2696; x_wconf 84' lang='lat' dir='ltr'><strong>aeine</strong></span> <span class='ocrx_word' id='word_1_210' title='bbox 1454 2635 1618 2709; x_wconf 73' lang='lat' dir='ltr'><strong>Teatirany</strong></span> <span class='ocrx_word' id='word_1_211' title='bbox 1641 2637 1786 2694; x_wconf 63' lang='lat' dir='ltr'><strong>tenutas.</strong></span> <span class='ocrx_word' id='word_1_212' title='bbox 1812 2635 1872 2694; x_wconf 85' lang='lat' dir='ltr'><strong>Die</strong></span> <span class='ocrx_word' id='word_1_213' title='bbox 1893 2637 1927 2694; x_wconf 81' lang='lat' dir='ltr'><strong>in</strong></span> <span class='ocrx_word' id='word_1_214' title='bbox 1949 2635 2046 2694; x_wconf 79' lang='lat' dir='ltr'><strong><em>dieser</em></strong></span> <span class='ocrx_word' id='word_1_215' title='bbox 2065 2635 2134 2693; x_wconf 84' lang='lat' dir='ltr'><strong>Ver-</strong></span> 
     </span>
     <span class='ocr_line' id='line_1_19' title="bbox 591 2737 2134 2814; baseline -0.003 -14"><span class='ocrx_word' id='word_1_216' title='bbox 591 2741 725 2814; x_wconf 70' lang='lat' dir='ltr'><strong>bindsmq</strong></span> <span class='ocrx_word' id='word_1_217' title='bbox 748 2740 931 2813; x_wconf 67' lang='lat' dir='ltr'><strong>unmoglicbe</strong></span> <span class='ocrx_word' id='word_1_218' title='bbox 952 2740 1146 2812; x_wconf 71' lang='lat' dir='ltr'><strong>Recoyaitioa</strong></span> <span class='ocrx_word' id='word_1_219' title='bbox 1168 2741 1208 2799; x_wconf 87' lang='lat' dir='ltr'><strong>ist</strong></span> <span class='ocrx_word' id='word_1_220' title='bbox 1233 2737 1310 2811; x_wconf 77' lang='lat' dir='ltr'><strong>frete</strong></span> <span class='ocrx_word' id='word_1_221' title='bbox 1331 2738 1505 2812; x_wconf 68' lang='lat' dir='ltr'><strong>Ertiadaap</strong></span> <span class='ocrx_word' id='word_1_222' title='bbox 1530 2739 1694 2798; x_wconf 81' lang='lat' dir='ltr'><strong>Odclriclas.</strong></span> <span class='ocrx_word' id='word_1_223' title='bbox 1717 2739 1872 2798; x_wconf 81' lang='lat' dir='ltr'><strong>Nocitweis</strong></span> <span class='ocrx_word' id='word_1_224' title='bbox 1895 2738 1948 2797; x_wconf 85' lang='grc' dir='ltr'><em>ἄεν</em></span> <span class='ocrx_word' id='word_1_225' title='bbox 1962 2739 2134 2811; x_wconf 71' lang='lat' dir='ltr'><strong>Fdlscitanq</strong></span> 
     </span>
     <span class='ocr_line' id='line_1_20' title="bbox 591 2842 2134 2916; baseline -0.002 -12"><span class='ocrx_word' id='word_1_226' title='bbox 591 2862 647 2904; x_wconf 80' lang='grc' dir='ltr'><strong>νον</strong></span> <span class='ocrx_word' id='word_1_227' title='bbox 675 2844 796 2904; x_wconf 82' lang='grc' dir='ltr'><em>Βναννᾶν·</em></span> <span class='ocrx_word' id='word_1_228' title='bbox 818 2843 838 2904; x_wconf 88' lang='lat' dir='ltr'><strong>l.</strong></span> <span class='ocrx_word' id='word_1_229' title='bbox 862 2861 885 2903; x_wconf 91' lang='lat' dir='ltr'><strong>c.</strong></span> <span class='ocrx_word' id='word_1_230' title='bbox 909 2849 948 2904; x_wconf 93' lang='grc'><strong>11</strong></span> <span class='ocrx_word' id='word_1_231' title='bbox 979 2849 1014 2902; x_wconf 82' lang='lat' dir='ltr'><strong>n⁰</strong></span> <span class='ocrx_word' id='word_1_232' title='bbox 1032 2845 1069 2916; x_wconf 90' lang='lat'><strong>8,·</strong></span> <span class='ocrx_word' id='word_1_233' title='bbox 1092 2845 1134 2904; x_wconf 84' lang='lat'><strong>33</strong></span> <span class='ocrx_word' id='word_1_234' title='bbox 1159 2850 1195 2902; x_wconf 84' lang='lat' dir='ltr'><strong>a⁰</strong></span> <span class='ocrx_word' id='word_1_235' title='bbox 1212 2846 1273 2916; x_wconf 76' lang='lat'><strong>22,·</strong></span> <span class='ocrx_word' id='word_1_236' title='bbox 1317 2845 1368 2914; x_wconf 82' lang='grc'><em>15,</em></span> <span class='ocrx_word' id='word_1_237' title='bbox 1393 2846 1444 2915; x_wconf 79' lang='grc'><em>61,</em></span> <span class='ocrx_word' id='word_1_238' title='bbox 1468 2847 1519 2912; x_wconf 86' lang='grc'><em>71,</em></span> <span class='ocrx_word' id='word_1_239' title='bbox 1548 2860 1604 2902; x_wconf 83' lang='lat' dir='ltr'><strong>voa</strong></span> <span class='ocrx_word' id='word_1_240' title='bbox 1626 2842 1760 2902; x_wconf 81' lang='lat' dir='ltr'><strong>Lecbner</strong></span> <span class='ocrx_word' id='word_1_241' title='bbox 1780 2844 1813 2900; x_wconf 82' lang='grc' dir='ltr'><em>ν’νε</em></span> <span class='ocrx_word' id='word_1_242' title='bbox 1834 2842 2063 2916; x_wconf 72' lang='lat' dir='ltr'><strong>Metlbeilcnpea</strong></span> <span class='ocrx_word' id='word_1_243' title='bbox 2085 2843 2134 2901; x_wconf 85' lang='lat' dir='ltr'><strong>des</strong></span> 
     </span>
     <span class='ocr_line' id='line_1_21' title="bbox 591 2947 1627 3027; baseline 0.001 -20"><span class='ocrx_word' id='word_1_244' title='bbox 591 2949 733 3008; x_wconf 73' lang='lat' dir='ltr'><strong>Instituta</strong></span> <span class='ocrx_word' id='word_1_245' title='bbox 757 2947 781 3021; x_wconf 78' lang='lat' dir='ltr'><strong>f.</strong></span> <span class='ocrx_word' id='word_1_246' title='bbox 806 2953 859 3008; x_wconf 78' lang='lat' dir='ltr'><strong>ore.</strong></span> <span class='ocrx_word' id='word_1_247' title='bbox 887 2948 954 3011; x_wconf 81' lang='lat' dir='ltr'><strong>GF.</strong></span> <span class='ocrx_word' id='word_1_248' title='bbox 976 2952 1029 3020; x_wconf 80' lang='lat'><strong>21,</strong></span> <span class='ocrx_word' id='word_1_249' title='bbox 1055 2953 1106 3020; x_wconf 90' lang='grc'><strong>79,</strong></span> <span class='ocrx_word' id='word_1_250' title='bbox 1130 2949 1325 3009; x_wconf 75' lang='lat' dir='ltr'><strong>Mablbcelter</strong></span> <span class='ocrx_word' id='word_1_251' title='bbox 1345 2949 1418 3023; x_wconf 67' lang='lat' dir='ltr'><strong>Res.</strong></span> <span class='ocrx_word' id='word_1_252' title='bbox 1442 2951 1505 3009; x_wconf 85' lang='grc'><strong>478</strong></span> <span class='ocrx_word' id='word_1_253' title='bbox 1528 2947 1627 3027; x_wconf 82' lang='grc'>(465).</span> 
     </span>
    </p>
   </div>
   <div class='ocr_carea' id='block_1_3' title="bbox 433 3123 2136 4770">
    <p class='ocr_par' dir='ltr' id='par_1_3' title="bbox 433 3123 2136 4770">
     <span class='ocr_line' id='line_1_22' title="bbox 491 3123 2135 3206; baseline 0.001 -22"><span class='ocrx_word' id='word_1_254' title='bbox 491 3175 494 3178; x_wconf 86' lang='grc'><strong>.</strong></span> <span class='ocrx_word' id='word_1_255' title='bbox 591 3123 649 3201; x_wconf 81' lang='grc'><strong>(0.)</strong></span> <span class='ocrx_word' id='word_1_256' title='bbox 682 3123 697 3206; x_wconf 60' lang='grc' dir='ltr'><em>ᾖ</em></span> <span class='ocrx_word' id='word_1_257' title='bbox 724 3138 757 3186; x_wconf 90' lang='lat' dir='ltr'><strong>In</strong></span> <span class='ocrx_word' id='word_1_258' title='bbox 783 3138 890 3187; x_wconf 89' lang='lat' dir='ltr'><strong>nomine</strong></span> <span class='ocrx_word' id='word_1_259' title='bbox 918 3143 1009 3203; x_wconf 68' lang='lat' dir='ltr'><strong>sancte</strong></span> <span class='ocrx_word' id='word_1_260' title='bbox 1032 3142 1059 3188; x_wconf 90' lang='lat' dir='ltr'><strong>et</strong></span> <span class='ocrx_word' id='word_1_261' title='bbox 1086 3136 1224 3204; x_wconf 69' lang='lat' dir='ltr'><strong>individue</strong></span> <span class='ocrx_word' id='word_1_262' title='bbox 1252 3139 1388 3188; x_wconf 86' lang='lat' dir='ltr'><strong>trinitatis.</strong></span> <span class='ocrx_word' id='word_1_263' title='bbox 1432 3137 1548 3188; x_wconf 89' lang='lat' dir='ltr'><strong>Karolus</strong></span> <span class='ocrx_word' id='word_1_264' title='bbox 1571 3137 1663 3187; x_wconf 88' lang='lat' dir='ltr'><strong>divina</strong></span> <span class='ocrx_word' id='word_1_265' title='bbox 1692 3139 1798 3188; x_wconf 81' lang='lat' dir='ltr'><strong>favente</strong></span> <span class='ocrx_word' id='word_1_266' title='bbox 1827 3136 1969 3187; x_wconf 86' lang='lat' dir='ltr'><strong>clementia</strong></span> <span class='ocrx_word' id='word_1_267' title='bbox 1990 3138 2135 3200; x_wconf 90' lang='lat' dir='ltr'><strong>imperator</strong></span> 
     </span>
     <span class='ocr_line' id='line_1_23' title="bbox 490 3223 2134 3311; baseline -0.002 -21"><span class='ocrx_word' id='word_1_268' title='bbox 490 3246 629 3306; x_wconf 75' lang='lat' dir='ltr'><strong>augustus.</strong></span> <span class='ocrx_word' id='word_1_269' title='bbox 733 3223 767 3290; x_wconf 91' lang='lat' dir='ltr'><strong>Si</strong></span> <span class='ocrx_word' id='word_1_270' title='bbox 792 3234 981 3290; x_wconf 90' lang='lat' dir='ltr'><strong>sanctorum</strong></span> <span class='ocrx_word' id='word_1_271' title='bbox 1009 3227 1281 3290; x_wconf 76' lang='lat' dir='ltr'><strong>monasteriorum</strong></span> <span class='ocrx_word' id='word_1_272' title='bbox 1304 3225 1389 3308; x_wconf 93' lang='lat' dir='ltr'><strong>loca,</strong></span> <span class='ocrx_word' id='word_1_273' title='bbox 1417 3247 1458 3289; x_wconf 90' lang='lat' dir='ltr'><strong>ne</strong></span> <span class='ocrx_word' id='word_1_274' title='bbox 1481 3224 1644 3306; x_wconf 90' lang='lat' dir='ltr'><strong>labantur,</strong></span> <span class='ocrx_word' id='word_1_275' title='bbox 1678 3226 1868 3311; x_wconf 89' lang='lat' dir='ltr'><strong>frequenter</strong></span> <span class='ocrx_word' id='word_1_276' title='bbox 1900 3233 2134 3306; x_wconf 86' lang='lat' dir='ltr'><strong>sustentamus,</strong></span> 
     </span>
     <span class='ocr_line' id='line_1_24' title="bbox 490 3327 2134 3414; baseline -0.001 -20"><span class='ocrx_word' id='word_1_277' title='bbox 490 3329 727 3394; x_wconf 75' lang='lat' dir='ltr'><strong>sustentando*</strong></span> <span class='ocrx_word' id='word_1_278' title='bbox 750 3329 904 3412; x_wconf 77' lang='lat' dir='ltr'><strong>ditamus,</strong></span> <span class='ocrx_word' id='word_1_279' title='bbox 935 3351 1000 3394; x_wconf 91' lang='lat' dir='ltr'><strong>non</strong></span> <span class='ocrx_word' id='word_1_280' title='bbox 1024 3328 1130 3394; x_wconf 91' lang='lat' dir='ltr'><strong>solum</strong></span> <span class='ocrx_word' id='word_1_281' title='bbox 1155 3329 1251 3396; x_wconf 87' lang='lat' dir='ltr'><strong>deum</strong></span> <span class='ocrx_word' id='word_1_282' title='bbox 1274 3351 1332 3414; x_wconf 92' lang='lat' dir='ltr'><strong>per</strong></span> <span class='ocrx_word' id='word_1_283' title='bbox 1354 3328 1417 3394; x_wconf 93' lang='lat' dir='ltr'><strong>boc</strong></span> <span class='ocrx_word' id='word_1_284' title='bbox 1446 3329 1543 3395; x_wconf 91' lang='lat' dir='ltr'><strong>nobis</strong></span> <span class='ocrx_word' id='word_1_285' title='bbox 1570 3328 1745 3414; x_wconf 88' lang='lat' dir='ltr'><strong>placamus</strong></span> <span class='ocrx_word' id='word_1_286' title='bbox 1766 3327 1789 3411; x_wconf 61' lang='grc' dir='ltr'><strong>ξ,</strong></span> <span class='ocrx_word' id='word_1_287' title='bbox 1825 3328 2007 3394; x_wconf 89' lang='lat' dir='ltr'><strong>sedetiam</strong></span> <span class='ocrx_word' id='word_1_288' title='bbox 2030 3329 2134 3393; x_wconf 91' lang='lat' dir='ltr'><strong>nostri</strong></span> 
     </span>
     <span class='ocr_line' id='line_1_25' title="bbox 488 3421 2132 3521; baseline -0.001 -23"><span class='ocrx_word' id='word_1_289' title='bbox 488 3436 589 3499; x_wconf 90' lang='lat' dir='ltr'><strong>totius</strong></span> <span class='ocrx_word' id='word_1_290' title='bbox 605 3435 699 3518; x_wconf 90' lang='lat' dir='ltr'><strong>regni</strong></span> <span class='ocrx_word' id='word_1_291' title='bbox 721 3442 845 3498; x_wconf 87' lang='lat' dir='ltr'><strong>statum</strong></span> <span class='ocrx_word' id='word_1_292' title='bbox 862 3421 1125 3499; x_wconf 91' lang='lat' dir='ltr'><strong>corroboramus.</strong></span> <span class='ocrx_word' id='word_1_293' title='bbox 1154 3434 1366 3520; x_wconf 77' lang='lat' dir='ltr'><strong>Quapropter</strong></span> <span class='ocrx_word' id='word_1_294' title='bbox 1381 3436 1526 3499; x_wconf 91' lang='lat' dir='ltr'><strong>omnium</strong></span> <span class='ocrx_word' id='word_1_295' title='bbox 1549 3435 1750 3521; x_wconf 88' lang='lat' dir='ltr'><strong>presentium</strong></span> <span class='ocrx_word' id='word_1_296' title='bbox 1774 3455 1814 3498; x_wconf 95' lang='lat' dir='ltr'><strong>ac</strong></span> <span class='ocrx_word' id='word_1_297' title='bbox 1837 3434 2020 3498; x_wconf 88' lang='lat' dir='ltr'><strong>futurorum</strong></span> <span class='ocrx_word' id='word_1_298' title='bbox 2043 3453 2132 3497; x_wconf 92' lang='lat' dir='ltr'><strong>com·</strong></span> 
     </span>
     <span class='ocr_line' id='line_1_26' title="bbox 435 3537 2133 3623; baseline -0.001 -22"><span class='ocrx_word' id='word_1_299' title='bbox 435 3555 468 3603; x_wconf 76' lang='lat' dir='ltr'><strong>as</strong></span> <span class='ocrx_word' id='word_1_300' title='bbox 490 3539 597 3623; x_wconf 90' lang='lat' dir='ltr'><strong>periat</strong></span> <span class='ocrx_word' id='word_1_301' title='bbox 613 3538 785 3621; x_wconf 91' lang='lat' dir='ltr'><strong>industria,</strong></span> <span class='ocrx_word' id='word_1_302' title='bbox 809 3553 924 3618; x_wconf 80' lang='lat' dir='ltr'><strong>qualiter</strong></span> <span class='ocrx_word' id='word_1_303' title='bbox 939 3537 1070 3604; x_wconf 92' lang='lat' dir='ltr'><strong>Ulmam</strong></span> <span class='ocrx_word' id='word_1_304' title='bbox 1093 3547 1241 3622; x_wconf 85' lang='lat' dir='ltr'><strong>nostram</strong></span> <span class='ocrx_word' id='word_1_305' title='bbox 1264 3538 1407 3623; x_wconf 88' lang='lat' dir='ltr'><strong>regalem</strong></span> <span class='ocrx_word' id='word_1_306' title='bbox 1431 3537 1545 3622; x_wconf 85' lang='lat' dir='ltr'><strong>villam</strong></span> <span class='ocrx_word' id='word_1_307' title='bbox 1567 3561 1626 3623; x_wconf 92' lang='lat' dir='ltr'><strong>pro</strong></span> <span class='ocrx_word' id='word_1_308' title='bbox 1650 3539 1757 3623; x_wconf 76' lang='lat' dir='ltr'><strong>anime</strong></span> <span class='ocrx_word' id='word_1_309' title='bbox 1772 3547 1884 3604; x_wconf 88' lang='lat' dir='ltr'><strong>nostre</strong></span> <span class='ocrx_word' id='word_1_310' title='bbox 1907 3559 1947 3601; x_wconf 90' lang='lat' dir='ltr'><strong>ac</strong></span> <span class='ocrx_word' id='word_1_311' title='bbox 1961 3545 2133 3622; x_wconf 88' lang='lat' dir='ltr'><strong>parentum</strong></span> 
     </span>
     <span class='ocr_line' id='line_1_27' title="bbox 488 3640 2133 3726; baseline -0.002 -19"><span class='ocrx_word' id='word_1_312' title='bbox 488 3651 675 3708; x_wconf 91' lang='lat' dir='ltr'><strong>nostrorum</strong></span> <span class='ocrx_word' id='word_1_313' title='bbox 698 3642 842 3706; x_wconf 91' lang='lat' dir='ltr'><strong>remedio</strong></span> <span class='ocrx_word' id='word_1_314' title='bbox 865 3641 908 3707; x_wconf 93' lang='lat' dir='ltr'><strong>ad</strong></span> <span class='ocrx_word' id='word_1_315' title='bbox 930 3660 1128 3721; x_wconf 78' lang='lat' dir='ltr'><strong>monasterium,</strong></span> <span class='ocrx_word' id='word_1_316' title='bbox 1158 3642 1246 3726; x_wconf 91' lang='lat' dir='ltr'><strong>quod</strong></span> <span class='ocrx_word' id='word_1_317' title='bbox 1269 3651 1495 3707; x_wconf 91' lang='lat' dir='ltr'><strong>constructum</strong></span> <span class='ocrx_word' id='word_1_318' title='bbox 1518 3651 1568 3708; x_wconf 89' lang='lat' dir='ltr'><strong>est</strong></span> <span class='ocrx_word' id='word_1_319' title='bbox 1589 3644 1623 3707; x_wconf 91' lang='lat' dir='ltr'><strong>in</strong></span> <span class='ocrx_word' id='word_1_320' title='bbox 1646 3641 1764 3725; x_wconf 91' lang='lat' dir='ltr'><strong>insula,</strong></span> <span class='ocrx_word' id='word_1_321' title='bbox 1799 3664 1860 3726; x_wconf 74' lang='lat' dir='ltr'><strong>quq</strong></span> <span class='ocrx_word' id='word_1_322' title='bbox 1883 3641 1916 3706; x_wconf 92' lang='lat' dir='ltr'><strong>in</strong></span> <span class='ocrx_word' id='word_1_323' title='bbox 1939 3640 2133 3725; x_wconf 65' lang='lat' dir='ltr'><strong>Alemannis</strong></span> 
     </span>
     <span class='ocr_line' id='line_1_28' title="bbox 487 3745 2133 3833; baseline -0.001 -22"><span class='ocrx_word' id='word_1_324' title='bbox 487 3745 637 3832; x_wconf 90' lang='lat' dir='ltr'><strong>partibus</strong></span> <span class='ocrx_word' id='word_1_325' title='bbox 660 3747 724 3812; x_wconf 92' lang='lat' dir='ltr'><strong>sita</strong></span> <span class='ocrx_word' id='word_1_326' title='bbox 746 3761 950 3813; x_wconf 77' lang='lat' dir='ltr'><strong>sintlezzesowa</strong></span> <span class='ocrx_word' id='word_1_327' title='bbox 971 3755 1192 3833; x_wconf 89' lang='lat' dir='ltr'><strong>nuncupatur,</strong></span> <span class='ocrx_word' id='word_1_328' title='bbox 1217 3746 1273 3811; x_wconf 91' lang='lat' dir='ltr'><strong>ubi</strong></span> <span class='ocrx_word' id='word_1_329' title='bbox 1296 3762 1459 3812; x_wconf 80' lang='lat' dir='ltr'><strong>venerabilis</strong></span> <span class='ocrx_word' id='word_1_330' title='bbox 1480 3746 1592 3832; x_wconf 80' lang='lat' dir='ltr'>presul</span> <span class='ocrx_word' id='word_1_331' title='bbox 1614 3761 1697 3812; x_wconf 74' lang='lat' dir='ltr'><strong>Hecto</strong></span> <span class='ocrx_word' id='word_1_332' title='bbox 1720 3745 1858 3832; x_wconf 91' lang='lat' dir='ltr'><strong>spiritali</strong></span> <span class='ocrx_word' id='word_1_333' title='bbox 1882 3754 1988 3830; x_wconf 73' lang='lat' dir='ltr'><strong>turme</strong></span> <span class='ocrx_word' id='word_1_334' title='bbox 2011 3753 2133 3830; x_wconf 79' lang='lat' dir='ltr'><strong>preest,</strong></span> 
     </span>
     <span class='ocr_line' id='line_1_29' title="bbox 489 3847 2136 3936; baseline -0.001 -22"><span class='ocrx_word' id='word_1_335' title='bbox 489 3871 563 3914; x_wconf 91' lang='lat' dir='ltr'><strong>cum</strong></span> <span class='ocrx_word' id='word_1_336' title='bbox 586 3849 738 3915; x_wconf 91' lang='lat' dir='ltr'><strong>omnibus</strong></span> <span class='ocrx_word' id='word_1_337' title='bbox 761 3847 990 3936; x_wconf 64' lang='lat' dir='ltr'><strong>appendiciis&#39;D</strong></span> <span class='ocrx_word' id='word_1_338' title='bbox 1013 3852 1129 3915; x_wconf 89' lang='lat' dir='ltr'><strong>suiset</strong></span> <span class='ocrx_word' id='word_1_339' title='bbox 1152 3849 1234 3915; x_wconf 91' lang='lat' dir='ltr'><strong>locis</strong></span> <span class='ocrx_word' id='word_1_340' title='bbox 1250 3849 1478 3915; x_wconf 90' lang='lat' dir='ltr'><strong>adiacentibus</strong></span> <span class='ocrx_word' id='word_1_341' title='bbox 1502 3850 1663 3915; x_wconf 80' lang='lat' dir='ltr'><strong>tradimus</strong></span> <span class='ocrx_word' id='word_1_342' title='bbox 1680 3858 1780 3935; x_wconf 88' lang='lat' dir='ltr'><strong>atque</strong></span> <span class='ocrx_word' id='word_1_343' title='bbox 1802 3847 2075 3931; x_wconf 87' lang='lat' dir='ltr'><strong>transfundimus,</strong></span> <span class='ocrx_word' id='word_1_344' title='bbox 2098 3857 2136 3912; x_wconf 92' lang='lat' dir='ltr'><strong>ut</strong></span> 
     </span>
     <span class='ocr_line' id='line_1_30' title="bbox 488 3953 2132 4042; baseline -0.001 -24"><span class='ocrx_word' id='word_1_345' title='bbox 488 3954 607 4019; x_wconf 85' lang='lat' dir='ltr'><strong>fratres</strong></span> <span class='ocrx_word' id='word_1_346' title='bbox 631 3953 753 4019; x_wconf 86' lang='lat' dir='ltr'><strong>ibidem</strong></span> <span class='ocrx_word' id='word_1_347' title='bbox 775 3955 973 4040; x_wconf 73' lang='lat' dir='ltr'><strong>regulariter</strong></span> <span class='ocrx_word' id='word_1_348' title='bbox 995 3953 1211 4019; x_wconf 78' lang='lat' dir='ltr'><strong>subsistentes</strong></span> <span class='ocrx_word' id='word_1_349' title='bbox 1227 3963 1261 4020; x_wconf 93' lang='lat' dir='ltr'><strong>et</strong></span> <span class='ocrx_word' id='word_1_350' title='bbox 1283 3955 1394 4019; x_wconf 89' lang='lat' dir='ltr'><strong>divino</strong></span> <span class='ocrx_word' id='word_1_351' title='bbox 1419 3956 1509 4042; x_wconf 89' lang='lat' dir='ltr'><strong>operi</strong></span> <span class='ocrx_word' id='word_1_352' title='bbox 1532 3954 1586 4019; x_wconf 91' lang='lat' dir='ltr'><strong>die</strong></span> <span class='ocrx_word' id='word_1_353' title='bbox 1609 3963 1771 4040; x_wconf 80' lang='lat' dir='ltr'><strong>nocteque</strong></span> <span class='ocrx_word' id='word_1_354' title='bbox 1787 3954 1907 4037; x_wconf 90' lang='lat' dir='ltr'><strong>iugiter</strong></span> <span class='ocrx_word' id='word_1_355' title='bbox 1928 3953 2132 4036; x_wconf 80' lang='lat' dir='ltr'><strong>insudantes,</strong></span> 
     </span>
     <span class='ocr_line' id='line_1_31' title="bbox 434 4055 2133 4144; baseline 0.001 -23"><span class='ocrx_word' id='word_1_356' title='bbox 434 4075 467 4123; x_wconf 86' lang='lat' dir='ltr'><strong>so</strong></span> <span class='ocrx_word' id='word_1_357' title='bbox 491 4055 567 4122; x_wconf 91' lang='lat' dir='ltr'><strong>dum</strong></span> <span class='ocrx_word' id='word_1_358' title='bbox 592 4079 612 4121; x_wconf 93' lang='lat' dir='ltr'><strong>a</strong></span> <span class='ocrx_word' id='word_1_359' title='bbox 634 4059 755 4122; x_wconf 89' lang='lat' dir='ltr'><strong>nostris</strong></span> <span class='ocrx_word' id='word_1_360' title='bbox 779 4057 964 4143; x_wconf 87' lang='lat' dir='ltr'><strong>sumptibus</strong></span> <span class='ocrx_word' id='word_1_361' title='bbox 987 4058 1141 4124; x_wconf 82' lang='lat' dir='ltr'><strong>alacriter</strong></span> <span class='ocrx_word' id='word_1_362' title='bbox 1163 4068 1389 4144; x_wconf 77' lang='lat' dir='ltr'><strong>procurantur,</strong></span> <span class='ocrx_word' id='word_1_363' title='bbox 1423 4059 1566 4125; x_wconf 88' lang='lat' dir='ltr'><strong>assiduis</strong></span> <span class='ocrx_word' id='word_1_364' title='bbox 1590 4081 1702 4125; x_wconf 92' lang='lat' dir='ltr'><strong>eornm</strong></span> <span class='ocrx_word' id='word_1_365' title='bbox 1731 4058 1884 4144; x_wconf 89' lang='lat' dir='ltr'><strong>precibus</strong></span> <span class='ocrx_word' id='word_1_366' title='bbox 1915 4058 2012 4123; x_wconf 91' lang='lat' dir='ltr'><strong>deum</strong></span> <span class='ocrx_word' id='word_1_367' title='bbox 2036 4056 2133 4123; x_wconf 89' lang='lat' dir='ltr'><strong>nobis</strong></span> 
     </span>
     <span class='ocr_line' id='line_1_32' title="bbox 488 4161 2133 4249; baseline 0.001 -25"><span class='ocrx_word' id='word_1_368' title='bbox 488 4161 673 4246; x_wconf 90' lang='lat' dir='ltr'><strong>propicium</strong></span> <span class='ocrx_word' id='word_1_369' title='bbox 696 4161 805 4227; x_wconf 85' lang='lat' dir='ltr'><strong>facere</strong></span> <span class='ocrx_word' id='word_1_370' title='bbox 830 4162 1014 4246; x_wconf 86' lang='lat' dir='ltr'><strong>dignentur.</strong></span> <span class='ocrx_word' id='word_1_371' title='bbox 1051 4163 1098 4228; x_wconf 92' lang='lat' dir='ltr'><strong>Ut</strong></span> <span class='ocrx_word' id='word_1_372' title='bbox 1119 4173 1229 4228; x_wconf 89' lang='lat' dir='ltr'><strong>autem</strong></span> <span class='ocrx_word' id='word_1_373' title='bbox 1252 4163 1422 4249; x_wconf 91' lang='lat' dir='ltr'><strong>predictus</strong></span> <span class='ocrx_word' id='word_1_374' title='bbox 1446 4164 1546 4229; x_wconf 91' lang='lat' dir='ltr'><strong>Hetto</strong></span> <span class='ocrx_word' id='word_1_375' title='bbox 1572 4163 1826 4230; x_wconf 85' lang='lat' dir='ltr'><strong>cumfratribus</strong></span> <span class='ocrx_word' id='word_1_376' title='bbox 1851 4164 1931 4244; x_wconf 91' lang='lat' dir='ltr'><strong>suis,</strong></span> <span class='ocrx_word' id='word_1_377' title='bbox 1963 4162 2133 4228; x_wconf 88' lang='lat' dir='ltr'><strong>monachis</strong></span> 
     </span>
     <span class='ocr_line' id='line_1_33' title="bbox 487 4263 2133 4353; baseline 0 -24"><span class='ocrx_word' id='word_1_378' title='bbox 487 4263 642 4330; x_wconf 90' lang='lat' dir='ltr'><strong>videlicet</strong></span> <span class='ocrx_word' id='word_1_379' title='bbox 663 4275 763 4351; x_wconf 91' lang='lat' dir='ltr'><strong>atque</strong></span> <span class='ocrx_word' id='word_1_380' title='bbox 792 4266 932 4347; x_wconf 89' lang='lat' dir='ltr'><strong>clericis,</strong></span> <span class='ocrx_word' id='word_1_381' title='bbox 966 4268 998 4331; x_wconf 90' lang='lat' dir='ltr'><strong>in</strong></span> <span class='ocrx_word' id='word_1_382' title='bbox 1021 4266 1152 4353; x_wconf 83' lang='lat' dir='ltr'><strong>prefata</strong></span> <span class='ocrx_word' id='word_1_383' title='bbox 1180 4266 1289 4331; x_wconf 83' lang='lat' dir='ltr'><strong>insula</strong></span> <span class='ocrx_word' id='word_1_384' title='bbox 1312 4266 1353 4331; x_wconf 94' lang='lat' dir='ltr'><strong>ab</strong></span> <span class='ocrx_word' id='word_1_385' title='bbox 1385 4266 1605 4332; x_wconf 87' lang='lat' dir='ltr'><strong>exterioribus</strong></span> <span class='ocrx_word' id='word_1_386' title='bbox 1629 4267 1718 4331; x_wconf 90' lang='lat' dir='ltr'><strong>curis</strong></span> <span class='ocrx_word' id='word_1_387' title='bbox 1747 4275 1891 4332; x_wconf 89' lang='lat' dir='ltr'><strong>remotus</strong></span> <span class='ocrx_word' id='word_1_388' title='bbox 1919 4266 1971 4331; x_wconf 92' lang='lat' dir='ltr'><strong>dei</strong></span> <span class='ocrx_word' id='word_1_389' title='bbox 2001 4267 2133 4330; x_wconf 87' lang='lat' dir='ltr'><strong>servitio</strong></span> 
     </span>
     <span class='ocr_line' id='line_1_34' title="bbox 488 4369 2132 4456; baseline 0 -23"><span class='ocrx_word' id='word_1_390' title='bbox 488 4369 623 4435; x_wconf 90' lang='lat' dir='ltr'><strong>liberius</strong></span> <span class='ocrx_word' id='word_1_391' title='bbox 646 4380 747 4456; x_wconf 90' lang='lat' dir='ltr'><strong>atque</strong></span> <span class='ocrx_word' id='word_1_392' title='bbox 770 4372 917 4437; x_wconf 90' lang='lat' dir='ltr'><strong>securius</strong></span> <span class='ocrx_word' id='word_1_393' title='bbox 940 4372 1092 4436; x_wconf 88' lang='lat' dir='ltr'><strong>insistere</strong></span> <span class='ocrx_word' id='word_1_394' title='bbox 1107 4370 1228 4452; x_wconf 87' lang='lat' dir='ltr'><strong>valeat,</strong></span> <span class='ocrx_word' id='word_1_395' title='bbox 1252 4392 1325 4435; x_wconf 92' lang='lat' dir='ltr'><strong>cum</strong></span> <span class='ocrx_word' id='word_1_396' title='bbox 1343 4370 1448 4455; x_wconf 92' lang='lat' dir='ltr'><strong>ipsius</strong></span> <span class='ocrx_word' id='word_1_397' title='bbox 1471 4369 1603 4435; x_wconf 92' lang='lat' dir='ltr'><strong>abbatis</strong></span> <span class='ocrx_word' id='word_1_398' title='bbox 1620 4370 1781 4435; x_wconf 90' lang='lat' dir='ltr'><strong>desiderio</strong></span> <span class='ocrx_word' id='word_1_399' title='bbox 1806 4391 2006 4454; x_wconf 90' lang='lat' dir='ltr'><strong>suorumque</strong></span> <span class='ocrx_word' id='word_1_400' title='bbox 2022 4391 2132 4434; x_wconf 91' lang='lat' dir='ltr'><strong>mona·</strong></span> 
     </span>
     <span class='ocr_line' id='line_1_35' title="bbox 488 4472 2133 4559; baseline -0.001 -22"><span class='ocrx_word' id='word_1_401' title='bbox 488 4472 623 4537; x_wconf 90' lang='lat' dir='ltr'><strong>chorum</strong></span> <span class='ocrx_word' id='word_1_402' title='bbox 652 4483 771 4559; x_wconf 88' lang='lat' dir='ltr'><strong>rogatu</strong></span> <span class='ocrx_word' id='word_1_403' title='bbox 795 4473 1007 4539; x_wconf 85' lang='lat' dir='ltr'><strong>Adelbertum</strong></span> <span class='ocrx_word' id='word_1_404' title='bbox 1038 4494 1180 4556; x_wconf 79' lang='lat' dir='ltr'><strong>cognatum</strong></span> <span class='ocrx_word' id='word_1_405' title='bbox 1203 4495 1324 4539; x_wconf 74' lang='lat' dir='ltr'><strong>nostrum</strong></span> <span class='ocrx_word' id='word_1_406' title='bbox 1351 4475 1384 4538; x_wconf 93' lang='lat' dir='ltr'><strong>in</strong></span> <span class='ocrx_word' id='word_1_407' title='bbox 1414 4475 1606 4559; x_wconf 90' lang='lat' dir='ltr'><strong>supradicta</strong></span> <span class='ocrx_word' id='word_1_408' title='bbox 1633 4474 1713 4539; x_wconf 85' lang='lat' dir='ltr'><strong>villa</strong></span> <span class='ocrx_word' id='word_1_409' title='bbox 1735 4474 1835 4541; x_wconf 89' lang='lat' dir='ltr'><strong>Ulma</strong></span> <span class='ocrx_word' id='word_1_410' title='bbox 1866 4473 2064 4539; x_wconf 90' lang='lat' dir='ltr'><strong>advocatum</strong></span> <span class='ocrx_word' id='word_1_411' title='bbox 2092 4493 2133 4538; x_wconf 89' lang='lat' dir='ltr'><strong>ac</strong></span> 
     </span>
     <span class='ocr_line' id='line_1_36' title="bbox 433 4577 2133 4666; baseline 0.001 -25"><span class='ocrx_word' id='word_1_412' title='bbox 433 4593 466 4642; x_wconf 80' lang='lat' dir='ltr'><strong>so</strong></span> <span class='ocrx_word' id='word_1_413' title='bbox 490 4577 694 4643; x_wconf 88' lang='lat' dir='ltr'><strong>defensorem</strong></span> <span class='ocrx_word' id='word_1_414' title='bbox 717 4579 948 4643; x_wconf 89' lang='lat' dir='ltr'><strong>constituimus</strong></span> <span class='ocrx_word' id='word_1_415' title='bbox 973 4588 1006 4644; x_wconf 90' lang='lat' dir='ltr'><strong>et</strong></span> <span class='ocrx_word' id='word_1_416' title='bbox 1028 4580 1176 4658; x_wconf 89' lang='lat' dir='ltr'><strong>eundem,</strong></span> <span class='ocrx_word' id='word_1_417' title='bbox 1206 4580 1292 4666; x_wconf 91' lang='lat' dir='ltr'><strong>quia,</strong></span> <span class='ocrx_word' id='word_1_418' title='bbox 1322 4579 1438 4666; x_wconf 89' lang='lat' dir='ltr'><strong>quales</strong></span> <span class='ocrx_word' id='word_1_419' title='bbox 1461 4580 1561 4644; x_wconf 83' lang='lat' dir='ltr'><strong>futuri</strong></span> <span class='ocrx_word' id='word_1_420' title='bbox 1586 4580 1652 4643; x_wconf 90' lang='lat' dir='ltr'><strong>sint</strong></span> <span class='ocrx_word' id='word_1_421' title='bbox 1679 4579 1838 4660; x_wconf 91' lang='lat' dir='ltr'><strong>homines,</strong></span> <span class='ocrx_word' id='word_1_422' title='bbox 1862 4581 2061 4662; x_wconf 87' lang='lat' dir='ltr'><strong>ignoramus,</strong></span> <span class='ocrx_word' id='word_1_423' title='bbox 2092 4601 2133 4642; x_wconf 92' lang='lat' dir='ltr'><strong>ne</strong></span> 
     </span>
     <span class='ocr_line' id='line_1_37' title="bbox 489 4682 2132 4770; baseline 0.002 -26"><span class='ocrx_word' id='word_1_424' title='bbox 489 4690 614 4747; x_wconf 89' lang='lat' dir='ltr'><strong>statuta</strong></span> <span class='ocrx_word' id='word_1_425' title='bbox 637 4692 753 4747; x_wconf 91' lang='lat' dir='ltr'><strong>nostra</strong></span> <span class='ocrx_word' id='word_1_426' title='bbox 774 4682 825 4748; x_wconf 90' lang='lat' dir='ltr'><strong>vel</strong></span> <span class='ocrx_word' id='word_1_427' title='bbox 850 4685 1024 4769; x_wconf 91' lang='lat' dir='ltr'><strong>quisquam</strong></span> <span class='ocrx_word' id='word_1_428' title='bbox 1043 4706 1176 4749; x_wconf 89' lang='lat' dir='ltr'><strong>suorum</strong></span> <span class='ocrx_word' id='word_1_429' title='bbox 1200 4706 1430 4750; x_wconf 88' lang='lat' dir='ltr'><strong>successorum</strong></span> <span class='ocrx_word' id='word_1_430' title='bbox 1447 4684 1718 4770; x_wconf 87' lang='lat' dir='ltr'><strong>transgrediatur,</strong></span> <span class='ocrx_word' id='word_1_431' title='bbox 1742 4686 1774 4748; x_wconf 92' lang='lat' dir='ltr'><strong>in</strong></span> <span class='ocrx_word' id='word_1_432' title='bbox 1791 4684 1934 4768; x_wconf 88' lang='lat' dir='ltr'><strong>presenti</strong></span> <span class='ocrx_word' id='word_1_433' title='bbox 1957 4705 2033 4748; x_wconf 92' lang='lat' dir='ltr'><strong>cum</strong></span> <span class='ocrx_word' id='word_1_434' title='bbox 2048 4687 2132 4748; x_wconf 89' lang='lat' dir='ltr'><strong>iura·</strong></span> 
     </span>
    </p>
   </div>
   <div class='ocr_carea' id='block_1_4' title="bbox 487 4785 2133 4873">
    <p class='ocr_par' dir='ltr' id='par_1_4' title="bbox 487 4785 2133 4873">
     <span class='ocr_line' id='line_1_38' title="bbox 487 4785 2133 4873; baseline 0.001 -23"><span class='ocrx_word' id='word_1_435' title='bbox 487 4796 598 4851; x_wconf 89' lang='lat' dir='ltr'><strong>mento</strong></span> <span class='ocrx_word' id='word_1_436' title='bbox 622 4788 781 4852; x_wconf 87' lang='lat' dir='ltr'><strong>tenaciter</strong></span> <span class='ocrx_word' id='word_1_437' title='bbox 804 4787 999 4873; x_wconf 90' lang='lat' dir='ltr'><strong>obligamus.</strong></span> <span class='ocrx_word' id='word_1_438' title='bbox 1024 4789 1099 4852; x_wconf 89' lang='lat' dir='ltr'><strong>Hac</strong></span> <span class='ocrx_word' id='word_1_439' title='bbox 1122 4789 1163 4853; x_wconf 91' lang='lat' dir='ltr'><strong>de</strong></span> <span class='ocrx_word' id='word_1_440' title='bbox 1186 4810 1290 4854; x_wconf 90' lang='lat' dir='ltr'><strong>causa</strong></span> <span class='ocrx_word' id='word_1_441' title='bbox 1313 4811 1403 4870; x_wconf 64' lang='lat' dir='ltr'><strong>nostre</strong></span> <span class='ocrx_word' id='word_1_442' title='bbox 1426 4805 1528 4869; x_wconf 77' lang='lat' dir='ltr'><strong>placuit</strong></span> <span class='ocrx_word' id='word_1_443' title='bbox 1550 4803 1717 4870; x_wconf 66' lang='lat' dir='ltr'><strong>providentie</strong></span> <span class='ocrx_word' id='word_1_444' title='bbox 1741 4789 1857 4853; x_wconf 90' lang='lat' dir='ltr'><strong>eodem</strong></span> <span class='ocrx_word' id='word_1_445' title='bbox 1872 4787 2053 4852; x_wconf 86' lang='lat' dir='ltr'><strong>Adelberto</strong></span> <span class='ocrx_word' id='word_1_446' title='bbox 2079 4785 2133 4852; x_wconf 90' lang='lat' dir='ltr'><strong>de·</strong></span> 
     </span>
    </p>
   </div>
   <div class='ocr_carea' id='block_1_5' title="bbox 487 4890 2133 4974">
    <p class='ocr_par' dir='ltr' id='par_1_5' title="bbox 487 4890 2133 4974">
     <span class='ocr_line' id='line_1_39' title="bbox 487 4890 2133 4974; baseline 0.002 -20"><span class='ocrx_word' id='word_1_447' title='bbox 487 4890 601 4956; x_wconf 71' lang='lat' dir='ltr'><strong>functo</strong></span> <span class='ocrx_word' id='word_1_448' title='bbox 624 4909 653 4956; x_wconf 90' lang='lat' dir='ltr'><strong>in</strong></span> <span class='ocrx_word' id='word_1_449' title='bbox 675 4908 771 4972; x_wconf 84' lang='lat' dir='ltr'><strong>prefati</strong></span> <span class='ocrx_word' id='word_1_450' title='bbox 793 4909 899 4959; x_wconf 88' lang='lat' dir='ltr'><strong>abbatis</strong></span> <span class='ocrx_word' id='word_1_451' title='bbox 921 4925 1083 4974; x_wconf 88' lang='lat' dir='ltr'><strong>suorumque</strong></span> <span class='ocrx_word' id='word_1_452' title='bbox 1106 4925 1289 4959; x_wconf 88' lang='lat' dir='ltr'><strong>successorum</strong></span> <span class='ocrx_word' id='word_1_453' title='bbox 1313 4914 1353 4958; x_wconf 77' lang='lat' dir='ltr'><strong>ac</strong></span> <span class='ocrx_word' id='word_1_454' title='bbox 1375 4910 1496 4971; x_wconf 80' lang='lat' dir='ltr'><strong>fratrum,</strong></span> <span class='ocrx_word' id='word_1_455' title='bbox 1525 4910 1627 4960; x_wconf 89' lang='lat' dir='ltr'><strong>scilicet</strong></span> <span class='ocrx_word' id='word_1_456' title='bbox 1650 4909 1846 4972; x_wconf 87' lang='lat' dir='ltr'><strong>monachorum,</strong></span> <span class='ocrx_word' id='word_1_457' title='bbox 1869 4909 1920 4960; x_wconf 91' lang='lat' dir='ltr'><strong>boc</strong></span> <span class='ocrx_word' id='word_1_458' title='bbox 1943 4909 2133 4973; x_wconf 84' lang='lat' dir='ltr'><strong>perpetualiter</strong></span> 
     </span>
    </p>
   </div>
   <div class='ocr_carea' id='block_1_6' title="bbox 431 4998 2134 6020">
    <p class='ocr_par' dir='ltr' id='par_1_6' title="bbox 431 4998 2134 6020">
     <span class='ocr_line' id='line_1_40' title="bbox 487 4998 2133 5078; baseline 0.002 -17"><span class='ocrx_word' id='word_1_459' title='bbox 487 5026 586 5075; x_wconf 89' lang='lat' dir='ltr'><strong>ponere</strong></span> <span class='ocrx_word' id='word_1_460' title='bbox 608 5016 748 5076; x_wconf 85' lang='lat' dir='ltr'><strong>potestate,</strong></span> <span class='ocrx_word' id='word_1_461' title='bbox 776 5018 807 5062; x_wconf 89' lang='lat' dir='ltr'><strong>ut</strong></span> <span class='ocrx_word' id='word_1_462' title='bbox 829 5013 979 5076; x_wconf 86' lang='lat' dir='ltr'><strong>sapientum</strong></span> <span class='ocrx_word' id='word_1_463' title='bbox 1002 5014 1044 5061; x_wconf 89' lang='lat' dir='ltr'><strong>nsi</strong></span> <span class='ocrx_word' id='word_1_464' title='bbox 1067 5012 1186 5063; x_wconf 87' lang='lat' dir='ltr'><strong>consiliis</strong></span> <span class='ocrx_word' id='word_1_465' title='bbox 1209 5029 1240 5062; x_wconf 87' lang='lat' dir='ltr'><strong>ex</strong></span> <span class='ocrx_word' id='word_1_466' title='bbox 1263 5015 1310 5074; x_wconf 89' lang='lat' dir='ltr'><strong>eis,</strong></span> <span class='ocrx_word' id='word_1_467' title='bbox 1340 5029 1407 5078; x_wconf 88' lang='lat' dir='ltr'><strong>quos</strong></span> <span class='ocrx_word' id='word_1_468' title='bbox 1430 5014 1499 5063; x_wconf 86' lang='lat' dir='ltr'><strong>inter</strong></span> <span class='ocrx_word' id='word_1_469' title='bbox 1520 5019 1643 5078; x_wconf 86' lang='lat' dir='ltr'><strong>potentes</strong></span> <span class='ocrx_word' id='word_1_470' title='bbox 1666 5017 1789 5065; x_wconf 85' lang='lat' dir='ltr'><strong>noverint</strong></span> <span class='ocrx_word' id='word_1_471' title='bbox 1815 5009 1848 5064; x_wconf 79' lang='lat' dir='ltr'><strong>ei</strong></span> <span class='ocrx_word' id='word_1_472' title='bbox 1869 4998 2053 5063; x_wconf 72' lang='lat' dir='ltr'><strong>invenerint</strong></span> <span class='ocrx_word' id='word_1_473' title='bbox 2075 5030 2133 5064; x_wconf 90' lang='lat' dir='ltr'><strong>esse</strong></span> 
     </span>
     <span class='ocr_line' id='line_1_41' title="bbox 433 5101 2132 5182; baseline 0.002 -19"><span class='ocrx_word' id='word_1_474' title='bbox 433 5116 466 5163; x_wconf 79' lang='grc'><strong>40</strong></span> <span class='ocrx_word' id='word_1_475' title='bbox 489 5101 641 5166; x_wconf 77' lang='lat' dir='ltr'><strong>meliores</strong></span> <span class='ocrx_word' id='word_1_476' title='bbox 663 5117 746 5168; x_wconf 89' lang='lat' dir='ltr'><strong>seculi</strong></span> <span class='ocrx_word' id='word_1_477' title='bbox 770 5111 802 5166; x_wconf 79' lang='lat' dir='ltr'><strong>et</strong></span> <span class='ocrx_word' id='word_1_478' title='bbox 825 5118 951 5182; x_wconf 74' lang='lat' dir='ltr'><strong>equitatis</strong></span> <span class='ocrx_word' id='word_1_479' title='bbox 974 5133 990 5165; x_wconf 78' lang='lat' dir='ltr'><strong>a</strong></span> <span class='ocrx_word' id='word_1_480' title='bbox 1011 5119 1180 5178; x_wconf 85' lang='lat' dir='ltr'><strong>amantiores,</strong></span> <span class='ocrx_word' id='word_1_481' title='bbox 1211 5118 1311 5182; x_wconf 87' lang='lat' dir='ltr'><strong>eligant</strong></span> <span class='ocrx_word' id='word_1_482' title='bbox 1334 5103 1410 5166; x_wconf 78' lang='lat' dir='ltr'><strong>huic</strong></span> <span class='ocrx_word' id='word_1_483' title='bbox 1435 5102 1508 5165; x_wconf 82' lang='lat' dir='ltr'><strong>loco</strong></span> <span class='ocrx_word' id='word_1_484' title='bbox 1533 5103 1618 5166; x_wconf 75' lang='lat' dir='ltr'><strong>sicui</strong></span> <span class='ocrx_word' id='word_1_485' title='bbox 1640 5111 1673 5166; x_wconf 79' lang='lat' dir='ltr'><strong>et</strong></span> <span class='ocrx_word' id='word_1_486' title='bbox 1695 5103 1728 5167; x_wconf 76' lang='lat' dir='ltr'><strong>in</strong></span> <span class='ocrx_word' id='word_1_487' title='bbox 1751 5104 1870 5168; x_wconf 75' lang='lat' dir='ltr'><strong>ceteris</strong></span> <span class='ocrx_word' id='word_1_488' title='bbox 1896 5118 1962 5168; x_wconf 87' lang='lat' dir='ltr'><strong>locis</strong></span> <span class='ocrx_word' id='word_1_489' title='bbox 1986 5120 2041 5168; x_wconf 88' lang='lat' dir='ltr'><strong>suis</strong></span> <span class='ocrx_word' id='word_1_490' title='bbox 2063 5135 2132 5169; x_wconf 91' lang='lat' dir='ltr'><strong>com·</strong></span> 
     </span>
     <span class='ocr_line' id='line_1_42' title="bbox 487 5220 2134 5287; baseline -0.001 -18"><span class='ocrx_word' id='word_1_491' title='bbox 487 5225 609 5284; x_wconf 83' lang='lat' dir='ltr'><strong>patenter</strong></span> <span class='ocrx_word' id='word_1_492' title='bbox 631 5220 777 5271; x_wconf 86' lang='lat' dir='ltr'><strong>advocatos</strong></span> <span class='ocrx_word' id='word_1_493' title='bbox 800 5226 827 5270; x_wconf 93' lang='lat' dir='ltr'><strong>et</strong></span> <span class='ocrx_word' id='word_1_494' title='bbox 848 5221 1008 5282; x_wconf 77' lang='lat' dir='ltr'><strong>defensores,</strong></span> <span class='ocrx_word' id='word_1_495' title='bbox 1031 5238 1047 5269; x_wconf 76' lang='lat' dir='ltr'><strong>a</strong></span> <span class='ocrx_word' id='word_1_496' title='bbox 1070 5238 1101 5271; x_wconf 89' lang='lat' dir='ltr'><strong>eo</strong></span> <span class='ocrx_word' id='word_1_497' title='bbox 1124 5228 1213 5271; x_wconf 85' lang='lat' dir='ltr'><strong>tamen</strong></span> <span class='ocrx_word' id='word_1_498' title='bbox 1235 5228 1326 5273; x_wconf 89' lang='lat' dir='ltr'><strong>tenore</strong></span> <span class='ocrx_word' id='word_1_499' title='bbox 1349 5225 1387 5282; x_wconf 90' lang='lat' dir='ltr'><strong>ut,</strong></span> <span class='ocrx_word' id='word_1_500' title='bbox 1415 5221 1636 5286; x_wconf 87' lang='lat' dir='ltr'><strong>quandocumque</strong></span> <span class='ocrx_word' id='word_1_501' title='bbox 1659 5224 1701 5272; x_wconf 87' lang='lat' dir='ltr'><strong>sui</strong></span> <span class='ocrx_word' id='word_1_502' title='bbox 1724 5225 1856 5272; x_wconf 88' lang='lat' dir='ltr'><strong>commissi</strong></span> <span class='ocrx_word' id='word_1_503' title='bbox 1884 5225 2064 5287; x_wconf 87' lang='lat' dir='ltr'><strong>prevaricator</strong></span> <span class='ocrx_word' id='word_1_504' title='bbox 2087 5228 2134 5273; x_wconf 86' lang='lat' dir='ltr'><strong>aut</strong></span> 
     </span>
     <span class='ocr_line' id='line_1_43' title="bbox 487 5324 2132 5392; baseline 0.003 -21"><span class='ocrx_word' id='word_1_505' title='bbox 487 5325 516 5372; x_wconf 90' lang='lat' dir='ltr'><strong>in</strong></span> <span class='ocrx_word' id='word_1_506' title='bbox 539 5324 619 5374; x_wconf 88' lang='lat' dir='ltr'><strong>rebus</strong></span> <span class='ocrx_word' id='word_1_507' title='bbox 641 5324 685 5375; x_wconf 87' lang='lat' dir='ltr'><strong>vel</strong></span> <span class='ocrx_word' id='word_1_508' title='bbox 708 5325 869 5386; x_wconf 87' lang='lat' dir='ltr'><strong>bominibus,</strong></span> <span class='ocrx_word' id='word_1_509' title='bbox 900 5325 971 5390; x_wconf 91' lang='lat' dir='ltr'><strong>quod</strong></span> <span class='ocrx_word' id='word_1_510' title='bbox 993 5325 1075 5392; x_wconf 84' lang='lat' dir='ltr'><strong>vulgo</strong></span> <span class='ocrx_word' id='word_1_511' title='bbox 1098 5326 1220 5376; x_wconf 78' lang='lat' dir='ltr'><strong>belmunt</strong></span> <span class='ocrx_word' id='word_1_512' title='bbox 1243 5324 1347 5386; x_wconf 86' lang='lat' dir='ltr'><strong>dicitur,</strong></span> <span class='ocrx_word' id='word_1_513' title='bbox 1376 5327 1482 5386; x_wconf 86' lang='lat' dir='ltr'><strong>existat,</strong></span> <span class='ocrx_word' id='word_1_514' title='bbox 1513 5329 1601 5375; x_wconf 87' lang='lat' dir='ltr'><strong>statim</strong></span> <span class='ocrx_word' id='word_1_515' title='bbox 1625 5327 1681 5376; x_wconf 91' lang='lat' dir='ltr'><strong>siue</strong></span> <span class='ocrx_word' id='word_1_516' title='bbox 1704 5343 1778 5377; x_wconf 85' lang='lat' dir='ltr'><strong>mora</strong></span> <span class='ocrx_word' id='word_1_517' title='bbox 1801 5333 1827 5376; x_wconf 88' lang='lat' dir='ltr'><strong>et</strong></span> <span class='ocrx_word' id='word_1_518' title='bbox 1849 5328 1906 5376; x_wconf 90' lang='lat' dir='ltr'><strong>sine</strong></span> <span class='ocrx_word' id='word_1_519' title='bbox 1929 5325 2029 5375; x_wconf 89' lang='lat' dir='ltr'><strong>iudicio</strong></span> <span class='ocrx_word' id='word_1_520' title='bbox 2053 5327 2132 5376; x_wconf 82' lang='lat' dir='ltr'><strong>advo-</strong></span> 
     </span>
     <span class='ocr_line' id='line_1_44' title="bbox 488 5413 2132 5501; baseline 0 -24"><span class='ocrx_word' id='word_1_521' title='bbox 488 5429 588 5478; x_wconf 78' lang='lat' dir='ltr'><strong>caciam</strong></span> <span class='ocrx_word' id='word_1_522' title='bbox 603 5429 706 5493; x_wconf 78' lang='lat' dir='ltr'><strong>perdat.</strong></span> <span class='ocrx_word' id='word_1_523' title='bbox 734 5413 799 5494; x_wconf 76' lang='lat' dir='ltr'><strong>Qui</strong></span> <span class='ocrx_word' id='word_1_524' title='bbox 823 5414 1007 5479; x_wconf 90' lang='lat' dir='ltr'><strong>advocatus</strong></span> <span class='ocrx_word' id='word_1_525' title='bbox 1032 5423 1065 5480; x_wconf 93' lang='lat' dir='ltr'><strong>et</strong></span> <span class='ocrx_word' id='word_1_526' title='bbox 1088 5437 1202 5480; x_wconf 91' lang='lat' dir='ltr'><strong>omnes</strong></span> <span class='ocrx_word' id='word_1_527' title='bbox 1225 5416 1275 5479; x_wconf 93' lang='lat' dir='ltr'><strong>sui</strong></span> <span class='ocrx_word' id='word_1_528' title='bbox 1300 5436 1508 5479; x_wconf 89' lang='lat' dir='ltr'><strong>successores</strong></span> <span class='ocrx_word' id='word_1_529' title='bbox 1533 5414 1628 5501; x_wconf 90' lang='lat' dir='ltr'><strong>quale</strong></span> <span class='ocrx_word' id='word_1_530' title='bbox 1653 5415 1821 5479; x_wconf 89' lang='lat' dir='ltr'><strong>servitium</strong></span> <span class='ocrx_word' id='word_1_531' title='bbox 1846 5415 1879 5477; x_wconf 92' lang='lat' dir='ltr'><strong>in</strong></span> <span class='ocrx_word' id='word_1_532' title='bbox 1903 5414 2032 5498; x_wconf 83' lang='lat' dir='ltr'><strong>prefata</strong></span> <span class='ocrx_word' id='word_1_533' title='bbox 2054 5413 2132 5477; x_wconf 90' lang='lat' dir='ltr'><strong>villa</strong></span> 
     </span>
     <span class='ocr_line' id='line_1_45' title="bbox 486 5516 2131 5603; baseline -0.002 -21"><span class='ocrx_word' id='word_1_534' title='bbox 486 5516 584 5582; x_wconf 89' lang='lat' dir='ltr'><strong>Ulma</strong></span> <span class='ocrx_word' id='word_1_535' title='bbox 608 5516 649 5581; x_wconf 88' lang='lat' dir='ltr'><strong>ab</strong></span> <span class='ocrx_word' id='word_1_536' title='bbox 674 5517 822 5601; x_wconf 79' lang='lat' dir='ltr'><strong>Augensi</strong></span> <span class='ocrx_word' id='word_1_537' title='bbox 852 5517 974 5582; x_wconf 88' lang='lat' dir='ltr'><strong>abbate</strong></span> <span class='ocrx_word' id='word_1_538' title='bbox 997 5521 1133 5603; x_wconf 90' lang='lat' dir='ltr'><strong>eiusque</strong></span> <span class='ocrx_word' id='word_1_539' title='bbox 1161 5519 1320 5584; x_wconf 89' lang='lat' dir='ltr'><strong>ministris</strong></span> <span class='ocrx_word' id='word_1_540' title='bbox 1351 5518 1506 5602; x_wconf 89' lang='lat' dir='ltr'><strong>deinceps</strong></span> <span class='ocrx_word' id='word_1_541' title='bbox 1532 5519 1694 5603; x_wconf 90' lang='lat' dir='ltr'><strong>recepturi</strong></span> <span class='ocrx_word' id='word_1_542' title='bbox 1724 5517 1775 5581; x_wconf 88' lang='lat' dir='ltr'><strong>vel</strong></span> <span class='ocrx_word' id='word_1_543' title='bbox 1806 5516 1937 5603; x_wconf 83' lang='lat' dir='ltr'><strong>qualem</strong></span> <span class='ocrx_word' id='word_1_544' title='bbox 1969 5517 2131 5579; x_wconf 89' lang='lat' dir='ltr'><strong>iusticiam</strong></span> 
     </span>
     <span class='ocr_line' id='line_1_46' title="bbox 431 5620 2129 5705; baseline 0.001 -21"><span class='ocrx_word' id='word_1_545' title='bbox 431 5635 465 5684; x_wconf 74' lang='lat' dir='ltr'><strong>to</strong></span> <span class='ocrx_word' id='word_1_546' title='bbox 488 5622 551 5705; x_wconf 92' lang='lat' dir='ltr'><strong>ipsi</strong></span> <span class='ocrx_word' id='word_1_547' title='bbox 575 5620 753 5686; x_wconf 90' lang='lat' dir='ltr'><strong>abbatibus</strong></span> <span class='ocrx_word' id='word_1_548' title='bbox 777 5623 843 5686; x_wconf 87' lang='lat' dir='ltr'><strong>sint</strong></span> <span class='ocrx_word' id='word_1_549' title='bbox 865 5622 997 5700; x_wconf 86' lang='lat' dir='ltr'><strong>facturi,</strong></span> <span class='ocrx_word' id='word_1_550' title='bbox 1020 5620 1165 5687; x_wconf 89' lang='lat' dir='ltr'><strong>breviter</strong></span> <span class='ocrx_word' id='word_1_551' title='bbox 1187 5621 1239 5687; x_wconf 89' lang='lat' dir='ltr'><strong>hic</strong></span> <span class='ocrx_word' id='word_1_552' title='bbox 1263 5623 1529 5686; x_wconf 89' lang='lat' dir='ltr'><strong>determinamus.</strong></span> <span class='ocrx_word' id='word_1_553' title='bbox 1576 5637 1722 5686; x_wconf 76' lang='lat' dir='ltr'><strong>statuimus</strong></span> <span class='ocrx_word' id='word_1_554' title='bbox 1746 5642 1822 5704; x_wconf 85' lang='lat' dir='ltr'><strong>ergo</strong></span> <span class='ocrx_word' id='word_1_555' title='bbox 1845 5633 1878 5684; x_wconf 91' lang='lat' dir='ltr'><strong>et</strong></span> <span class='ocrx_word' id='word_1_556' title='bbox 1900 5639 2068 5700; x_wconf 75' lang='lat' dir='ltr'><strong>precipimus,</strong></span> <span class='ocrx_word' id='word_1_557' title='bbox 2104 5621 2129 5685; x_wconf 90' lang='lat' dir='ltr'><strong>si</strong></span> 
     </span>
     <span class='ocr_line' id='line_1_47' title="bbox 485 5724 2132 5811; baseline 0 -22"><span class='ocrx_word' id='word_1_558' title='bbox 485 5746 621 5811; x_wconf 90' lang='lat' dir='ltr'><strong>presens</strong></span> <span class='ocrx_word' id='word_1_559' title='bbox 650 5725 691 5789; x_wconf 82' lang='lat' dir='ltr'><strong>A.</strong></span> <span class='ocrx_word' id='word_1_560' title='bbox 714 5725 898 5790; x_wconf 90' lang='lat' dir='ltr'><strong>advocatus</strong></span> <span class='ocrx_word' id='word_1_561' title='bbox 932 5725 982 5789; x_wconf 87' lang='lat' dir='ltr'><strong>vel</strong></span> <span class='ocrx_word' id='word_1_562' title='bbox 1018 5727 1192 5811; x_wconf 89' lang='lat' dir='ltr'><strong>quisquam</strong></span> <span class='ocrx_word' id='word_1_563' title='bbox 1223 5747 1354 5789; x_wconf 91' lang='lat' dir='ltr'><strong>suorum</strong></span> <span class='ocrx_word' id='word_1_564' title='bbox 1385 5747 1608 5790; x_wconf 83' lang='lat' dir='ltr'><strong>successorum</strong></span> <span class='ocrx_word' id='word_1_565' title='bbox 1646 5728 1678 5790; x_wconf 91' lang='lat' dir='ltr'><strong>in</strong></span> <span class='ocrx_word' id='word_1_566' title='bbox 1713 5726 1862 5810; x_wconf 89' lang='lat' dir='ltr'><strong>predicta</strong></span> <span class='ocrx_word' id='word_1_567' title='bbox 1890 5724 1970 5788; x_wconf 90' lang='lat' dir='ltr'><strong>villa</strong></span> <span class='ocrx_word' id='word_1_568' title='bbox 2004 5740 2132 5804; x_wconf 76' lang='lat' dir='ltr'><strong>placitare</strong></span> 
     </span>
     <span class='ocr_line' id='line_1_48' title="bbox 486 5827 2130 5915; baseline 0.002 -25"><span class='ocrx_word' id='word_1_569' title='bbox 486 5845 609 5907; x_wconf 81' lang='lat' dir='ltr'><strong>voluerit,</strong></span> <span class='ocrx_word' id='word_1_570' title='bbox 633 5830 764 5915; x_wconf 92' lang='lat' dir='ltr'><strong>quando</strong></span> <span class='ocrx_word' id='word_1_571' title='bbox 788 5829 841 5893; x_wconf 88' lang='lat' dir='ltr'><strong>vel</strong></span> <span class='ocrx_word' id='word_1_572' title='bbox 865 5829 1007 5915; x_wconf 89' lang='lat' dir='ltr'><strong>qualiter</strong></span> <span class='ocrx_word' id='word_1_573' title='bbox 1022 5841 1080 5893; x_wconf 88' lang='lat' dir='ltr'><strong>aut</strong></span> <span class='ocrx_word' id='word_1_574' title='bbox 1103 5830 1260 5913; x_wconf 90' lang='lat' dir='ltr'><strong>quociens</strong></span> <span class='ocrx_word' id='word_1_575' title='bbox 1276 5828 1338 5893; x_wconf 92' lang='lat' dir='ltr'><strong>hoc</strong></span> <span class='ocrx_word' id='word_1_576' title='bbox 1361 5829 1429 5910; x_wconf 88' lang='lat' dir='ltr'><strong>fiat,</strong></span> <span class='ocrx_word' id='word_1_577' title='bbox 1453 5833 1486 5892; x_wconf 91' lang='lat' dir='ltr'><strong>in</strong></span> <span class='ocrx_word' id='word_1_578' title='bbox 1503 5829 1635 5893; x_wconf 90' lang='lat' dir='ltr'><strong>abbatis</strong></span> <span class='ocrx_word' id='word_1_579' title='bbox 1659 5829 1795 5893; x_wconf 88' lang='lat' dir='ltr'><strong>arbitrio</strong></span> <span class='ocrx_word' id='word_1_580' title='bbox 1812 5827 1954 5913; x_wconf 90' lang='lat' dir='ltr'><strong>pendeat</strong></span> <span class='ocrx_word' id='word_1_581' title='bbox 1976 5839 2009 5892; x_wconf 88' lang='lat' dir='ltr'><strong>et</strong></span> <span class='ocrx_word' id='word_1_582' title='bbox 2032 5827 2074 5892; x_wconf 92' lang='lat' dir='ltr'><strong>ab</strong></span> <span class='ocrx_word' id='word_1_583' title='bbox 2091 5850 2130 5893; x_wconf 92' lang='lat' dir='ltr'><strong>eo</strong></span> 
     </span>
     <span class='ocr_line' id='line_1_49' title="bbox 487 5932 2129 6020; baseline -0.001 -23"><span class='ocrx_word' id='word_1_584' title='bbox 487 5933 691 6020; x_wconf 90' lang='lat' dir='ltr'><strong>disponatur,</strong></span> <span class='ocrx_word' id='word_1_585' title='bbox 714 5945 837 5998; x_wconf 90' lang='lat' dir='ltr'><strong>utnon</strong></span> <span class='ocrx_word' id='word_1_586' title='bbox 861 5955 935 5997; x_wconf 93' lang='lat' dir='ltr'><strong>cum</strong></span> <span class='ocrx_word' id='word_1_587' title='bbox 959 5932 1109 6018; x_wconf 92' lang='lat' dir='ltr'><strong>pluribus</strong></span> <span class='ocrx_word' id='word_1_588' title='bbox 1133 5954 1231 6018; x_wconf 92' lang='lat' dir='ltr'><strong>quam</strong></span> <span class='ocrx_word' id='word_1_589' title='bbox 1255 5951 1327 5995; x_wconf 93' lang='lat' dir='ltr'><strong>xxx</strong></span> <span class='ocrx_word' id='word_1_590' title='bbox 1352 5935 1446 6018; x_wconf 92' lang='lat' dir='ltr'><strong>equis</strong></span> <span class='ocrx_word' id='word_1_591' title='bbox 1470 5932 1512 5997; x_wconf 90' lang='lat' dir='ltr'><strong>ad</strong></span> <span class='ocrx_word' id='word_1_592' title='bbox 1537 5933 1762 6018; x_wconf 89' lang='lat' dir='ltr'><strong>placitandum</strong></span> <span class='ocrx_word' id='word_1_593' title='bbox 1786 5934 1897 5997; x_wconf 88' lang='lat' dir='ltr'><strong>veniat</strong></span> <span class='ocrx_word' id='word_1_594' title='bbox 1920 5941 1952 5996; x_wconf 91' lang='lat' dir='ltr'><strong>et</strong></span> <span class='ocrx_word' id='word_1_595' title='bbox 1975 5932 2042 5997; x_wconf 90' lang='lat' dir='ltr'><strong>tale</strong></span> <span class='ocrx_word' id='word_1_596' title='bbox 2066 5954 2129 5996; x_wconf 92' lang='lat' dir='ltr'><strong>ser·</strong></span> 
     </span>
    </p>
   </div>
   <div class='ocr_carea' id='block_1_7' title="bbox 562 6086 1972 6240">
    <p class='ocr_par' dir='ltr' id='par_1_7' title="bbox 562 6086 1972 6240">
     <span class='ocr_line' id='line_1_50' title="bbox 562 6086 1881 6157; baseline 0 -15"><span class='ocrx_word' id='word_1_597' title='bbox 562 6086 621 6142; x_wconf 76' lang='lat'><strong>285.</strong></span> <span class='ocrx_word' id='word_1_598' title='bbox 641 6089 669 6154; x_wconf 86' lang='lat' dir='ltr'><strong>a)</strong></span> <span class='ocrx_word' id='word_1_599' title='bbox 686 6095 732 6141; x_wconf 87' lang='lat' dir='ltr'><strong>tan</strong></span> <span class='ocrx_word' id='word_1_600' title='bbox 750 6103 803 6142; x_wconf 82' lang='lat' dir='ltr'><strong>oon</strong></span> <span class='ocrx_word' id='word_1_601' title='bbox 821 6087 962 6142; x_wconf 77' lang='lat' dir='ltr'><strong>deraelbers</strong></span> <span class='ocrx_word' id='word_1_602' title='bbox 979 6087 1071 6142; x_wconf 80' lang='lat' dir='ltr'><strong>Haud</strong></span> <span class='ocrx_word' id='word_1_603' title='bbox 1089 6088 1156 6141; x_wconf 73' lang='lat' dir='ltr'><strong>siber</strong></span> <span class='ocrx_word' id='word_1_604' title='bbox 1175 6087 1225 6141; x_wconf 86' lang='grc' dir='ltr'><em>ἄεν</em></span> <span class='ocrx_word' id='word_1_605' title='bbox 1244 6088 1318 6142; x_wconf 78' lang='lat' dir='ltr'><strong>Zeile</strong></span> <span class='ocrx_word' id='word_1_606' title='bbox 1334 6088 1539 6157; x_wconf 72' lang='lat' dir='ltr'><strong>accipetrnpea</strong></span> <span class='ocrx_word' id='word_1_607' title='bbox 1609 6090 1636 6154; x_wconf 77' lang='lat' dir='ltr'><strong>b)</strong></span> <span class='ocrx_word' id='word_1_608' title='bbox 1655 6091 1836 6156; x_wconf 86' lang='lat' dir='ltr'><strong>appeendiciia</strong></span> <span class='ocrx_word' id='word_1_609' title='bbox 1855 6089 1881 6142; x_wconf 77' lang='lat' dir='ltr'><strong><em>A</em></strong></span> 
     </span>
     <span class='ocr_line' id='line_1_51' title="bbox 1921 6193 1972 6240; baseline 0 0"><span class='ocrx_word' id='word_1_610' title='bbox 1921 6193 1972 6240; x_wconf 67' lang='lat' dir='ltr'><strong>bl*</strong></span> 
     </span>
    </p>
   </div>
   <div class='ocr_carea' id='block_1_8' title="bbox 0 0 2826 7159">
    <p class='ocr_par' dir='ltr' id='par_1_8' title="bbox 0 0 2826 7159">
     <span class='ocr_line' id='line_1_52' title="bbox 0 0 2826 7159; baseline 0 0"><span class='ocrx_word' id='word_1_611' title='bbox 0 0 2826 7159; x_wconf 95' lang='lat' dir='ltr'><strong> </strong></span> 
     </span>
    </p>
   </div>
  </div>
 </body>
</html>
