5642 7159
1252 688 1413 751 PlPPlN.
2105 685 2146 747 41

502 881 563 965 ipsi
587 876 709 943 ibidem
733 897 791 963 pro
817 896 929 940 corum
952 873 1136 940 mercedem
1160 875 1223 939 visi
1246 872 1395 940 luerunt‘
1416 874 1577 957 firmasse,
1602 896 1701 960 quam
1730 875 1830 938 etiam
1854 895 1875 938 a
1898 875 2149 941 succedentibus

502 982 633 1068 regibus
656 981 708 1047 vel
732 1003 752 1045 a
776 977 978 1066 quibuslibet
1000 978 1097 1045 deum
1120 977 1311 1044 timentibus
1334 977 1521 1043 hominibus
1545 978 1644 1043 luerit
1665 977 1814 1044 additum
1837 977 1890 1043 vel
1913 978 2068 1044 collatum
2092 987 2150 1043 aut

503 1087 544 1150 ab
568 1087 648 1171 ipsis
671 1081 863 1148 custodibus
899 1082 1017 1170 prefati
1040 1083 1229 1147 monasterii
1265 1103 1325 1167 per
1348 1080 1541 1166 quodlibctss
1563 1082 1729 1167 ingenium
1762 1081 1861 1146 suerit
1893 1079 2093 1147 attractumh
2115 1083 2150 1146 in

503 1189 701 1275 quibuslibet
726 1188 820 1274 pagis
843 1187 895 1252 vel
919 1183 1114 1267 territoriis¹,
1150 1185 1225 1268 [hoc
1241 1183 1331 1270 pars]
1357 1183 1498 1271 predicti
1521 1187 1712 1250 monasterii
1737 1184 1797 1249 sub
1816 1185 1947 1270 integra
1970 1187 2149 1251 emunitate

463 1309 479 1357 5
502 1293 626 1378 absque
648 1293 785 1357 introitu
807 1291 953 1356 iudicum
976 1290 1029 1356 vel
1053 1290 1124 1354 fisci
1147 1288 1270 1376 publici
1285 1290 1538 1377 repetitionibus
1561 1289 1737 1376 possedere
1759 1291 1846 1354 omni
1869 1300 2016 1377 tempore
2039 1292 2148 1377 quieto

502 1396 613 1461 ordine
637 1395 779 1461 deberet.
809 1395 904 1460 Unde
928 1405 961 1460 et
983 1396 1075 1481 ipsas
1092 1396 1318 1480 preceptiones
1342 1403 1590 1459 antecessorum
1614 1402 1799 1459 nostrorum
1822 1393 2019 1477 Obilderico,
2043 1394 2148 1460 Thec-

501 1501 625 1584 dorico,
659 1500 831 1583 Olodovio,
867 1497 1065 1581 Cildeberto,
1100 1498 1292 1584 Dagobcrto
1327 1498 1494 1585 quondam
1527 1498 1658 1581 regibus
1686 1495 1780 1584 ipse*
1806 1498 2031 1584 Leodegarius
2061 1498 2150 1564 abbe

500 1605 595 1671 nobis
619 1629 662 1670 ex
685 1605 804 1670 hocin
827 1604 970 1690 presenti
993 1603 1134 1691 protulit
1154 1601 1365 1688 relegendas¹
1389 1611 1422 1668 et
1444 1604 1516 1688 ipso
1550 1601 1711 1667 beneficio
1736 1601 1778 1666 ab
1808 1623 1846 1667 eo
1870 1612 2017 1688 tempore
2047 1625 2150 1690 usque

501 1731 586 1774 nunc
610 1706 756 1792 [asserit]
779 1709 881 1773 luisse
904 1716 1154 1790 conservatam
1193 1707 1252 1772 sed
1275 1730 1334 1793 pro
1358 1708 1523 1773 firmitatis
1556 1707 1701 1772 studium
1725 1707 1819 1791 petiit
1841 1706 2069 1772 celsitudinem
2092 1731 2150 1773 no·

450 1829 480 1878 ro
503 1822 644 1896 stramm,
668 1824 705 1878 ut
727 1812 791 1877 boc
813 1812 845 1876 in
870 1812 976 1896 ipsum
1000 1810 1076 1877 veln
1106 1813 1331 1899 suprascripto
1354 1814 1554 1877 monasterio
1577 1818 1693 1877 nostra
1716 1811 1844 1896 plenius
1874 1811 2008 1876 deberet
2038 1821 2150 1877 aucto·

500 1920 602 1982 ritas⁰
624 1917 828 1981 confirmare.
853 1913 955 1980 Cuius
979 1916 1170 2001 petitionem
1193 1917 1360 2001 gratantip
1384 1918 1492 1980 animo
1516 1916 1699 2001 prestitisse
1723 1936 1782 1980 seu
1806 1924 1839 1979 et
1860 1916 2075 1981 confirmasse
2097 1915 2150 1982 vel

501 2024 533 2085 in
557 2021 708 2086 omnibus
725 2021 929 2085 concessisse
945 2021 1146 2106 cognoscite.
1171 2020 1383 2106 Quapropter
1400 2019 1482 2107 [per]
1506 2029 1692 2105 presentem
1709 2019 1916 2086 decernimus
1938 2042 1979 2084 ac
2000 2019 2150 2086 iubemus

501 2134 701 2212 preceptum,
738 2133 783 2207 ut,
814 2124 970 2210 quicquid
994 2123 1035 2189 ab
1060 2122 1327 2190 antecessoribus
1356 2125 1481 2189 uostris
1505 2123 1569 2189 adq
1591 2131 1772 2189 memorato
1802 2125 2001 2190 monasterio
2024 2126 2056 2189 in
2080 2126 2150 2211 qui-

500 2227 645 2294 buslibet
679 2227 761 2292 locis
789 2227 841 2293 vel
876 2225 1064 2292 territoriis¹
1092 2228 1154 2292 fuit
1187 2249 1383 2293 concessum
1411 2237 1511 2314 atque
1545 2227 1709 2293 indultum
1737 2250 1839 2293 seua
1869 2227 1930 2293 deo
1957 2227 2150 2294 timentibus

446 2347 479 2397 ιιι
500 2333 646 2398 noscitur
671 2332 774 2396 fuisse
797 2330 963 2396 additumr
984 2329 1036 2396 vel
1060 2330 1216 2396 collatum
1234 2341 1291 2395 aut
1313 2354 1372 2417 per
1399 2332 1589 2418 quodlibet⁸
1612 2333 1779 2416 ingenium
1802 2331 1843 2397 ab
1868 2333 1949 2419 ipsis
1971 2331 2150 2398 abbatibus

501 2435 621 2502 ibidem
646 2434 732 2519 [deo]
760 2434 996 2500 servientibus·
1019 2435 1118 2501 fuerit
1141 2433 1342 2500 attractumh
1366 2447 1424 2501 aut
1446 2439 1579 2502 inantea
1601 2435 1723 2502 ibidem
1749 2435 1810 2502 deo
1834 2437 2059 2502 auxiliantes
2082 2438 2150 2523 qui-

500 2540 647 2606 buslibet
662 2540 849 2604 bcminibns
872 2540 971 2605 fuerit
985 2540 1192 2605 melioratum
1216 2549 1274 2605 aut
1290 2543 1563 2625 augmentatum‘,
1588 2563 1702 2606 omnes
1724 2562 1788 2623 res,
1811 2549 1879 2605 tarn
1894 2542 1984 2627 quod
2006 2542 2149 2627 presenti

501 2654 647 2730 tempore
669 2666 747 2730 pare
781 2645 886 2730 ipsius
909 2644 1101 2709 monasterii
1136 2644 1233 2709 suerit
1256 2646 1422 2730 acquisita
1450 2667 1547 2731 quam
1571 2648 1705 2711 inantea
1735 2646 1797 2711 deo
1821 2645 2000 2712 adiuvante
2028 2646 2151 2711 ibidem

502 2749 598 2813 fuerit
620 2771 679 2834 per
702 2747 893 2833 quodlibctss
917 2758 1100 2814 strumenta
1128 2757 1318 2813 cartarum¹¹
1348 2748 1485 2814 allatum
1507 2759 1566 2814 aut
1596 2749 1808 2830 attractuml,
1843 2751 2032 2836 inspectas*
2060 2751 2150 2837 ipsas

444 2870 480 2918 ιο
501 2853 730 2938 preceptiones
754 2854 944 2918 memoratis
974 2852 1177 2939 principibus
1211 2853 1338 2938 absque
1360 2855 1526 2918 introituw
1560 2854 1705 2918 iudicum
1736 2853 1870 2919 valeant
1898 2857 2008 2940 quieto
2038 2854 2151 2919 ordine

501 2957 671 3042 possidere
694 2956 746 3022 vel
770 2955 948 3031 dominare,
986 2960 1033 3021 ita
1057 2966 1093 3023 ut
1115 2956 1223 3022 nullus
1246 2957 1347 3022 iudex
1370 2955 1525 3044 publicus
1549 2958 1582 3021 in
1616 2967 1724 3024 curtes
1747 2959 1852 3044 ipsius
1887 2961 2076 3024 monasterii
2098 2958 2151 3024 vel

502 3061 657 3144 homines,
682 3063 737 3147 qui
763 3084 863 3148 supra
886 3072 992 3127 terras
1015 3062 1118 3149 ipsius
1141 3070 1373 3128 commanere¹
1396 3061 1559 3144 videntur,
1594 3083 1655 3126 nec
1677 3063 1721 3127 ad
1743 3084 1863 3128 causas
1886 3063 2069 3129 audiendas
2090 3085 2152 3129 nec

502 3165 544 3231 ad
573 3166 688 3231 freday
712 3166 910 3252 exigendum
943 3189 1005 3231 nec
1034 3177 1170 3252 paratas
1194 3177 1251 3232 aut
1273 3169 1462 3232 mansiones
1491 3167 1679 3232 faciendum
1712 3189 1773 3233 nec
1794 3169 1901 3234 nullas
1927 3168 2150 3233 redibutiones

502 3270 541 3335 de
564 3281 657 3356 partc
679 3270 772 3334 fisciz
795 3272 897 3336 nostri
921 3270 1150 3357 requirendum
1175 3281 1233 3336 aut
1253 3271 1473 3336 exactandum
1497 3271 1644 3356 ingredi·
1666 3271 1853 3338 nullatenus
1877 3269 2068 3358 presumatb
2092 3273 2152 3357 <ea

443 3389 478 3440 2⁵
501 3396 563 3461 que
586 3372 935 3458 commemoravimus>
945 3382 967 3457 ⁰,
992 3371 1072 3439 sedl
1094 3374 1156 3440 sub
1172 3377 1311 3459 integra,
1336 3377 1422 3440 sicut
1445 3374 1598 3459 diximus,
1615 3377 1794 3441 emunitate
1812 3398 1925 3441 ornnes
1948 3375 2058 3441 fredos
2074 3396 2152 3440 con·

501 3499 612 3543 cesses
635 3479 756 3543 nostris
783 3487 815 3542 et
837 3479 955 3543 futuris
985 3478 1189 3565 temporibus
1214 3481 1325 3564 quieto
1350 3479 1465 3544 ordine
1487 3479 1622 3544 valeant
1644 3479 1813 3565 possidere
1836 3479 1889 3544 vel
1912 3478 2092 3564 dominare,
2115 3488 2153 3543 ut

501 3603 560 3666 pro
585 3580 763 3647 stabilitate
786 3583 878 3668 regni
902 3583 1006 3648 nostri
1031 3583 1153 3648 domini
1177 3583 1439 3649 misericordiam
1461 3583 1596 3649 valeant
1619 3583 1806 3670 deprecare.

1298 3951 1359 4026 30.

498 4125 633 4217 Puppis
667 4127 793 4196 uimmt
825 4127 890 4197 das
922 4125 1068 4198 Kloster
1101 4126 1380 4198 Ecdtcruoclt
1413 4128 1452 4197 in
1484 4128 1601 4197 sciren
1634 4124 1760 4198 Solate
1793 4127 1868 4197 aad
1900 4125 2057 4217 bestrttipt
2096 4126 2152 4196 dic

439 4271 476 4320 so
501 4247 725 4318 lmnzrrnitrit.

1901 4347 2108 4432 [rsa-req.

605 4541 697 4600 Iriber
719 4557 831 4600 aureus
854 4541 979 4615 Eptern.
1003 4559 1060 4601 aas
1083 4542 1135 4600 der
1157 4547 1253 4602 ersten
1277 4543 1384 4616 Hrtlste
1406 4545 1457 4602 des
1482 4546 1530 4604 13.
1555 4543 1607 4603 Jlr.
1634 4538 1726 4615 fire'
1749 4543 1858 4600 iader
1884 4543 1961 4602 ltere.
1985 4541 2152 4601 Bibliotlrek

602 4664 642 4703 eu
668 4644 766 4704 Gotlro
789 4645 855 4724 (B).
944 4707 949 4716 ,

607 4783 703 4844 Sickel
714 4783 807 4842 Beitr.
821 4802 848 4841 a.
864 4783 948 4856 Dipl.
966 4785 994 4843 V
1006 4785 1124 4843 Wiener
1136 4783 1196 4844 SR.
1211 4785 1645 4863 49‚1390n⁰2(s’0nueraedr.
1660 4786 1713 4859 82)
1727 4803 1784 4843 cras
1800 4785 1837 4843 B.
1854 4817 1892 4827 -
1913 4784 2150 4858 Wurtlr·chuet

608 4887 696 4946 Table
711 4887 792 4947 unul.
809 4887 860 4947 des
875 4888 986 4947 claudes
1002 4906 1079 4946 conc.
1096 4889 1126 4946 lc
1142 4889 1209 4946 ville
1224 4886 1438 4948 ct'Eclrteruoclt
1452 4893 1483 4960 2,
1499 4893 1522 4949 2
1536 4906 1593 4948 cus
1610 4886 1764 4959 Absclrift
1780 4889 1830 4947 des
1846 4891 1897 4948 17.
1915 4887 1941 4947 J
1941 4889 1967 4947 Ιι.
1984 4904 2041 4946 oon
2056 4888 2094 4947 B.
2112 4920 2152 4930 -

607 4990 800 5050 lllstlrlbnclrer
822 4992 893 5065 lieo.
920 4993 981 5051 112
1007 4989 1108 5070 (109).

608 5147 684 5204 Zum
704 5164 827 5222 pressea
853 5147 934 5207 Tlrcil
953 5149 1078 5221 yleielres
1102 5149 1267 5208 Fornrulor
1289 5150 1343 5208 soie
1365 5151 1399 5207 irs
1422 5157 1456 5206 a‘*
1478 5153 1530 5212 14.
1576 5148 1680 5209 Albert
1702 5152 1741 5208 ist
1770 5152 1812 5209 38
1835 5149 1931 5210 dabre
1954 5148 2151 5229 (739-777)

606 5252 664 5309 Ant
687 5267 743 5310 eon
765 5251 958 5323 Ectternoclr,
984 5252 1077 5311 Cotol.
1102 5254 1167 5313 abb.
1192 5255 1264 5326 Ept.
1289 5255 1332 5314 M.
1361 5253 1397 5313 G.
1422 5253 1478 5314 SS.
1500 5256 1553 5324 23,
1576 5258 1630 5314 30.

597 5461 638 5515 29.
656 5462 677 5526 f)
694 5462 795 5514 fuerint
807 5463 926 5515 additum
939 5463 983 5514 vel
995 5463 1123 5516 collatum
1137 5462 1175 5525 D,
1194 5463 1255 5517 also
1272 5463 1333 5518 cirre
1346 5463 1421 5517 Zeile
1439 5464 1653 5534 uter-sprerunt
1756 5465 1784 5532 g)
1797 5462 1952 5531 quolibetO
2051 5465 2080 5530 h)
2092 5465 2151 5516 abs·

443 5533 480 5582 ⁴0
654 5537 770 5584 tractum
790 5531 841 5585 01)
957 5537 977 5598 i)
996 5537 1134 5585 terraturis
1154 5532 1205 5585 ul)
1321 5535 1351 5598 k)
1369 5537 1422 5599 ipsi
1441 5534 1493 5587 01)
1604 5536 1624 5598 l)
1642 5534 1802 5585 relevandas
1822 5533 1874 5586 01)
1987 5533 2023 5599 m)
2042 5537 2151 5585 certitu·

655 5601 744 5653 dinam
762 5609 853 5653 nostre
873 5601 924 5655 OD
1039 5603 1067 5668 n)
1085 5606 1114 5654 in
1133 5604 1159 5653 id
1179 5605 1266 5668 ipsum
1290 5620 1337 5672 per
1356 5603 1407 5657 01)
1518 5606 1545 5670 o)
1562 5604 1642 5655 debet
1664 5607 1791 5654 actoritas
1811 5603 1863 5656 OD
1978 5603 2006 5669 p)
2023 5604 2152 5670 gaudenti

658 5667 710 5721 OD
807 5672 834 5739 q)
852 5689 867 5722 a
888 5671 939 5724 OD
1043 5674 1067 5740 r)
1084 5673 1185 5723 aditum
1206 5669 1256 5724 OD
1361 5675 1384 5738 s)
1405 5671 1471 5726 Urlc.
1485 5671 1574 5725 Karta
1588 5672 1615 5724 d.
1631 5671 1694 5724 Gn:
1712 5673 1935 5737 deservientibus,
1954 5671 2007 5723 wel
2024 5671 2153 5725 nerderbt

657 5752 711 5790 cus
724 5739 773 5792 deo
786 5741 965 5792 servientibus
1070 5743 1090 5806 t)
1104 5747 1287 5793 aumentatum
1301 5739 1353 5794 OD
1457 5742 1486 5806 ιι)
1504 5743 1641 5793 kartsrum
1663 5740 1715 5794 01)
1818 5742 1992 5809 v)inspectat
2005 5739 2055 5793 01)

656 5809 692 5874 w)
708 5811 849 5862 introitum
868 5809 897 5862 D
1010 5809 1038 5876 ιι)
1056 5811 1194 5863 dominare
1214 5810 1265 5864 01)
1379 5811 1408 5876 y)
1426 5811 1496 5861 frida
1514 5811 1566 5863 01)
1680 5813 1705 5876 z)
1723 5809 1766 5861 fici
1786 5810 1838 5863 01)
1951 5812 1978 5876 s)
1995 5812 2154 5878 ingredique

659 5875 710 5930 OD
815 5880 843 5946 b)
855 5885 1010 5947 presumant
1029 5879 1080 5932 OD
1185 5881 1211 5945 c)
1229 5880 1279 5933 der
1296 5895 1370 5948 parer
1386 5879 1613 5949 ursyewdlmls'clre
1631 5879 1739 5932 Zosats
1755 5896 1788 5932 ea
1824 5897 1858 5932 ne
1887 5882 2153 5932 commemoravimus

657 5945 738 6082 gimel
751 5947 899 6069 &Boebeia
916 5948 989 6003 ruach
1007 5949 1121 6018 Ζιιριιὸι
1144 5948 1192 6003 des
1211 5948 1418 6014 Abscbreibers,
1435 5965 1466 6001 er
1483 5949 1554 6016 fehlt
1572 5949 1645 6003 aare
1668 5948 1700 6002 irs
1723 5949 1774 6002 der
1819 5949 1865 6003 rlc.
1882 5948 1973 6002 Karia
1991 5948 2018 6002 d.
2040 5948 2089 6002 Gr.

702 6033 720 6068 u
805 6057 811 6071 .

549 6120 784 6174 Kaiserurkuuden
805 6123 827 6174 L
1950 6124 1966 6171 s
