5642 7159
759 760 819 822 144
1360 725 1801 821 nnrsnsnaruuonu.

754 949 982 1015 celsitudinem
999 959 1156 1031 nostram,
1180 947 1258 1013 dum
1275 946 1356 1011 haec
1381 968 1485 1011 causa
1501 969 1562 1032 per
1576 945 1887 1039 negligentiam-ital
1910 948 2110 1032 contigisset,
2135 956 2173 1012 ut
2188 946 2230 1012 ab
2249 945 2401 1011 omnibus

754 1063 869 1118 notum
892 1054 943 1135 sit,
968 1062 1005 1118 ut
1027 1053 1133 1119 denuo
1156 1074 1215 1138 per
1237 1061 1386 1116 nostram
1410 1054 1642 1116 auctoritatem
1667 1074 1780 1116 omnes
1803 1074 1855 1116 res
1879 1052 2025 1116 eiusdem
2049 1051 2220 1134 ecclesiae,
2246 1051 2402 1137 quicquid

754 1178 828 1222 cum
863 1154 1040 1243 aequitatis
1070 1157 1184 1224 ordine
1219 1156 1388 1241 possidere
1423 1155 1561 1237 videtur,
1597 1156 1792 1220 confirmare
1822 1156 2025 1221 deberemus.
2071 1154 2174 1221 Cuius
2210 1157 2402 1241 petitionem

755 1262 917 1348 denegare
932 1261 1134 1344 noluimusm,
1160 1260 1219 1325 sed
1233 1261 1281 1325 ita
1297 1260 1504 1345 praestitisse
1519 1259 1570 1323 vel
1594 1260 1809 1324 confirmasse
1825 1262 2026 1345 cognoscite.
2051 1261 2299 1346 Praecipientes
2316 1260 2401 1324 enim

753 1367 918 1449 iubemus,
942 1376 988 1449 ut,
1013 1366 1169 1453 quicquid
1192 1365 1394 1430 antedictum
1418 1364 1654 1429 monasterium
1680 1365 1786 1429 sancti
1802 1362 2001 1431 Michaelis‘¹
2022 1385 2109 1429 nunc
2132 1364 2291 1450 temporis
2314 1364 2438 1427 instet

754 1470 911 1557 possidet,
935 1470 1022 1536 unde
1045 1471 1119 1555 ipsa
1142 1469 1195 1534 dei
1218 1490 1296 1533 casa
1319 1471 1440 1535 vestita
1463 1479 1524 1551 est,
1556 1469 1710 1555 deinceps
1734 1492 1792 1556 per
1814 1478 1962 1536 nostram
1986 1470 2279 1551 confirmationem,
2311 1469 2400 1553 quic·

754 1575 832 1660 quid
855 1598 913 1661 per
942 1584 1120 1661 praecepta
1147 1597 1261 1660 regum
1289 1596 1329 1637 ac
1359 1576 1546 1657 reginarum
1575 1596 1633 1638 seu
1661 1573 1861 1659 reliquorum
1893 1573 1990 1639 deum
2020 1575 2202 1639 timentium
2232 1573 2401 1637 hominum

753 1678 875 1745 ibidem
899 1679 1055 1745 collatum
1079 1700 1119 1744 ac
1142 1680 1371 1745 confirmatum
1395 1678 1465 1759 fuit,
1500 1687 1568 1742 tam
1592 1678 1762 1764 praefatus
1785 1678 1911 1743 Beatus
1934 1677 2039 1742 abbas
2068 1700 2166 1762 quam
2191 1678 2246 1762 qui
2270 1698 2401 1741 succes·

754 1805 845 1849 sores
866 1784 937 1849 eius
954 1784 1075 1848 fuerint
1090 1784 1189 1848 futuri
1205 1783 1257 1848 vel
1281 1792 1425 1848 rectores
1443 1782 1589 1847 eiusdem
1613 1782 1775 1847 ecclesiae
1793 1782 1899 1847 sancti
1922 1781 1985 1846 loci
2002 1791 2137 1847 teneant
2158 1790 2191 1846 et
2206 1780 2402 1867 possideant

753 1897 853 1973 atque
875 1888 919 1955 ad
941 1890 1047 1975 ipsam
1071 1909 1183 1953 casam
1208 1888 1260 1953 dei
1284 1888 1450 1953 diuturnis
1473 1887 1676 1973 temporibus
1699 1888 1732 1950 in
1749 1888 1936 1969 augmentis
1960 1886 2145 1971 proficiant.
2168 1884 2211 1948 Et
2233 1894 2292 1949 ut¹²
2315 1884 2399 1948 haec
2423 1898 2453 1945 ιο

752 1993 935 2056 auotoritas
951 1992 1076 2057 firmior
1094 1993 1145 2076 sit,
1169 2014 1269 2057 manu
1285 1999 1398 2056 nostra
1423 1991 1535 2056 subter
1549 1991 1754 2058 firmavimus
1773 1999 1806 2055 et
1823 1989 1921 2055 anulo
1937 2000 2050 2055 nostro
2068 1989 2213 2074 sigillare
2228 1990 2399 2053 iussimus.

856 2147 992 2233 Signum
1015 2150 1081 2227 (lli.)
1103 2148 1243 2213 Karoli⁰
1264 2148 1495 2233 gloriosissimi
1517 2152 1614 2233 regis.

856 2291 936 2366 (0.0)
958 2287 1180 2373 Wigbaldus‘l
1203 2286 1352 2352 advicem
1377 2286 1535 2351 Hitheriir
1555 2288 1759 2371 recognovi'.

856 2426 964 2492 Data‘
987 2436 1030 2492 v¹¹
1053 2428 1126 2494 idus
1141 2428 1250 2492 iunias
1273 2449 1359 2491 anno
1377 2434 1466 2491 vmv
1487 2427 1578 2509 regni
1601 2427 1721 2507 nostri3
1746 2433 1857 2490 actum
1873 2424 2078 2509 Carisiago'
2101 2422 2228 2509 palatio
2245 2422 2399 2508 publico;

753 2532 787 2597 in
810 2530 863 2598 dei
884 2532 1018 2597 nomine
1039 2531 1210 2599 feliciter&
2424 2538 2453 2589 ιι

1535 2823 1622 2899 101.

751 2984 847 3056 Korl
867 2986 930 3057 der
955 2982 1083 3056 Grosse
1104 2983 1260 3076 bestitipt
1280 2986 1357 3055 riam
1379 2983 1523 3055 Kloster
1543 2983 1599 3055 St.
1615 2983 1754 3055 Derris
1773 2981 1899 3070 friiler
1913 2979 2137 3068 eotfrcmdete
2151 2980 2398 3070 Besitraapea.

1960 3120 2089 3196 Quierry
2112 3122 2174 3181 775
2199 3119 2281 3179 Jani
2301 3122 2355 3179 26.

857 3314 995 3387 Oriyinal
1017 3316 1059 3372 im
1080 3314 1327 3375 Nationolarcltiv
1348 3332 1388 3373 eu
1410 3314 1501 3373 Paris
1526 3312 1590 3391 (A).

854 3453 1001 3511 Mobillort
1022 3453 1069 3512 De
1090 3470 1123 3511 re
1145 3453 1220 3527 dipl.
1244 3458 1309 3513 497
1329 3460 1363 3511 ss⁰
1378 3456 1419 3514 50
1442 3471 1499 3511 aas
1522 3452 1551 3510 A
1574 3475 1615 3507 =
1642 3452 1770 3512 Germon
1792 3452 1839 3510 De
1860 3455 1915 3510 oet.
1938 3468 2041 3523 repam
2064 3451 2251 3508 Francorum
2274 3449 2348 3521 dipl.
2367 3455 2397 3520 1,
2422 3460 2453 3509 20

854 3560 917 3615 339
941 3562 976 3614 n⁰
996 3560 1026 3627 3,
1055 3556 1188 3630 Discept.
1213 3557 1285 3630 dipl.
1310 3561 1373 3617 120
1396 3563 1431 3615 n⁰
1449 3562 1479 3627 3,
1510 3580 1551 3611 =
1578 3557 1715 3631 Respuet
1739 3557 1768 3625 5,
1794 3557 1857 3614 733
1879 3561 1913 3612 n⁰
1936 3558 1987 3623 31,
2019 3576 2060 3608 =
2082 3552 2184 3626 Miqne
2207 3552 2319 3611 Petrei.
2346 3557 2398 3622 97,

854 3664 917 3719 943
944 3666 978 3717 a⁰
999 3663 1051 3720 24.
1076 3694 1118 3703 -
1141 3660 1276 3719 Felibien
1304 3659 1386 3720 Iret·
1409 3660 1444 3718 de
1472 3661 1516 3720 St.
1540 3660 1641 3734 Desrys
1667 3677 1718 3732 pr.
1742 3661 1783 3719 35
1806 3664 1840 3717 a?
1860 3661 1902 3718 52
1931 3675 1987 3716 aas
2011 3657 2040 3715 A
2070 3679 2111 3711 =
2139 3656 2285 3714 Daoieier
2307 3656 2398 3715 Reclr.

852 3780 907 3821 sur
931 3764 956 3821 le
980 3762 1117 3822 Hainaut
1139 3767 1213 3824 290.
1238 3796 1278 3807 -
1302 3763 1498 3823 Malibacher
1519 3765 1593 3837 Ray.
1616 3766 1679 3823 190
1704 3761 1803 3843 (186).

857 3901 944 3961 Gaas
966 3919 1022 3959 oon
1052 3902 1189 3974 Wisbald
1207 3903 1402 3975 peselriebert.
1429 3933 1469 3945 —
1498 3902 1621 3975 Vorloye
1644 3902 1692 3959 die
1715 3902 2038 3961 Housmaierarlraadc
2060 3901 2188 3973 Pippr'ns
2205 3899 2250 3959 Μ.
2270 3899 2307 3959 G.
2324 3900 2397 3960 DD.

853 4006 975 4065 Merow.
999 4009 1064 4068 108
1084 4014 1119 4066 rt⁰
1138 4008 1181 4067 23
1203 4008 1258 4080 epi.
1290 4006 1384 4067 Siekel
1406 4008 1480 4081 Res.
1503 4010 1567 4067 245
1591 4008 1625 4065 K
1644 4010 1694 4066 45.
1744 4008 1947 4080 Topoqropltie
1975 4006 2085 4066 Jacobs
2117 4003 2223 4077 Gtoqr.
2246 4003 2296 4062 des
2318 4003 2394 4075 dipl.
2420 4017 2453 4065 at

852 4108 1074 4184 Meroidaqieae
1095 4114 1149 4171 29.

853 4300 909 4375 (0.)
933 4294 946 4378 Ξ
969 4296 1109 4363 Carolus
1132 4300 1239 4383 gratia
1263 4299 1313 4365 dei
1337 4324 1397 4365 rex
1421 4300 1624 4365 Francorum
1648 4310 1682 4364 et
1704 4299 1999 4385 Langobardorum
2023 4315 2147 4364 omnibus
2163 4315 2296 4379 episeopis
2312 4314 2396 4364 abba-

750 4416 823 4467 tibus
852 4415 966 4465 ducibus
989 4418 1131 4467 comitibus
1161 4417 1315 4469 domesticis
1345 4418 1510 4485 mationibus
1537 4421 1644 4470 vicariis
1674 4421 1834 4470 centenariis
1863 4420 1906 4470 vel
1935 4434 2026 4469 omnes
2055 4421 2149 4469 missos
2177 4423 2282 4469 nostros
2305 4400 2319 4481 ξ
2345 4418 2398 4468 dis-

749 4526 884 4571 currentes
914 4536 961 4570 seu
985 4523 1146 4587 quicumque
1174 4522 1316 4573 iudiciaria
1342 4528 1475 4587 potestate
1498 4523 1616 4587 preditis.
1722 4521 1831 4572 Summa
1853 4538 1918 4573 cura
1947 4529 1974 4573 et
1995 4525 2111 4573 maxima
2140 4521 2293 4573 sollicitudo
2316 4521 2398 4571 debet

749 4640 807 4675 esse
829 4640 930 4691 regum,
960 4630 990 4674 ut
1013 4641 1053 4688 ea,
1085 4619 1158 4691 que*
1181 4642 1197 4675 a
1220 4608 1424 4677 sacerdotibusb
1446 4644 1494 4693 pro
1519 4629 1700 4693 oportunitate
1723 4629 1895 4679 ecclesiarum
1924 4628 1967 4679 dei
1988 4630 2089 4679 luerint
2111 4627 2254 4692 postulata,
2283 4625 2396 4677 solerter
2419 4626 2452 4674 30

748 4730 899 4794 perspicere
923 4735 949 4779 et
972 4744 1090 4795 congrua
1112 4729 1155 4779 vel
1179 4737 1312 4795 oportuna
1334 4733 1372 4781 eis
1395 4731 1522 4783 benefitia
1544 4750 1599 4782 non
1622 4733 1761 4798 denegare,
1790 4732 1836 4782 sed
1860 4748 1899 4794 ea,
1928 4749 1980 4797 que
2002 4748 2050 4797 pro
2074 4731 2116 4781 dei
2139 4736 2202 4780 sunt
2224 4731 2333 4791 intuitu,
2363 4728 2398 4779 ad

749 4832 870 4883 ellectum
889 4834 916 4881 in
940 4832 983 4882 dei
1006 4834 1112 4883 nomine
1134 4835 1295 4898 mancipare.
1325 4835 1410 4900 Igitur
1432 4853 1449 4883 a
1471 4842 1616 4901 cognoscat
1638 4836 1793 4901 magnitudo
1817 4852 1865 4887 seu
1886 4837 1989 4886 utilitas
2012 4843 2109 4898 vestra,
2132 4821 2209 4905 qula
2233 4833 2395 4885 venerabilis

749 4938 790 4987 vir
804 4936 939 4987 Fulradus
962 4936 1033 4987 abba
1056 4944 1098 4985 ex
1122 4940 1283 4988 monasterio
1307 4939 1450 5003 peculiaris
1473 4943 1594 5004 patronis
1617 4943 1700 4991 nostri
1717 4943 1802 4992 sancti
1825 4942 1944 4991 Diunisii
1959 4943 2091 5005 martyris,
2115 4941 2161 4989 ubi
2177 4942 2235 5004 ipse
2258 4940 2397 5003 preciosus

749 5040 861 5091 domnus
884 5057 900 5088 s
923 5056 1034 5105 corpore
1057 5043 1209 5106 requiescit,
1244 5027 1438 5093 clementiae
1467 5030 1559 5113 regni
1581 5030 1686 5095 nostri
1715 5047 1850 5111 suggessit
1872 5039 1906 5095 et
1934 5029 2199 5116 praeceptionem
2227 5025 2340 5092 domni
2365 5036 2399 5091 et

748 5130 907 5212 genitoris
931 5132 1034 5195 nostri
1059 5132 1186 5217 Pippini
1211 5132 1376 5217 quondam
1399 5135 1488 5218 regis
1510 5132 1606 5198 nobis
1632 5132 1818 5199 ostendedit
1833 5133 2054 5218 relegendam,
2082 5132 2138 5197 ubi
2155 5130 2396 5197 contenebatur
2419 5146 2451 5193 at

747 5232 904 5297 insertum
929 5233 970 5298 de
993 5250 1072 5300 rebus
1097 5252 1181 5300 sancti
1204 5252 1331 5315 Dinnisii,
1365 5268 1435 5318 quae
1457 5268 1474 5301 a
1496 5253 1576 5319 longo
1606 5259 1724 5318 tempore
1754 5259 1809 5303 tam
1832 5269 1864 5303 er
1892 5252 2076 5303 munificentia
2103 5268 2195 5318 regum
2226 5266 2306 5316 quam
2330 5258 2359 5301 et
2379 5266 2396 5300 a

748 5350 900 5400 christianis
929 5352 972 5401 vel
996 5352 1045 5402 deo
1075 5354 1230 5403 timentibus
1254 5360 1279 5404 et
1307 5356 1384 5407 bonis
1407 5357 1561 5407 hominibus
1589 5358 1708 5408 conlatas
1731 5358 1785 5407 vel‘
1803 5357 1916 5408 donatas
1944 5358 2060 5419 fuerunt,
2094 5354 2223 5421 apravis
2245 5372 2294 5406 seu
2317 5355 2395 5405 malis

747 5454 899 5505 hominibus
922 5471 969 5520 per
991 5458 1083 5521 iniqua
1107 5459 1253 5522 cupiditate
1277 5475 1324 5510 seu
1347 5461 1417 5510 malo
1440 5463 1548 5527 ingenio
1571 5462 1613 5513 vel
1637 5460 1777 5527 tepiditate
1799 5462 1957 5511 abbatorum
1981 5469 2039 5512 seu
2066 5461 2186 5512 neclecto
2210 5461 2340 5509 indicium
2364 5459 2396 5510 de

747 5558 806 5622 ipsa
821 5575 837 5607 ιι
860 5573 923 5608 casa
946 5559 1093 5609 abstractas
1116 5562 1158 5611 vel
1182 5562 1344 5613 dismanatas
1367 5564 1484 5615 luerunt.
1518 5566 1598 5617 Unde
1620 5572 1647 5617 et
1668 5568 1720 5631 ipsi
1743 5566 1865 5616 monachi
1888 5566 1931 5616 vel
1954 5567 2005 5630 ipsi
2028 5570 2136 5631 agentes
2159 5580 2214 5615 una
2236 5581 2297 5614 cum
2321 5579 2396 5628 prae·

746 5663 882 5726 captiones
905 5678 996 5729 regum
1020 5663 1064 5713 vel
1087 5665 1190 5729 reliqua
1212 5672 1359 5719 strumenta
1386 5675 1519 5719 cartarum
1542 5671 1575 5721 de
1597 5672 1669 5735 ipsas
1698 5686 1739 5720 res
1762 5671 1790 5719 in
1811 5669 1913 5734 palatio
1936 5686 1953 5717 a
1975 5675 2037 5720 ante
2064 5652 2211 5740 genitore
2240 5662 2355 5717 nostro
2379 5684 2395 5713 a
2418 5668 2453 5715 40

827 5833 883 5889 100.
902 5833 1010 5901 Melit
1031 5834 1068 5903 (ἡ
1174 5841 1210 5905 ιιι)
1228 5842 1362 5893 voluimus
1381 5842 1411 5895 Ε
1515 5844 1543 5908 ιι)
1562 5861 1597 5894 un
1616 5842 1647 5895 Ε
1749 5843 1775 5910 ο)
1793 5840 1863 5907 fehlt
1880 5842 1911 5895 Ε
2009 5845 2036 5909 p)
2053 5842 2124 5907 fehlt
2145 5842 2180 5911 θ]
2204 5838 2242 5908 62
2260 5839 2296 5893 H

903 5904 931 5971 q)
948 5905 1115 5971 Ynigbaldus
1129 5906 1158 5959 Ε
1243 5910 1267 5976 r)
1284 5912 1400 5962 Ritherii
1413 5910 1477 5965 ΕΗ
1560 5914 1584 5975 s)
1601 5911 1672 5976 fehlt
1685 5912 1714 5963 E
1798 5912 1820 5977 t)
1838 5912 1930 5963 datum
1942 5911 1972 5964 Ε
1988 5912 2049 5964 und
2068 5911 2099 5964 ia
2117 5911 2172 5965 dea
2190 5908 2328 5963 Draetaeo

898 5974 927 6039 tt)
944 5974 969 6025 X
990 5972 1026 6042 (ἡ
1050 5972 1086 6043 (ἢ
1157 5978 1185 6043 v)
1201 5980 1269 6031 xm
1289 5978 1326 6048 Gt
1348 5980 1386 6049 θ,
1457 5984 1492 6047 w)
1510 5981 1637 6047 Carisago
1656 5981 1686 6033 E
1752 5981 1779 6046 x)
1798 5984 1827 6032 in
1845 5982 1889 6032 dei
1908 5984 2016 6032 nomine
2034 5981 2150 6033 feliciter
2167 5978 2238 6047 fehlt
2252 5978 2283 6032 Ε
2295 5976 2333 6045 01
2351 5978 2396 6045 (ἡ.

827 6076 880 6131 llll.
901 6080 926 6144 a)
945 6076 1074 6132 deremet
1091 6080 1137 6133 eia
1156 6081 1315 6136 Buchstobe
1333 6083 1431 6136 radirt
1533 6085 1560 6144 b)
1578 6085 1728 6135 serdotibus
1747 6084 1774 6136 A
