5642 7159
1065 657 1181 715 Kane
1206 658 1291 716 ΗΕΒ
1314 657 1478 716 buosen
1502 652 1573 716 775.

1288 843 1348 932 98,

494 1004 587 1075 Kutd
616 1007 679 1076 der·
711 1004 838 1075 Graeco
872 1003 1014 1075 occludet
1046 1004 1124 1073 dom
1158 1001 1301 1073 Kloslcr
1327 1002 1473 1090 Furfo
1505 1004 1569 1073 clos
1603 1002 1760 1094 Prioilcp
1792 1005 1856 1074 der
1887 1003 2044 1074 Freibeit
2077 1026 2142 1074 coa

493 1132 556 1200 cler·
582 1126 826 1215 biacbdfliobcn
859 1124 994 1196 Gcroolt
1020 1125 1095 1195 aad
1120 1123 1209 1211 froia
1235 1122 1426 1194 Abla-roobl.

1716 1229 1844 1304 Quicray
1868 1230 1929 1287 775
1954 1228 2022 1286 arat
2046 1232 2096 1288 24.

457 1440 471 1487 5
596 1424 769 1495 Rapistrum
791 1418 942 1490 Forfcnse
964 1435 1020 1476 aas
1044 1418 1108 1474 dara
1132 1416 1218 1476 Endc
1246 1418 1295 1476 des
1318 1419 1371 1478 11.
1395 1417 1449 1477 le.
1473 1419 1507 1475 in
1531 1417 1600 1491 dod.
1626 1420 1718 1478 Vatia
1743 1418 1828 1477 8487
1852 1416 1875 1489 f.
1901 1410 1952 1477 42‘
1974 1424 2008 1475 η’)
2022 1422 2082 1476 141
2108 1420 2141 1476 in

595 1528 647 1585 dar
682 1525 906 1585 Vaticaniscbca
930 1523 1096 1583 Bibliotbele
1124 1541 1165 1581 ea
1192 1524 1270 1582 Rom
1295 1522 1360 1601 (Β).
1387 1555 1425 1565 -
1451 1521 1559 1582 Obroa.
1584 1520 1734 1592 Forfcnse
1761 1538 1818 1581 aas
1846 1520 1912 1578 dem
1940 1519 2067 1594 Aafonp
2089 1522 2140 1580 des

593 1634 646 1692 12,
671 1631 724 1689 Jb.
750 1628 774 1702 f.
800 1631 839 1689 45
863 1631 896 1686 in
920 1629 972 1685 cler
995 1628 1158 1687 Biblioteco
1187 1626 1489 1685 Vittoriafiimaaoclc
1511 1644 1551 1685 aa
1573 1626 1652 1685 Rom
1675 1620 1735 1701 (0).

596 1754 751 1813 Duobesac
774 1752 827 1812 88.
852 1752 920 1811 bist.
945 1752 1055 1809 Fronc.
1080 1752 1111 1829 3,
1142 1752 1206 1808 652
1228 1766 1283 1807 aas
1309 1747 1340 1809 Ο.
1364 1782 1406 1790 -
1429 1749 1586 1808 Maratori
1608 1746 1662 1808 88.
1685 1744 1733 1820 2⁶,
1761 1750 1825 1808 350
1848 1765 1905 1807 aas
1930 1746 2016 1807 0:
2039 1748 2141 1821 Miqnc

593 1856 891 1928 Patroz.97‚1006
915 1858 992 1913 n04.
1032 1888 1064 1897 -
1092 1855 1216 1928 Repesto
1243 1854 1275 1911 di
1297 1852 1399 1923 Forsa
1421 1856 1452 1924 2,
1486 1856 1550 1912 108
1572 1855 1684 1912 80128
1717 1871 1773 1912 aas
1797 1853 1835 1912 B.
1870 1886 1911 1897 -
1947 1853 2140 1913 Mosloocter

595 1964 666 2034 aeq.
691 1963 756 2020 187
779 1958 878 2038 (183).

597 2100 770 2173 Gepcm'tber
793 2098 921 2156 derum
944 2097 1022 2156 dicae
1048 2097 1113 2155 Zeit
1136 2098 1210 2155 noct
1233 2095 1279 2175 (οιο
1294 2100 1335 2156 88
1358 2097 1412 2169 opt.
1436 2098 1489 2167 25,
1514 2093 1568 2171 52)
1591 2097 1750 2154 amorerat
1773 2095 1891 2153 Formel
1914 2093 2056 2166 Morcalf
2067 2096 2093 2165 I,
2119 2099 2139 2153 2

593 2202 789 2275 selbstdndtpc
812 2202 962 2275 Fossuup,
987 2201 1035 2259 dic
1057 2202 1186 2274 Spracbc
1206 2200 1355 2275 qepldttet,
1386 2200 1482 2261 Stultel
1503 2201 1599 2259 Beitr.
1622 2218 1649 2260 a.
1674 2200 1759 2273 Dipl.
1783 2200 1834 2258 IV
1860 2201 1979 2261 Wiener
2001 2199 2062 2259 8Β.
2087 2200 2138 2269 47,

594 2312 673 2379 586;
696 2306 743 2364 dic
759 2306 879 2364 Issdster
894 2304 1013 2376 Lerina,
1032 2304 1075 2364 St.
1091 2304 1229 2364 Maur-icc
1244 2305 1307 2363 aad
1322 2303 1458 2363 Luaeail
1472 2305 1542 2362 sind
1556 2304 1644 2363 sebon
1666 2306 1699 2362 ia
1715 2305 1766 2362 der
1786 2304 1928 2363 Urlcaade
1947 2303 2139 2377 Dopobcrtsl

595 2410 649 2483 fiir·
671 2410 814 2479 Resbocb,
847 2410 889 2469 nl.
917 2408 952 2467 G.
979 2409 1047 2468 DD.
1073 2413 1114 2468 16
1137 2414 1171 2466 πθ
1186 2412 1236 2481 15,
1274 2410 1337 2468 und
1359 2412 1392 2467 ia
1414 2409 1517 2467 Form.
1543 2408 1735 2481 Morculftl,
1767 2413 1785 2467 1
1808 2412 1940 2481 qenonnt
1962 2408 2018 2481 opt.
2043 2406 2140 2467 Siclcl

593 2518 613 2576 l.
638 2533 660 2577 c.
685 2518 758 2576 567.
797 2514 861 2572 Der
883 2514 979 2574 Nouae
1002 2514 1051 2572 cles
1075 2513 1283 2573 Aosstellortes
1306 2516 1346 2573 ist
1368 2530 1425 2572 aaa
1449 2512 1596 2589 Carisiago
1619 2512 1685 2590 (opt.
1709 2519 1744 2570 a⁰
1757 2513 1811 2589 99)
1834 2513 1976 2571 cerderbt.

594 2703 737 2769 Karalus
761 2704 869 2787 gratia
886 2701 937 2765 dei
961 2724 1020 2765 rex
1036 2700 1240 2765 Francorum
1264 2710 1297 2765 et
1312 2700 1609 2786 Langobardorum
1626 2710 1725 2787 atque
1741 2701 1899 2786 patricius
1914 2701 2138 2765 Romanorum

492 2808 641 2873 omnibus
672 2807 838 2891 episcopis
874 2804 1051 2869 abbatibus
1083 2803 1224 2868 ducibus
1259 2802 1436 2869 comitibus
1466 2805 1600 2869 vicariis
1636 2805 1824 2869 domesticis
1855 2805 2051 2869 centenariis
2086 2804 2138 2868 vel

492 2912 643 2979 omnibus
666 2913 778 2975 missis
802 2911 924 2975 nostris
948 2908 1219 2974 discurrentibus.
1325 2908 1493 2995 Quicquid
1516 2911 1601 2974 enirn
1627 2908 1669 2973 ob
1685 2930 1831 2973 amorem
1854 2909 2069 2993 ecclesiarum
2085 2908 2136 2972 vel

491 3017 635 3103 quietem
652 3035 821 3079 servorum
838 3013 890 3078 dei
906 3034 1111 3094 exercemus,
1135 3013 1198 3078 hoc
1213 3013 1310 3079 nobis
1327 3014 1442 3099 procul
1460 3012 1560 3078 dubio
1578 3013 1709 3078 domino
1732 3013 1910 3078 adiuvante
1925 3012 1969 3078 ad
1992 3022 2138 3094 eternam

407 3138 471 3187 20
490 3120 729 3186 beatitudinem
763 3120 925 3204 pertinere
954 3118 1161 3183 confidimus.
1207 3119 1313 3203 Igitur
1341 3118 1524 3203 comperiat
1557 3117 1749 3203 magnitudo
1775 3140 1832 3182 seu
1861 3117 1987 3182 utilitas
2015 3126 2137 3199 vestra,

491 3226 629 3311 qualiter
652 3222 849 3288 venerabilis
881 3224 931 3287 vir
953 3221 1118 3287 Probatus
1146 3222 1253 3287 abbas
1282 3223 1482 3296 monasterii,
1514 3221 1603 3307 quod
1626 3231 1677 3285 est
1705 3229 1929 3286 constructum
1956 3222 1990 3285 in
2012 3221 2138 3285 honoro

489 3329 677 3413 beatissime
701 3328 870 3413 genitricis
895 3327 946 3391 dei
964 3348 1157 3412 semperque
1181 3327 1316 3412 virginis
1333 3326 1448 3410 Mario,
1473 3326 1560 3410 quod
1581 3334 1719 3390 vocatur
1736 3325 1934 3408 Acutianus,
1958 3326 1992 3389 in
2016 3324 2137 3391 ducatu

491 3432 668 3518 Spoletano
692 3431 743 3496 vel
760 3431 957 3495 fundatum·
978 3431 1011 3493 in
1035 3431 1198 3496 territorio
1219 3429 1402 3511 Sabinensi,
1428 3432 1531 3495 missa
1547 3433 1705 3516 petitione
1721 3429 1893 3515 clementie
1915 3429 2135 3515 regniſjnostri

491 3538 573 3603 dixit
596 3535 814 3621 suggerendo,
839 3545 875 3599 ut
897 3556 956 3621 pro
981 3535 1143 3600 mercedis
1167 3545 1279 3619 nostre
1303 3545 1480 3618 augmento
1504 3534 1616 3600 taliter
1639 3536 1667 3599 ei
1684 3533 1735 3600 vel
1759 3536 1821 3620 ipsi
1844 3535 2044 3599 monasterio
2060 3555 2136 3598 con-

394 3654 473 3707 25
492 3642 605 3707 cedere
629 3640 835 3720 deberemus,
862 3638 1001 3724 qualiter
1023 3640 1098 3724 ipsa
1120 3661 1200 3703 casa
1224 3639 1276 3703 dei
1301 3639 1361 3704 sub
1386 3638 1444 3703 tali
1468 3638 1638 3725 privilegio
1666 3662 1739 3704 esse
1763 3638 1898 3704 deberet
1922 3640 2007 3703 sicut
2027 3648 2138 3723 cetera

490 3745 689 3811 monasteria
713 3745 945 3827 Lirinensium,
982 3744 1228 3829 Agaunensium
1253 3751 1286 3807 et
1308 3740 1601 3825 Luxoviensiuml,
1637 3742 1692 3808 ubi
1717 3745 1826 3829 prisca
1856 3752 1984 3830 patrum
2009 3744 2135 3825 Basilii,

491 3850 669 3929 Benedicti,
705 3846 901 3913 Columbani
925 3847 974 3912 vel
1000 3856 1182 3931 cqtcrorum
1218 3857 1347 3932 patrum
1372 3848 1486 3932 regula
1515 3848 1672 3913 custodiri
1701 3848 1839 3929 videtur,
1874 3857 1910 3913 ut
1939 3847 2048 3913 nullus
2071 3850 2136 3934 epi-

484 3975 663 4039 'scoparum
689 3975 746 4038 pro
778 3951 958 4017 eloctione⁰
985 3951 1115 4017 abbatis
1140 3951 1306 4016 dationem
1330 3954 1480 4038 accipere
1505 3952 1625 4017 debeat
1647 3960 1681 4016 et
1703 3960 1901 4038 potestatem
1927 3975 1994 4017 non
2016 3952 2137 4017 habeat

491 4058 528 4123 de
561 4060 633 4145 ipso
672 4058 872 4122 monasterio
902 4054 1053 4121 auferred
1087 4067 1200 4121 cruces
1228 4056 1349 4121 calices
1386 4066 1524 4142 patenas
1556 4057 1689 4121 codices
1719 4057 1771 4121 vel
1799 4056 1943 4143 reliquas
1972 4056 2137 4143 quaslibet

392 4170 472 4228 3«)
491 4184 540 4228 ros
563 4162 603 4227 de
628 4164 807 4227 ministerio
832 4160 973 4246 ecclesie
1003 4183 1063 4225 nec
1086 4164 1195 4247 ipsum
1218 4164 1456 4226 monasterium
1487 4160 1548 4225 sub
1573 4160 1695 4225 tributo
1724 4183 1846 4248 ponere
1868 4163 2053 4247 principum
2077 4183 2135 4247 po·

490 4276 640 4332 testatem
664 4266 815 4331 minime⁰
836 4265 975 4331 haberet
997 4287 1057 4329 nec
1082 4266 1188 4331 denuo
1214 4266 1371 4331 tributum
1402 4276 1460 4331 aut
1483 4287 1618 4331 censum
1649 4266 1681 4328 in
1714 4265 1905 4351 supradicto
1934 4268 2135 4331 monasterio

490 4393 598 4436 eorum
623 4371 756 4455 exigere
773 4369 901 4454 debeat,
927 4370 984 4435 sed
1001 4372 1074 4454 ipsa
1098 4391 1178 4434 casa
1196 4370 1247 4434 dei
1274 4372 1359 4435 siout
1377 4371 1605 4456 suprascripta
1621 4371 1831 4451 monasteria,
1856 4392 1919 4455 que
1934 4371 2019 4434 infra
2034 4392 2136 4455 regua
2170 4363 2173 4366 ’

490 4484 599 4539 nostra
624 4483 710 4550 sunt,
735 4472 795 4538 sub
820 4496 858 4537 eo
882 4473 1053 4559 privilegio
1078 4483 1111 4538 et
1134 4495 1250 4538 norma
1269 4484 1399 4560 patrum
1416 4476 1587 4539 consistat.
1616 4472 1717 4539 cuius
1734 4476 1925 4560 petitionem
1948 4493 2007 4559 pro
2024 4474 2134 4539 divino

491 4592 638 4665 respectu
663 4578 714 4643 vel
745 4577 905 4643 meroedis
935 4587 1045 4662 nostrq
1077 4587 1252 4663 augmento
1276 4577 1441 4643 noluimus
1472 4579 1647 4665 denegare,
1684 4579 1742 4645 sed
1772 4579 1813 4644 ob
1844 4602 1988 4645 amorem
2012 4578 2136 4644 domini

402 4688 471 4743 35
490 4684 591 4747 nostri
615 4683 697 4747 Jesu
722 4680 845 4747 Christi
868 4683 915 4746 ita
943 4682 1157 4747 confirmasse
1180 4684 1232 4747 vel
1255 4707 1275 4748 a
1298 4706 1384 4748 novo
1411 4682 1643 4767 [con]cessisse
1666 4686 1868 4771 cognoscite.
1913 4685 2135 4770 Pracipientes

492 4810 565 4873 crgo
590 4787 751 4868 iubemus,
788 4795 824 4849 ut
851 4786 960 4851 nullus
992 4787 1168 4871 episcopus
1196 4786 1301 4852 abbas
1338 4788 1406 4852 dux
1435 4787 1617 4852 castaldius
1648 4788 1700 4853 vel
1728 4788 1885 4874 quislibet
1915 4789 1955 4853 de
1982 4788 2134 4853 fidelibus

492 4893 609 4956 nostris
635 4914 693 4955 sau
726 4891 870 4955 iuniores
894 4901 952 4954 aut
976 4912 1185 4955 successores
1221 4894 1320 4957 vostri
1345 4891 1527 4978 predictum
1562 4891 1717 4957 abbatem
1748 4890 1827 4957 nec‘
1853 4894 2032 4958 monachos
2057 4916 2135 4958 suos

492 4996 539 5061 vel
563 5006 699 5081 agentes
729 4997 835 5081 ipsius
864 4995 1002 5080 ecclesio
1033 4995 1193 5061 derebus
1224 4996 1341 5081 prefati
1365 4996 1565 5070 monasterii,
1602 5019 1665 5082 quq
1692 4997 1813 5062 ibidem
1842 5021 1883 5063 ex
1911 4999 2134 5063 munificentia

491 5124 599 5186 regum
624 5110 681 5164 aut
703 5102 891 5185 reginarum
921 5100 1036 5165 uelde
1065 5100 1193 5165 collatis
1217 5100 1329 5187 populi
1354 5124 1412 5165 seu
1443 5101 1635 5186 pontificum
1658 5101 1711 5165 vel
1734 5125 1797 5187 que
1825 5102 1869 5166 ad
1892 5104 2000 5187 ipsum
2023 5123 2133 5167 mona-

419 5209 472 5266 40
492 5207 621 5270 sterium
638 5214 857 5291 pervenerunt
873 5214 930 5269 aut
952 5206 1085 5269 inantea
1102 5206 1162 5270 deo
1180 5205 1357 5270 adiuvante
1374 5204 1513 5289 largitae
1528 5204 1651 5269 fuerint
1666 5215 1733 5269 tam
1750 5228 1808 5291 per
1824 5205 2020 5270 venditionis
2036 5229 2134 5292 quam

490 5318 519 5372 ct
534 5307 732 5389 donationis,
756 5309 918 5373 cessionis
934 5308 986 5372 vel
1010 5307 1136 5395 reliqua
1151 5310 1368 5373 instrumenta
1384 5318 1561 5392 cartarum,
1586 5310 1768 5395 inquietare
1783 5320 1842 5374 aut
1864 5319 1979 5375 contra
1994 5311 2133 5375 rationis

491 5413 633 5479 ordinem
644 5413 717 5478 vel⁰
733 5434 864 5501 quoquo
878 5423 1025 5498 tempore
1037 5412 1259 5499 [calumniam]
1272 5422 1450 5497 generare⁸
1462 5416 1669 5498 presumatis,
1688 5414 1746 5479 sod
1761 5415 1820 5480 sub
1834 5426 1947 5480 nostro
1960 5416 2133 5501 privilegio

491 5518 596 5601 quieto
632 5516 746 5581 ordine
768 5516 944 5581 resideant.
991 5516 1035 5579 Et
1065 5518 1091 5581 si
1128 5516 1392 5603 quandoquidem
1422 5516 1527 5581 abbas
1554 5519 1659 5603 ipsius
1687 5521 1878 5584 monasterii
1908 5520 1947 5585 de
1975 5520 2038 5585 hac
2061 5519 2133 5584 luce

493 5621 688 5705 migraverit,
710 5622 795 5685 inter
811 5644 845 5685 sc
869 5622 931 5706 ipsi
948 5619 1110 5702 monachi,
1135 5644 1231 5706 quem
1249 5622 1432 5705 digniorem
1448 5622 1642 5706 invenerint,
1668 5624 1847 5689 secundum
1864 5624 2010 5709 regulam
2028 5627 2132 5689 sancti

443 5731 473 5783 la
493 5722 655 5790 Benedicti
680 5734 712 5788 et
736 5727 822 5789 sicut
844 5747 958 5790 eorum
983 5725 1062 5789 ordo
1087 5725 1203 5789 edocet
1227 5735 1259 5789 et
1281 5736 1407 5791 rcctum
1431 5734 1491 5809 est,
1517 5726 1569 5790 vel
1585 5728 1633 5790 eis
1657 5728 1689 5791 in
1716 5750 1815 5793 unum
1840 5728 2132 5810 consentientibus,

577 5896 619 5947 os.
639 5897 665 5961 a)
684 5895 793 5947 fundato
815 5895 864 5950 Bo
976 5897 1003 5961 b)
1021 5898 1230 5947 Luxovientium
1249 5896 1276 5949 B
1397 5899 1422 5964 c)
1440 5900 1468 5949 in
1486 5897 1650 5965 preloctione
1668 5897 1695 5951 B
1805 5900 1833 5966 d)
1852 5901 2032 5954 auferendib‘

637 5967 663 6031 a)
679 5962 792 6029 festio
892 5964 1020 6031 oautG
1120 5968 1148 6033 g)
1166 5966 1303 6033 gereret}
