5642 7159
1070 764 1191 825 aaut
1216 765 1304 825 DER
1326 764 1494 826 GBOSSE
1517 762 1589 828 797.
2084 766 2147 832 243

501 951 617 1036 regina
631 950 665 1015 in
681 949 754 1015 loco
770 949 827 1036 qui
843 949 963 1016 dicitur
977 950 1111 1015 Prumia
1125 971 1212 1017 novo
1236 973 1335 1038 opere
1351 960 1616 1035 construxerunt,
1642 954 1810 1019 serenitati
1825 962 1936 1040 nostre
1952 955 2146 1022 multociens

501 1053 698 1140 deprecatus
721 1063 772 1121 est
794 1075 854 1141 pro
878 1054 1044 1140 aliquibus
1066 1054 1166 1121 rebus
1191 1057 1272 1121 sitas
1296 1058 1329 1121 in
1352 1055 1546 1134 Andecavo,
1575 1055 1674 1122 villas
1696 1069 1904 1142 nuncupatas
1927 1057 2090 1125 Lauriaco
2115 1069 2147 1125 et

502 1155 648 1241 Catiaco,
677 1157 836 1225 adserens
860 1157 948 1245 quod
977 1158 1018 1224 de
1040 1168 1134 1246 parte
1162 1161 1332 1246 genitricis
1356 1183 1414 1245 sue
1440 1160 1633 1246 Wilharanq
1662 1169 1695 1226 et
1717 1183 1778 1246 ave
1807 1184 1864 1247 suq
1887 1161 2093 1248 Teodilhildq
2116 1165 2147 1229 ei

499 1259 629 1347 legibus
656 1262 821 1348 pertinere
845 1262 1038 1329 debuissent
1067 1273 1100 1329 et
1123 1261 1308 1330 anteactisl'
1338 1263 1541 1350 temporibus
1570 1286 1645 1331 cnm
1673 1264 1747 1330 aliis
1776 1265 1887 1349 rebus,
1922 1289 1984 1354 que
2013 1277 2147 1354 propter

461 1379 478 1429 o
499 1364 728 1433 infidelitatem
752 1366 939 1453 aliquorum
961 1367 1129 1434 hominum
1152 1377 1390 1454 parentumque
1415 1389 1549 1434 suorum
1573 1370 1607 1434 iu
1629 1370 1711 1434 fisco
1734 1368 1867 1455 redacte
1890 1370 2030 1455 fuerant,
2059 1370 2146 1438 malo

500 1469 615 1536 ordine
638 1480 671 1536 et
692 1472 813 1537 iniuste
836 1481 994 1558 usurpate
1018 1471 1240 1539 devenissent.
1263 1471 1333 1539 Nos
1357 1473 1490 1560 quidem
1506 1475 1577 1538 eius
1601 1469 1849 1540 considerantes
1873 1475 2092 1543 sacerdotium
2115 1486 2148 1542 et

500 1572 590 1639 fideli
615 1575 747 1639 servitio
764 1576 812 1640 ita
827 1597 886 1661 per
908 1577 1020 1643 omnia
1035 1598 1147 1642 verum
1170 1598 1243 1643 esse
1259 1577 1457 1644 credidimus
1481 1599 1521 1642 ac
1544 1577 1682 1664 deipsis
1704 1577 1805 1644 rebus
1829 1577 1969 1665 pleniter
1990 1581 2147 1646 revestire

500 1677 658 1743 iussimus
674 1685 708 1743 et
722 1700 782 1764 per
796 1688 1010 1765 praeceptum
1025 1680 1233 1746 auctoritatis
1256 1691 1368 1767 nostre
1383 1682 1489 1749 eidem
1514 1683 1708 1749 confirmare
1724 1682 1938 1749 decrevimus.
1961 1683 2146 1750 Transacto

500 1805 577 1848 vero
602 1783 712 1869 aliquo
740 1791 889 1869 tempore
912 1785 1080 1850 inventum
1108 1794 1159 1850 est
1193 1785 1365 1852 manifeste
1393 1809 1454 1874 per
1476 1785 1694 1854 Odilbardum
1723 1795 1835 1872 sancte
1857 1785 2027 1873 Nametice
2057 1788 2148 1854 urbis

448 1905 480 1954 ιο
503 1887 642 1972 ecclesiq
670 1888 861 1974 episcopum
890 1896 924 1952 et
951 1888 1036 1954 alios
1064 1911 1200 1955 veraces
1230 1891 1380 1957 homines
1407 1891 1493 1956 infra
1521 1891 1663 1977 patriam
1692 1889 1879 1957 habitantes
1909 1892 1949 1958 de
1978 1893 2148 1978 praedicta

499 1992 578 2057 villa
593 1992 771 2075 Lauriaco‚
788 1992 876 2079 quod
892 2001 1003 2077 nostre
1019 1992 1195 2058 hereditati
1212 1993 1340 2080 legibus
1357 2015 1397 2059 ac
1414 1995 1499 2060 iuste
1516 1993 1690 2061 deberetur
1706 2004 1739 2060 et
1753 1995 1876 2061 nullam
1892 1995 1972 2061 inibi
1990 1996 2147 2063 Asoarius

500 2096 589 2162 abba
611 2095 747 2162 deberet
770 2096 892 2162 habere
916 2097 1092 2163 iusticiam.
1128 2097 1191 2178 Qui
1213 2098 1248 2162 in
1271 2107 1452 2184 conspectu
1475 2108 1587 2164 nostro
1612 2120 1651 2164 ac
1673 2099 1887 2186 plurimorum
1911 2121 2148 2187 procerumque

499 2209 687 2267 nostrorum
721 2200 910 2287 praesentia
938 2209 1031 2266 stans
1059 2202 1092 2265 in
1119 2200 1254 2284 iudicio,
1290 2202 1472 2268 secundum
1501 2201 1590 2289 quod
1617 2203 1674 2269 lex
1701 2202 1853 2269 Romana
1889 2202 2006 2270 edocet
2035 2214 2067 2270 et
2096 2206 2148 2270 sui

500 2305 639 2392 scabinii
666 2306 696 2370 ei
726 2305 967 2388 iudicaverunt,
1002 2304 1190 2392 praedictas
1220 2304 1316 2372 villas
1343 2306 1495 2392 partibus
1529 2307 1651 2372 nostris
1687 2306 1848 2394 simulque
1876 2316 1908 2371 et
1935 2318 2147 2394 praeceptum

446 2427 478 2477 1o
500 2411 761 2477 confirmationis
784 2418 896 2493 nostre
911 2408 1063 2474 reddidit.
1088 2408 1141 2474 De
1158 2408 1276 2495 quibus
1299 2432 1360 2475 nos
1375 2432 1476 2475 unam
1500 2432 1562 2497 que
1580 2419 1720 2476 vocatur
1735 2410 1939 2477 Lauriacum
1962 2412 2149 2498 profutura

500 2515 607 2581 salute
630 2516 664 2580 in
686 2513 866 2580 elemosina
888 2513 1000 2579 domni
1024 2535 1064 2579 ae
1087 2513 1246 2599 genitoris
1269 2514 1373 2579 nostri
1395 2513 1482 2599 bone
1505 2515 1660 2600 memorie
1683 2515 1813 2601 Pippini
1841 2515 2006 2601 quondam
2029 2515 2147 2603 glorio·

500 2620 621 2686 nissimi
643 2621 732 2706 regis
754 2618 799 2684 ad
820 2619 887 2684 iam
910 2619 1014 2684 fatum
1037 2618 1273 2684 monasterium
1297 2619 1402 2684 sancti
1419 2617 1602 2685 Salvatoris
1625 2640 1684 2705 per
1705 2627 1917 2705 praeceptum
1942 2621 2149 2686 auctoritatis

498 2734 610 2811 nostre
639 2723 862 2811 delegavimus
896 2731 929 2788 et
958 2723 1057 2788 aliam
1087 2745 1149 2809 que
1178 2732 1318 2789 vocatur
1345 2723 1493 2806 catiaco,
1529 2724 1605 2810 quia
1635 2723 1698 2809 ipsi
1732 2745 1895 2809 pagenses
1930 2725 2042 2789 testati
2071 2733 2149 2789 suut

499 2828 621 2895 vidisse
644 2849 718 2893 eam
740 2826 863 2893 habere
885 2826 979 2897 avie⁶
1001 2827 1104 2912 ipsius
1125 2826 1258 2893 Asoarii
1274 2827 1434 2914 Teodildq
1459 2829 1491 2893 in
1515 2827 1622 2910 alode,
1646 2849 1705 2913 per
1719 2836 1865 2893 nostram
1882 2829 2148 2895 confirmavimus

443 2952 477 3000 20
499 2933 742 3000 anctoritatem.
758 2932 881 2997 Iterum
893 2939 1002 2995 antem
1018 2939 1094 3015 post
1106 2930 1293 3018 aliquantos
1305 2953 1410 2997 annos
1423 2941 1496 2997 orta
1512 2941 1562 2998 est
1575 2927 1765 2997 contentiod
1780 2930 1899 2996 exinde
1912 2954 1971 3020 pro
1984 2932 2148 3020 aliquibus

498 3037 713 3125 appendiciis,
744 3058 828 3123 quae
851 3034 894 3100 sd
918 3037 1026 3122 ipsam
1049 3034 1162 3100 villam
1185 3035 1359 3121 pertinent,
1389 3036 1477 3102 inter
1499 3035 1566 3101 iam
1590 3035 1713 3101 dictum
1735 3034 1914 3101 Ascarinm
1936 3036 2091 3103 abbatem
2116 3047 2149 3102 et

498 3143 671 3210 Nunonem
694 3140 848 3206 comitem
870 3150 1036 3222 nostrum3
1075 3141 1131 3225 qui
1154 3140 1198 3206 ad
1221 3149 1368 3206 nostram
1391 3139 1583 3206 altercando
1607 3138 1805 3206 aecedentes
1832 3143 2053 3228 praesentiam
2076 3164 2147 3229 rep·

498 3249 642 3334 perimus
658 3245 841 3311 certissime
864 3253 932 3309 tam
948 3267 1007 3330 per
1029 3266 1166 3309 veraces
1181 3243 1331 3310 homines
1347 3267 1511 3330 quamque
1527 3267 1586 3331 per
1608 3253 1790 3310 strumenta
1806 3253 1983 3328 cartarum,
2008 3245 2149 3332 qualiter

499 3351 668 3417 antedicta
690 3349 765 3415 avia
788 3370 849 3413 sua
864 3347 1112 3413 Theodelhildis
1138 3349 1400 3434 suprascriptam
1424 3347 1536 3413 villam
1560 3346 1736 3413 catiacum
1759 3369 1835 3413 cum
1858 3347 1930 3412 aliis
1952 3348 2052 3414 rebus
2074 3372 2146 3436 pro-

443 3472 477 3521 ao
498 3457 648 3543 prietatis
677 3479 735 3540 sue
760 3456 879 3522 domno
910 3461 944 3518 et
969 3453 1110 3539 genitori
1138 3461 1253 3518 nostro
1283 3452 1476 3536 tradiderat,
1511 3461 1544 3517 et
1565 3450 1639 3518 ideo
1669 3461 1785 3518 nostra
1814 3452 1888 3540 plus
1916 3452 2043 3538 legibus
2072 3474 2147 3519 cum

499 3561 630 3627 iusticia
654 3582 726 3626 esse
757 3557 892 3625 deberet
919 3578 1018 3644 quam
1040 3555 1175 3621 Asusrii
1204 3554 1336 3621 abbatis
1361 3556 1402 3622 de
1431 3566 1526 3642 parte
1552 3557 1723 3643 genitricis
1753 3578 1810 3641 sne
1834 3555 2040 3622 Wilbarane.
2084 3557 2146 3623 His

499 3667 609 3751 itaque
632 3663 736 3750 gestis
759 3661 885 3748 placuit
907 3659 1095 3726 celsitudini
1118 3669 1240 3745 nostre,
1264 3669 1300 3724 nt
1324 3659 1365 3725 ob
1389 3680 1533 3726 amorem
1557 3659 1610 3725 dei
1634 3670 1667 3725 et
1689 3662 1907 3726 reverentiam
1929 3661 2044 3747 ipsius,
2069 3663 2147 3747 quia

499 3770 550 3834 vir
571 3767 624 3834 dei
647 3789 721 3832 esse
745 3765 927 3831 dinoscitur
949 3787 992 3829 ex
1009 3762 1108 3830 corde
1131 3772 1263 3851 puroet
1285 3766 1415 3830 sincera
1430 3764 1611 3848 voluntate,
1636 3765 1714 3850 quia
1736 3763 1827 3829 aliud
1850 3786 1909 3851 pro
1932 3764 2023 3831 aliud
2046 3787 2146 3852 quam

497 3873 549 3937 vir
565 3870 756 3957 simpliciter
778 3867 874 3933 nobis
889 3866 1024 3932 retulit⁸
1046 3875 1079 3932 et
1097 3866 1275 3954 culpabilis
1291 3876 1391 3954 atque
1407 3869 1579 3934 convictus
1595 3869 1761 3955 apparuit,
1784 3870 1818 3933 in
1833 3868 2013 3934 elemosina
2032 3880 2147 3936 nostra

442 3996 477 4045 30
499 3979 528 4042 ei
545 3977 656 4042 omnia
672 3972 843 4059 indulgere
859 3983 892 4037 et
913 3973 1047 4057 insuper
1062 3973 1153 4058 ipsas
1175 3971 1272 4038 villas
1289 3974 1439 4059 superius
1462 3974 1649 4038 nominatas
1665 3972 1830 4037 Lauriaco
1854 3982 1888 4038 et
1903 3970 2055 4038 Cattiaco
2072 3995 2146 4037 cum

499 4083 568 4146 suis
585 4079 785 4168 appenditiis
801 4100 860 4164 pro
886 4077 991 4144 salute
1006 4074 1208 4143 animarumr
1228 4077 1339 4143 domni
1355 4100 1397 4144 ac
1420 4078 1578 4164 genitoris
1593 4078 1698 4143 nostri
1723 4099 1781 4142 seu
1796 4078 1965 4162 genitricis
1988 4077 2032 4143 ad
2053 4100 2145 4164 prae·

498 4184 621 4250 dictum
644 4183 881 4248 monasterium
905 4204 948 4246 ex
972 4189 1084 4245 uostro
1109 4179 1271 4267 largitatis
1295 4202 1430 4247 munere
1446 4181 1639 4268 plenissima
1663 4181 1899 4247 deliberatione
1915 4182 2032 4248 cedere
2056 4192 2089 4246 et
2112 4184 2145 4246 in

499 4287 648 4353 omnibus
672 4286 876 4352 confirmare.
907 4283 1098 4350 Statuentcs
1122 4306 1201 4370 ergo
1225 4283 1386 4368 iubemus,
1411 4285 1500 4372 quod
1523 4284 1757 4372 perpetualiter
1779 4306 1969 4351 mansurum
1993 4309 2065 4350 esse
2088 4308 2145 4351 vo·

497 4393 616 4476 lumus,
640 4402 676 4457 ut
699 4390 819 4457 amodo
843 4400 876 4456 et
899 4390 1054 4475 deinceps
1080 4411 1157 4475 sepe
1180 4399 1381 4455 memoratus
1397 4390 1447 4455 vir
1469 4388 1846 4455 venerabilis'Asuarius
1869 4389 1958 4455 abba
1981 4391 2097 4477 suique
2112 4391 2144 4455 in

442 4514 476 4566 so
498 4506 691 4584 perpetuum
716 4515 937 4576 successores,
966 4494 1021 4580 qui
1044 4493 1165 4559 fuerint
1187 4504 1340 4581 pastores
1364 4495 1581 4582 suprascripti
1605 4495 1795 4559 monasterii
1820 4495 1926 4560 sancti
1951 4493 2145 4576 Salvatoris,

496 4606 562 4669 iam
592 4603 700 4668 dietas
728 4601 825 4667 villas
848 4601 1012 4666 Lauriaeo
1042 4608 1075 4664 et
1097 4596 1251 4664 Cattiaco
1282 4621 1349 4664 uua
1378 4620 1453 4664 euru
1477 4599 1573 4663 terris
1604 4597 1758 4664 domibus
1787 4598 1942 4664 aedifitiis
1966 4596 2144 4664 accolabus

496 4709 670 4794 mancipiis
693 4707 798 4772 vineis
821 4706 950 4791 campis
975 4704 1067 4769 silvis
1091 4705 1195 4790 pratis
1217 4704 1351 4789 pascuis
1367 4705 1463 4789 aquis
1486 4723 1712 4788 aquarumque
1728 4701 1924 4767 decursibus
1947 4700 2146 4768 mobilibus¹

496 4821 529 4878 et
563 4809 787 4877 immobilibus
817 4809 1015 4896 appenditiis
1050 4806 1258 4889 adiacentiis,
1294 4806 1413 4870 omuia'
1439 4817 1471 4871 et
1499 4829 1542 4872 ex
1577 4805 1739 4879 omnibus,
1773 4807 1858 4871 sicut
1891 4805 1934 4871 ad
1963 4807 2037 4891 ipsa
2070 4805 2146 4871 loca

495 4911 667 5002 aspicereh
684 4913 815 4979 videtur
830 4922 863 4978 et
877 4921 993 4978 nostra
1006 4911 1067 4977 deo
1084 4911 1228 4977 donante
1243 4907 1406 4995 legitima¹
1421 4909 1636 4976 videturesse
1652 4911 1830 4996 possessio,
1847 4932 1906 4996 per
1916 4909 1980 4974 boo
1995 4917 2143 4974 nostrum

439 5037 474 5086 40
496 5019 707 5086 auctoritatis
731 5027 764 5084 et
786 5018 946 5083 cessionis
969 5025 1068 5103 atque
1091 5014 1349 5080 confirmationis
1371 5023 1586 5100 praeceptum
1609 5013 1654 5079 ud
1669 5023 1798 5100 partem
1820 5014 1924 5100 ipsius
1948 5013 2055 5079 sancti
2078 5012 2142 5079 loci

494 5124 527 5189 in
550 5123 732 5189 elemosina
746 5132 863 5189 nostra
885 5130 1021 5187 teneant
1035 5129 1135 5206 atque
1157 5119 1350 5206 possideant
1366 5128 1399 5184 et
1422 5119 1587 5205 adipeam
1611 5140 1725 5184 casam
1742 5120 1796 5184 dei
1817 5119 1941 5183 nostris
1962 5117 2144 5203 futurisque

495 5227 699 5315 temporibus
721 5227 896 5314 proficiant
917 5228 950 5291 in
978 5221 1194 5311 augmentis¹,
1229 5234 1391 5309 quatenus
1419 5222 1535 5289 melius
1565 5223 1706 5289 delectet
1729 5223 1820 5308 ipsos
1851 5242 1964 5287 servos
1992 5220 2054 5295 dei,
2090 5222 2144 5307 qui

495 5330 619 5397 ibidem
642 5330 703 5396 deo
727 5329 941 5413 famulantur,
964 5351 1024 5416 pro
1047 5328 1143 5394 nobis
1166 5338 1199 5394 et
1221 5327 1332 5394 liberis
1355 5329 1480 5394 nostris
1504 5351 1562 5393 seu
1584 5349 1644 5414 pro
1668 5327 1851 5392 stabilitate
1874 5327 1967 5413 regni
1990 5327 2095 5392 nostri
2112 5335 2145 5391 et

495 5456 556 5522 pro
580 5433 755 5500 animabus
778 5434 938 5520 genitoris
962 5455 1002 5499 ao
1024 5433 1193 5518 genitricis
1216 5443 1327 5518 nostre
1350 5434 1471 5519 iugiter
1495 5433 1618 5499 domini
1641 5431 1899 5497 misericordiam
1922 5453 2069 5496 exorare.
2101 5431 2146 5495 Et

440 5555 473 5605 to
496 5548 532 5604 nt
555 5539 616 5624 hqo
639 5540 820 5604 auctoritas
843 5537 1002 5603 inviolata
1031 5536 1092 5602 deo
1115 5536 1263 5604 auctore¹
1285 5536 1396 5603 valeat
1418 5557 1619 5624 permanere,
1655 5556 1755 5601 manu
1778 5536 1914 5622 propria
1941 5535 2144 5601 firmavimus

496 5641 593 5708 etde
616 5642 716 5708 anulo
739 5651 852 5707 nostro
878 5640 1025 5726 sigillare
1048 5641 1212 5706 iussimus.

599 5770 735 5858 Signum
749 5775 826 5851 ¹(ll.)
848 5771 966 5837 Karoli
989 5770 1219 5858 gloriosissimi
1242 5770 1340 5855 regis.

573 5934 632 5991 18⁰.
652 5936 680 6004 b)
698 5934 871 5990 anteactisO
954 5937 979 6002 e)
997 5935 1115 5989 aviesO
1192 5936 1220 6003 d)
1237 5932 1396 5986 intanttoG
1480 5934 1506 6000 a)
1522 5947 1576 5987 oon
1595 5931 1737 5986 weszern
1755 5931 1847 5985 Hand
1865 5947 1935 5986 corr.
1955 5947 2009 5986 uus
2027 5933 2144 5985 reddidit

649 6005 818 6128 goqqiqsubcb
835 6005 1102 6143 ⁹⁶lii⁶230⁰2⁸gir3m
1180 6007 1209 6073 g)
1227 6001 1369 6056 mobilstl
1443 6003 1472 6070 h)
1490 6000 1667 6072 asspiraret)
1742 6003 1763 6069 i)
1780 6000 1956 6070 legittimaG
2035 6003 2065 6070 k)
2082 6019 2144 6053 auo·

1940 6176 1990 6225 31*
