5642 7159
1217 719 1374 779 PIPPIN
1397 716 1469 782 168.
2124 720 2167 785 33

621 905 758 980 Bouqaet
791 909 821 977 8,
851 907 914 966 677
947 924 983 966 ec
1014 911 1130 981 calcor.
1166 907 1228 986 (Β).
1264 941 1304 951 -
1338 907 1427 968 Mem.
1462 908 1498 966 de
1526 909 1557 967 lo
1584 910 1645 968 Soc.
1675 910 1726 969 des
1760 913 1874 986 antiqu.
1909 911 1945 968 de
1979 910 2090 971 l'Oacst
2124 914 2165 970 11

622 1007 741 1086 (1817),
763 1010 781 1068 1
807 1027 864 1069 aas
879 1010 917 1071 Β.
944 1044 980 1055 -
1006 1010 1210 1084 Soloritlprobe
1231 1013 1327 1072 Nous.
1344 1011 1434 1072 truite
1456 1013 1491 1072 de
1513 1012 1585 1087 dipl.
1602 1017 1632 1084 3,
1656 1015 1720 1074 657
1737 1013 1782 1087 pl.
1800 1018 1850 1085 67,
1875 1014 2010 1074 deutsche
2025 1015 2118 1088 Asso.
2136 1017 2165 1084 5,

619 1115 692 1175 229.
717 1147 759 1157 -
779 1114 971 1175 Mehlboclrer
992 1116 1065 1188 Rea.
1088 1117 1152 1174 106
1176 1114 1276 1193 (103).

619 1303 679 1364 Die
700 1303 814 1377 schrift
836 1306 870 1364 ia
892 1304 929 1377 Β,
954 1304 1058 1364 deseca
1078 1305 1356 1378 Nichtoripiaolitdt
1377 1308 1465 1366 schoa
1488 1305 1700 1378 Scironemonrr,
1724 1307 1839 1383 system
1862 1308 1915 1367 der
1937 1309 2020 1382 Dipl.
2037 1309 2067 1379 2,
2090 1310 2164 1378 130,

621 1405 790 1480 sestoestellt
812 1408 873 1478 irat,
896 1407 1039 1467 oerblesst
1061 1411 1116 1467 ertit
1137 1409 1320 1469 rolrlreiclrcn
1336 1409 1464 1469 Fleckea
1485 1408 1599 1485 infolpe
1614 1409 1667 1470 der
1681 1412 1877 1486 Anweaduap
1892 1430 1948 1471 oon
1963 1413 2163 1486 Reopeatiem

619 1511 840 1583 Kreaeschaitt,
868 1511 923 1570 dos
952 1510 1049 1586 Sr'epel
1081 1513 1229 1580 veriores:
1264 1515 1328 1572 elue
1356 1512 1575 1588 Besclrreibuno
1595 1514 1756 1575 desselben
1783 1517 1817 1573 iu
1844 1515 1897 1574 der
1925 1513 2080 1587 Absclrrift
2107 1533 2164 1574 voa

620 1614 753 1672 Bouhier
783 1614 843 1677 CL.
866 1616 973 1675 17709
997 1633 1031 1688 p,
1055 1617 1120 1676 148
1152 1622 1187 1675 πθ
1208 1618 1272 1677 139
1307 1618 1340 1674 ia
1367 1616 1422 1675 der
1448 1615 1750 1677 Notiorrolbr'blr'otleele
1782 1635 1822 1675 ru
1849 1617 1957 1689 Poris‚·
1989 1617 2067 1676 diese
2099 1617 2163 1676 aad

618 1719 729 1778 undere
749 1718 940 1792 Absclrristero
964 1719 1047 1796 (Coll.
1065 1721 1240 1780 Fonteiaeoso
1264 1726 1304 1781 10
1315 1739 1348 1794 p.
1365 1723 1423 1792 153
1448 1725 1489 1781 60
1507 1738 1541 1794 p.
1557 1721 1618 1780 231
1644 1723 1678 1779 in
1700 1721 1753 1779 der
1774 1721 1942 1781 Bibliotbelc
1962 1740 2003 1780 eu
2025 1721 2162 1791 Poitiers,

621 1823 691 1883 Coll.
715 1825 833 1884 Peiresc
856 1824 986 1896 XXIII,
1008 1827 1026 1884 1
1054 1823 1077 1897 f.
1102 1827 1164 1885 462
1186 1844 1226 1884 ru
1251 1824 1443 1903 Corpeatros)
1465 1830 1612 1884 stamineo
1633 1844 1694 1884 aur
1714 1843 1772 1885 oses
1796 1827 1831 1886 B.
1855 1860 1890 1868 —
1918 1825 1978 1884 Die
1999 1826 2164 1899 sproclrliclr

618 1928 752 1986 eiemlicli
774 1929 945 1988 cortesours
967 1930 1122 2000 erltoltene,
1146 1931 1193 1988 hie
1215 1929 1279 1990 und
1302 1929 1342 1989 dc
1357 1930 1412 1990 tool
1433 1931 1506 1989 nocte
1528 1931 1677 1989 omderbte
1704 1930 1845 1991 Urlrundc
1868 1930 1987 1988 berseleel
2009 1930 2072 1988 sicli
2093 1929 2164 1988 viel·

619 2027 690 2101 secli
711 2033 766 2090 mit
788 2033 1046 2106 merowinpisclrea
1068 2034 1210 2092 Formeln
1238 2033 1528 2112 (reserauerat.
1553 2034 1597 2094 Μ.
1625 2035 1661 2094 G.
1685 2034 1754 2092 DD.
1779 2034 1899 2093 Meroeo.
1923 2034 1966 2093 28
1987 2038 2022 2090 η’
2043 2032 2096 2103 29,
2124 2049 2165 2089 ru

618 2133 750 2194 anderen
771 2136 810 2194 io.
827 2136 879 2206 52,
902 2139 944 2196 80
966 2143 1001 2196 πθ
1024 2139 1075 2208 58,
1100 2137 1154 2216 91)
1178 2139 1242 2202 und
1264 2138 1317 2197 der
1338 2138 1458 2198 Formel
1472 2137 1615 2211 Morculf
1625 2139 1651 2209 I,
1679 2140 1699 2197 4
1722 2139 1777 2210 τρὶ.
1801 2139 1878 2195 oraclo
1900 2137 1995 2196 Sirkel
2017 2135 2113 2195 Beitr.
2136 2154 2164 2192 s.

620 2237 702 2310 nepo.
715 2237 775 2296 m
799 2238 916 2300 samer
937 2240 997 2300 se.
1022 2245 1073 2312 or,
1097 2225 1265 2315 aaa-'ene
1292 2242 1487 2301 remisero
1509 2244 1549 2301 ar
1570 2243 1650 2301 araur
1673 2241 1813 2301 eriora.

463 2491 496 2540 ιτ)
621 2475 685 2554 (Ο.)
708 2477 867 2563 Pippinus
890 2477 998 2562 gratia
1021 2476 1073 2542 dei
1095 2501 1155 2543 rex
1171 2478 1375 2543 Francorum
1391 2479 1442 2542 vir
1464 2476 1602 2544 inluster
1624 2477 1776 2544 omnibus
1800 2480 1964 2565 episcopis
1986 2477 2164 2543 abbatibus

516 2578 691 2646 comitibus
716 2591 817 2667 atque
840 2579 1022 2646 iunioribus
1046 2582 1164 2645 vestris
1189 2582 1240 2646 vcl
1255 2581 1365 2646 missis
1381 2583 1502 2646 nostris
1526 2580 1797 2647 discurrentibus.
1903 2582 1956 2647 Ad
1979 2581 2163 2646 mercedem

515 2693 660 2750 nostram
685 2683 815 2749 Christo
839 2686 965 2772 auspici
989 2686 1059 2750 sine
1082 2683 1183 2750 dubio
1213 2686 1340 2772 plenius
1370 2686 1534 2752 credimus
1558 2688 1723 2773 pertineri,
1760 2688 1786 2751 si
1810 2686 2032 2773 peticionibus
2057 2709 2164 2752 sacer-

516 2788 629 2852 dotum
653 2787 783 2875 placitis
806 2788 941 2854 auribus
965 2788 1162 2854 obaudimus
1185 2800 1218 2854 ct
1240 2812 1288 2864 ea,
1314 2812 1398 2877 quae
1427 2801 1519 2856 recta
1541 2801 1773 2877 poposcerunt,
1808 2791 1850 2855 ad
1874 2791 2023 2856 effectum
2047 2790 2165 2877 perdu-

516 2894 631 2958 cimus.
656 2891 762 2974 Quam
788 2891 921 2958 obrem
945 2903 1126 2978 cognoscat
1148 2894 1340 2979 magnitudo
1367 2917 1424 2958 seu
1441 2894 1564 2959 utilitas
1587 2905 1708 2977 vestra,
1733 2916 1773 2960 eo
1789 2894 1877 2980 quod
1901 2893 2098 2960 venerabilis
2115 2896 2165 2959 vir

460 3013 495 3060 20
516 2997 669 3062 Bertinus
691 2996 780 3062 abba
803 2998 843 3062 de
866 2999 1066 3063 monasterio
1091 3001 1196 3063 sancti
1220 2997 1338 3063 Hilarii
1361 3000 1511 3084 patronis
1535 3001 1638 3064 nostri
1661 2999 1814 3064 Pectavis
1836 2999 1981 3072 civitate,
2012 2999 2068 3064 ubi
2090 2999 2161 3084 ipse

515 3102 704 3187 praeciosus
727 3122 864 3187 corpore
886 3102 1073 3188 requiescit,
1099 3103 1294 3167 emunitates
1318 3105 1520 3168 anteriorum
1542 3125 1657 3188 regum
1680 3101 1776 3167 nobis
1800 3102 1935 3188 protulit
1957 3101 2163 3188 relegendas,

515 3205 570 3271 ubi
598 3206 812 3292 cognovimns
842 3228 899 3270 eos
928 3226 988 3292 pro
1017 3215 1152 3272 aeterna
1182 3204 1288 3271 salute
1317 3206 1360 3271 ad
1389 3207 1461 3292 ipso
1493 3216 1607 3271 sancto
1637 3206 1710 3271 loco
1739 3205 1838 3270 talem
1868 3204 2043 3270 indulsisse
2067 3205 2162 3270 bene·

515 3311 634 3394 ficium,
659 3320 695 3375 ut
714 3311 746 3374 iu
765 3309 860 3374 villas
883 3311 1025 3396 praefati
1048 3313 1241 3376 monasterii
1265 3311 1317 3376 vel
1340 3310 1489 3377 homines
1512 3333 1624 3376 eorum
1646 3311 1768 3397 ubique
1791 3308 2085 3392 commanentibus,
2109 3311 2163 3396 qui

515 3413 636 3478 ibidem
658 3423 768 3479 rectae
791 3414 966 3500 aspiciunt,
995 3415 1084 3481 nullo
1108 3423 1274 3501 unquam·
1306 3425 1452 3502 tempore
1474 3415 1575 3480 iudex
1599 3412 1750 3500 publicus
1773 3413 1817 3479 ad
1839 3435 1958 3479 causas
1981 3412 2163 3479 audiendas

460 3532 493 3581 25
514 3515 565 3582 vel
593 3516 686 3582 freda
718 3515 862 3602 undique
890 3517 1055 3603 exigenda
1085 3541 1144 3584 seu
1170 3521 1358 3584 mansiones
1388 3529 1448 3584 aut
1475 3527 1611 3605 paratas
1645 3517 1831 3582 iaciendum
1859 3516 1911 3581 rel
1941 3538 2163 3603 quascumque

514 3619 763 3686 reddibuciones
796 3620 1012 3706 requirendas
1046 3621 1218 3705 ingredere
1247 3643 1311 3688 non
1346 3622 1518 3705 deberent3
1554 3622 1613 3686 sed
1642 3643 1700 3707 pro
1730 3623 1858 3708 integra
1888 3621 2041 3686 firmitate
2072 3621 2164 3707 petiit

514 3732 713 3790 memoratus
736 3724 891 3789 Bertinus
926 3724 1015 3790 abba
1048 3728 1163 3811 suique
1198 3727 1361 3810 monachi,
1396 3736 1433 3792 ut
1455 3726 1518 3791 hoc
1542 3728 1633 3792 circa
1656 3728 1730 3812 ipsa
1753 3749 1832 3791 casa
1855 3726 1906 3790 dei
1930 3749 1988 3812 per
2016 3735 2162 3790 nostram

514 3829 744 3893 auctoritatem
768 3827 875 3894 donno
899 3829 1151 3913 generaliter'in
1169 3831 1320 3896 omnibus
1343 3833 1538 3897 confirmare
1562 3829 1766 3897 deberemus.
1791 3830 1890 3911 Quod
1912 3852 1973 3895 nos
1990 3851 2048 3916 pro
2072 3851 2163 3894 reve-

513 3934 624 3998 rencia
648 3931 759 3998 domni
776 3943 810 3999 et
824 3936 973 4019 patronis
997 3937 1102 4000 nostri
1120 3937 1224 3999 sancti
1250 3934 1369 4001 Hilarii
1391 3933 1627 4020 benignissimo
1651 3936 1760 4000 animo
1779 3933 1860 3999 illud
1883 3934 2088 4020 praestitisse
2111 3932 2162 3997 rel

460 4053 493 4102 30
513 4038 725 4103 confirmasse
748 4041 923 4124 conperite.
959 4039 1202 4124 Praecipientes
1225 4040 1320 4120 enim,
1345 4048 1380 4102 ut
1402 4062 1508 4124 neque
1531 4059 1591 4102 vos
1614 4060 1719 4124 neque
1742 4038 1884 4103 iuniores
1908 4058 1967 4101 seu
1995 4029 2163 4101 successo-

513 4165 629 4228 resque
651 4144 752 4208 vestri
775 4143 809 4207 in
832 4143 929 4208 villas
953 4144 1056 4229 ipsius
1086 4144 1193 4208 sancti
1217 4143 1280 4207 loci
1303 4152 1362 4208 aut
1389 4141 1580 4208 hominibus
1604 4144 1681 4223 suis,
1717 4142 1771 4227 qni
1796 4141 1838 4206 ad
1862 4142 1934 4228 ipso
1962 4141 2162 4205 monasterio

513 4254 622 4310 rectae
645 4242 841 4331 aspiciuntl,
878 4246 920 4311 ad
944 4268 1064 4312 causas
1088 4246 1285 4311 audiendum
1310 4255 1368 4310 aut
1389 4246 1484 4310 freda
1506 4245 1704 4330 exigendum
1728 4266 1787 4311 nec
1810 4246 1999 4310 mansiones
2024 4254 2082 4309 aut
2104 4265 2160 4329 pa-

513 4359 602 4414 ratas
625 4349 812 4414 faciendum
835 4373 895 4415 nec
918 4350 1128 4415 fideiussores
1152 4350 1331 4415 tollendum
1349 4349 1400 4414 vel
1418 4373 1499 4435 quas
1522 4350 1631 4436 plures
1656 4349 1906 4414 reddibuciones
1930 4347 2161 4435 requirendum

515 4455 663 4538 poenitus
697 4453 870 4540 ingredere
905 4477 970 4519 non
1005 4456 1234 4540 praesumatis,
1270 4452 1327 4518 sed
1351 4452 1507 4540 quicquid
1530 4452 1650 4518 exinde
1679 4454 1778 4517 fiscus
1801 4462 1913 4516 noster
1947 4461 2161 4538 augmentare

459 4566 673 4643 capotuerat,
703 4558 871 4644 inspectas
894 4559 985 4645 ipsas
1013 4560 1210 4624 emunitates
1234 4559 1433 4622 anteriorum
1457 4579 1581 4641 regum,
1611 4559 1696 4620 sicut
1719 4579 1778 4642 per
1801 4555 1932 4621 eosdem
1957 4555 2162 4620 declaratur⁰

514 4659 613 4724 luisse
641 4658 860 4744 ind[nlt]um⁶‚
894 4671 962 4726 tam
991 4662 1032 4726 de
1060 4665 1148 4747 ipsas
1177 4684 1240 4744 res,
1277 4684 1361 4748 quae
1392 4662 1558 4748 praesenti
1586 4670 1732 4746 tempore
1761 4661 1804 4725 ad
1832 4662 1938 4744 ipsam
1968 4682 2080 4724 casam
2110 4660 2160 4724 dei

514 4763 656 4848 legitime
680 4764 862 4850 obtingunt,
894 4789 991 4851 quam
1016 4778 1047 4830 et
1071 4765 1111 4830 de
1135 4789 1201 4849 ens,
1226 4789 1310 4852 quae
1334 4765 1439 4829 adeo
1463 4764 1652 4828 timentibus
1676 4764 1860 4828 hominibus
1883 4763 2005 4828 ibidem
2030 4765 2162 4828 inantea

515 4867 609 4932 luerit
636 4869 865 4952 condonatum,
900 4871 933 4933 in
962 4869 1176 4934 luminaribus
1207 4870 1312 4955 ipsius
1343 4872 1447 4933 sancti
1472 4869 1534 4932 loci
1559 4869 1610 4933 vel
1636 4869 1801 4955 stipendia
1829 4867 2065 4932 monachorum
2089 4891 2160 4953 pcr-

515 4972 687 5056 pctualiter
710 4972 830 5037 debeat
853 4973 1012 5058 prolicere
1034 4976 1066 5038 in
1091 4976 1285 5058 augmentis,
1310 4985 1474 5060 quatenus
1498 4975 1601 5060 ipsius
1625 4972 1872 5058 congregationi
1895 4994 1954 5057 pro
1979 4970 2159 5035 stabilitate

460 5091 496 5140 to
517 5077 605 5160 regni
629 5079 729 5142 nostri
747 5076 863 5142 melius
886 5076 1019 5141 dilectet
1042 5079 1163 5142 domini
1188 5077 1449 5143 misericordiam
1468 5077 1641 5142 adtencius
1664 5099 1813 5142 exorare.
1837 5076 1881 5140 Et
1905 5085 1940 5139 ut
1963 5075 2044 5139 hacc
2069 5099 2159 5161 prae·

516 5181 626 5264 cepcio
649 5182 774 5246 firmior
798 5179 961 5245 habeatur
984 5190 1015 5245 et
1038 5181 1153 5246 melius
1177 5192 1397 5264 conservetur,
1423 5181 1536 5247 subter
1560 5204 1632 5245 eam
1657 5181 1864 5246 decrevimus
1887 5179 2073 5244 adfirmare.

617 5370 751 5456 Signum
775 5373 840 5450 (ll.)
864 5371 993 5457 Pippini
1017 5369 1248 5456 gloriosissimi
1272 5372 1369 5456 regis.

615 5549 672 5622 (O.)
695 5545 864 5612 Hitherius
887 5545 1079 5631 recognovit
1102 5548 1193 5621 (Sil).
1218 5549 1275 5620 (Sl.
1300 5549 1348 5622 D.)

615 5733 704 5800 Data
725 5737 758 5801 in
780 5759 891 5802 mense
913 5736 991 5800 iulio
1015 5756 1101 5800 auno
1125 5753 1199 5799 xvu
1222 5738 1313 5820 regni
1338 5736 1457 5816 nostri3
1480 5734 1625 5798 Pictavis
1649 5735 1792 5797 civitate.

464 5969 498 6019 ⁴5
598 5977 638 6030 tt.
667 5979 693 6042 ι)
710 5977 813 6030 nnllnm
833 5995 912 6044 qnam
930 5978 957 6031 Β
1069 5980 1098 6045 b)
1116 5980 1265 6044 suspiciunt
1282 5977 1309 6030 Β
1418 5978 1443 6045 c)
1461 5977 1624 6029 declaratum
1643 5975 1670 6028 B
1773 5975 1801 6041 d)
1817 5971 1904 6027 Flecle
1922 5973 1954 6026 ia
1972 5971 2006 6040 B,
2026 5973 2159 6024 indultum

665 6047 697 6099 ia
715 6046 769 6100 deu
782 6046 921 6116 jungeres
937 6047 1128 6114 Abechrifters.

556 6149 790 6202 Kaiserurknndon
811 6151 835 6203 Ι.
1957 6151 1973 6198 ⁶
