5642 7159
1197 673 1351 734 PlPPlN
1375 670 1448 735 752.
2103 671 2146 735 43

598 866 651 924 dcr
680 864 764 924 Iistc
786 865 946 926 Bressleus
970 865 1013 922 im
1034 863 1074 925 N.
1099 862 1209 923 Archiv
1232 866 1260 934 6,
1286 864 1360 941 571)
1382 868 1584 937 auspestctlet,
1619 865 1673 924 das
1696 867 1911 925 zoco—1066
1933 866 1967 922 in
1992 865 2148 924 Gcbroucis

597 989 661 1030 war
693 969 757 1029 aad
790 969 845 1028 wel
872 969 925 1028 der
951 969 1093 1030 Urlcaaelc
1122 970 1282 1028 Heinrichs
1305 970 1356 1028 IV
1373 987 1429 1028 con
1450 972 1537 1032 1065
1560 969 1668 1029 Mci1
1701 967 1843 1047 (Stampf
1862 968 1967 1045 2664),
2003 969 2050 1028 dic
2070 969 2147 1043 istri

598 1077 652 1134 crit
682 1077 777 1133 ciuem
807 1071 939 1145 fulsclrca
963 1075 1058 1148 Sieqcl
1086 1075 1222 1132 rerschea
1245 1076 1284 1132 ist
1314 1072 1425 1153 (Brycr
1446 1075 1639 1134 Miltelrhcia.
1680 1074 1744 1136 UB.
1765 1077 1797 1145 2,
1822 1075 1885 1134 658
1906 1079 1941 1131 a⁰
1965 1072 2050 1148 400),
2085 1078 2145 1132 cnt-

597 1195 733 1238 nommca
756 1177 874 1249 warda·
896 1177 944 1236 dic
964 1176 1128 1248 Umsclsrist
1151 1180 1190 1236 ist
1213 1177 1257 1237 bis
1280 1176 1343 1248 aas
1362 1179 1410 1237 die
1433 1179 1622 1240 Buchstabcn
1730 1178 1777 1238 VS
1887 1179 1963 1239 REX
1985 1177 2145 1238 sterioiecht.

596 1284 662 1343 Das
677 1281 1013 1354 Nsrucnsmoaopromm
1035 1283 1075 1340 ist
1098 1281 1164 1340 dem
1180 1281 1339 1340 Heinrichs
1361 1282 1571 1356 aeemcbildet.
1598 1281 1646 1339 lm
1669 1285 1764 1340 ersten
1783 1282 1866 1340 Thcil
1889 1280 1944 1360 (im
1959 1281 2147 1341 Kleindraclr

597 1384 877 1447 sansanctissimae
907 1385 951 1444 bis
974 1383 1104 1461 cottidie)
1129 1387 1167 1444 ist
1191 1384 1238 1443 iiie
1260 1402 1316 1444 oon
1338 1385 1403 1444 cem
1425 1387 1535 1445 hidacii
1560 1384 1737 1445 mercer-ten
1759 1387 1846 1445 1192
1873 1383 2019 1457 cerfasstc
2046 1386 2147 1445 Dcalc·

596 1488 703 1562 schrift
732 1507 773 1548 aa
795 1488 939 1547 Heinrich
965 1489 1011 1549 VI
1029 1488 1177 1564 (Libellus
1207 1488 1243 1546 dc
1265 1489 1398 1548 libertate
1425 1490 1551 1563 necere.
1570 1492 1775 1562 propensata,
1805 1489 1850 1550 n.
1877 1488 1913 1548 G.
1938 1488 1991 1549 SS.
2014 1492 2067 1560 23,
2093 1489 2146 1568 67)

597 1594 729 1653 wortlich
756 1594 885 1663 denotat,
920 1591 973 1650 dcc
994 1594 1094 1651 swcitc
1120 1593 1203 1651 Thcit
1225 1594 1338 1652 stissrmt
1366 1596 1399 1652 in
1426 1596 1538 1652 scincm
1568 1592 1716 1653 Wortlcut
1738 1592 1864 1664 eielfaclr
1886 1595 1941 1651 neit
1965 1595 2045 1651 einer
2067 1594 2146 1651 deur·

596 1699 693 1757 selben
718 1696 820 1770 Zueclc
842 1697 920 1755 ciues
942 1696 1122 1755 Besitstitcls
1145 1694 1209 1768 aas
1227 1697 1274 1756 dic
1294 1698 1403 1756 Kirclrc
1425 1715 1480 1756 coc
1494 1695 1568 1757 noe
1590 1696 1752 1755 dicacadca
1772 1696 1923 1769 nisenus,
1947 1698 1994 1755 dic
2009 1695 2072 1769 auf
2090 1696 2147 1755 dea

598 1803 715 1862 Numero
731 1801 860 1874 Pippins
883 1801 928 1858 els
945 1801 1144 1860 lhiusorsicrs
1166 1799 1310 1873 qcfnlscbt
1332 1803 1372 1862 ist
1387 1801 1446 1878 (Μ.
1466 1799 1503 1860 G.
1522 1799 1593 1858 DD.
1618 1800 1741 1861 Mercu.
1765 1804 1827 1860 109
1850 1806 1884 1858 πθ
1897 1803 1950 1872 24,
1974 1802 2038 1859 lsier
2059 1805 2148 1859 nater

599 1906 656 1964 dea
679 1905 777 1964 eclrlen
801 1902 952 1981 Sincera).
998 1903 1057 1962 Dic
1079 1903 1251 1978 Fnlschuaq
1274 1906 1411 1964 cutstcnd
1435 1905 1577 1964 dcmaaclc
1599 1904 1667 1964 bald
1688 1905 1765 1963 nach
1786 1908 1880 1975 1192,
1908 1905 2148 1964 walirsclreinliclr

600 2010 700 2069 warde
715 2011 758 2068 sie
773 2025 828 2067 con
846 2008 1023 2068 Theoderici
1037 2007 1124 2066 solbet
1140 2007 1330 2083 capescitipt,
1346 2009 1575 2083 Mittlrcilanpeu
1591 2009 1641 2068 des
1657 2009 1798 2069 Instituts
1815 2008 1839 2081 f.
1856 2013 1909 2069 osc.
1926 2008 1992 2070 GF.
2006 2012 2057 2080 21,
2074 2013 2147 2070 350.

600 2200 657 2275 (o.)
690 2196 764 2281 {In
794 2195 924 2260 nomine
949 2216 1072 2279 summe
1103 2206 1136 2259 et
1158 2195 1326 2280 individue
1350 2197 1517 2261 trinitatis.
1553 2195 1713 2282 Pippinus
1736 2195 1863 2260 illuster
1885 2198 1937 2260 vir
1962 2219 2022 2263 rex
2044 2197 2147 2262 Fran·

496 2301 656 2383 corum}
759 2298 843 2364 Cum
867 2299 1012 2385 propitia
1041 2299 1213 2366 divinitate
1242 2301 1286 2365 ad
1314 2301 1377 2366 hoo
1400 2299 1609 2382 intendimus,
1645 2298 1733 2385 quod
1762 2299 1884 2363 sanctis
1911 2299 1993 2365 locis
2023 2299 2148 2386 aliquid

445 2425 475 2474 15
497 2407 641 2472 muneris
664 2403 895 2490 impendimus,
930 2413 963 2470 et
985 2403 1106 2490 regalis
1135 2406 1382 2470 munificentiae
1408 2398 1679 2470 commendamus
1702 2403 1887 2489 largitatem
1918 2413 1950 2469 et
1973 2426 2148 2492 supernam

496 2511 593 2577 nobis
617 2508 831 2574 conciliamus
855 2510 1022 2593 pietatem.
1046 2508 1189 2574 Proinde
1211 2511 1420 2574 notificamus
1445 2509 1597 2575 omnibus
1620 2506 1742 2574 Christi
1767 2511 1975 2594 nostrisque⁸¹
1996 2509 2148 2574 fidelibus

496 2638 570 2681 esse
593 2613 699 2680 locum
723 2615 756 2677 in
779 2634 880 2698 regno
903 2621 1017 2678 nostro
1039 2611 1260 2679 Aefternaca¹'
1283 2625 1447 2697 vocatum,
1471 2612 1528 2678 ubi
1545 2630 1727 2680 sanctissimus
1749 2616 1800 2678 vir
1822 2615 1972 2700 patrinus
1995 2613 2148 2679 videlicet

496 2743 554 2784 seu
578 2718 757 2805 spiritualis
781 2726 874 2803 pater
897 2726 1009 2782 noster
1032 2728 1249 2785 Uuillibrerdus⁰
1272 2741 1447 2801 cognomento
1471 2735 1592 2785 Clemens
1614 2741 1719 2803 nuper
1742 2735 1905 2798 temporibus
1923 2751 1939 2782 s
1962 2734 2069 2798 Pippini
2092 2719 2146 2782 avi

496 2825 599 2890 nostri
633 2833 666 2889 et
688 2823 792 2908 patris
828 2823 934 2887 nostri
958 2820 1069 2887 Caroli
1092 2822 1235 2888 Marcelli
1270 2823 1356 2888 datis
1389 2822 1450 2888 sibi
1475 2820 1517 2887 ab
1552 2822 1601 2886 eis
1625 2832 1657 2886 et
1685 2820 1728 2887 ab
1753 2822 1825 2886 aliis
1854 2821 2038 2887 illustribus
2066 2823 2146 2887 viris

442 2947 476 2996 20
498 2928 619 3015 prediis
643 2943 832 2993 monasterium
854 2929 1050 3009 construxit,
1076 2927 1163 3014 quod
1187 2943 1324 2994 collocatis
1347 2928 1380 2992 in
1405 2948 1443 2992 eo
1468 2957 1535 3008 quas
1558 2942 1677 2992 aRoma
1699 2942 1795 2992 detulit
1811 2947 1963 2992 sanctorum
1986 2943 2106 3008 reliquiis
2121 2944 2149 2993 in

496 3049 598 3099 honore
620 3051 727 3097 sanctae
744 3045 884 3096 Trinitatis
906 3051 933 3096 et
955 3030 1127 3096 beatorum
1143 3047 1324 3112 apostolorum
1347 3047 1420 3097 Petri
1444 3052 1470 3096 et
1492 3047 1570 3096 Pauli
1594 3047 1737 3097 dedicarit.
1762 3031 1813 3097 ibi
1837 3055 1967 3118 quoquc
1990 3054 2064 3097 cum
2080 3053 2149 3095 mo-

496 3137 610 3202 nachis
639 3145 672 3201 et
694 3153 751 3216 ipse
779 3151 926 3201 monachus
958 3135 1144 3221 angelicam
1169 3135 1321 3221 omnique
1350 3132 1548 3199 sanctitate‘l
1577 3134 1739 3220 preditam
1771 3136 1871 3199 vitam
1901 3134 2024 3200 ducens
2052 3150 2148 3215 plenus

497 3257 641 3308 virtutibus
663 3261 689 3306 et
711 3256 823 3321 insignis
857 3255 993 3305 miraculis
1016 3248 1092 3303 ante
1114 3238 1175 3303 hos
1209 3259 1334 3323 paucos
1364 3259 1470 3302 annos
1493 3238 1526 3302 in
1550 3261 1634 3324 pace
1658 3240 1782 3325 quievit
1803 3261 1830 3306 et
1852 3255 1950 3305 ibidem
1976 3272 1992 3302 s
2020 3254 2148 3320 sepultus,

496 3367 625 3429 quantum
648 3359 720 3424 apud
748 3358 827 3409 doum
850 3359 951 3409 meritis
979 3357 1076 3420 valeat,
1112 3343 1216 3426 signis
1240 3357 1348 3408 cottidie
1372 3341 1581 3407 evidentibus
1609 3343 1795 3408 innotescit.
1842 3342 1897 3409 Ad
1927 3341 2013 3408 hunc
2037 3343 2148 3427 itaque

441 3467 476 3517 ao
499 3473 630 3516 sacrum
653 3449 761 3514 locum
785 3447 922 3512 oonsilio
948 3446 1165 3512 strenuissimi
1189 3447 1250 3511 viri
1273 3446 1443 3510 Bonefacii
1474 3446 1714 3534 archiepiscopi
1738 3457 1770 3511 et
1798 3449 1956 3533 petitione
1979 3446 2150 3512 Adlberti⁸

497 3553 631 3619 abbatis
655 3552 801 3618 eiusdem
825 3549 890 3618 ioci
913 3552 974 3615 viri
998 3549 1195 3616 venerabilis
1219 3566 1375 3616 aecclesiam
1399 3581 1467 3632 qnae
1491 3571 1531 3615 est
1553 3569 1581 3617 in
1605 3567 1703 3617 Cronia
1726 3583 1786 3616 enon
1809 3567 1933 3616 omnibns
1963 3566 2042 3615 rebus
2064 3565 2098 3615 ad
2121 3582 2149 3617 se

496 3673 700 3740 pertinentibus,
735 3674 791 3723 sire
814 3673 841 3722 in
865 3673 951 3723 vineis
974 3673 1030 3722 sive
1053 3673 1081 3721 in
1104 3673 1198 3738 ceteris
1228 3677 1357 3722 terrarum
1380 3672 1604 3736 possessionibus,
1639 3665 1807 3741 totamque
1836 3654 1997 3720 decimam
2020 3664 2149 3740 partem

498 3762 579 3848 silve
603 3783 688 3847 quito
718 3760 838 3825 dicitur
860 3757 1039 3843 Cunteiia¹,
1077 3763 1146 3826 sive
1170 3761 1292 3826 cultam
1317 3761 1384 3825 sive
1407 3761 1576 3844 incultam,
1610 3792 1714 3827 necnon
1737 3775 1875 3838 decimam,
1903 3791 1971 3840 quae
1995 3758 2035 3823 (ie
2058 3780 2149 3825 nostro

497 3882 561 3932 fiseo
583 3882 694 3944 venerio,
728 3874 801 3929 rata
824 3867 1036 3931 concessione
1066 3865 1226 3931 tradimus
1250 3875 1283 3929 et
1313 3865 1540 3930 condonamus
1564 3875 1598 3930 et
1625 3867 1657 3930 in
1681 3875 1874 3952 perpetuam
1906 3865 2148 3950 possessionem

439 3989 475 4038 so
497 3971 637 4036 fratrum
660 3968 705 4034 ibi
729 3968 791 4034 deo
815 3968 1042 4034 famulantium
1067 3967 1267 4055 delegamus.
1304 3969 1433 4034 Placuit
1456 3971 1555 4035 etiam
1580 3969 1675 4035 nobis
1698 3971 1793 4034 iuxta
1815 3970 1967 4034 instituta
1989 3968 2150 4032 maiorum

496 4082 687 4140 nostrorum
721 4072 827 4139 eidem
850 4073 1009 4158 aecclesie
1031 4073 1304 4138 Aelternaoensi⁸
1326 4072 1514 4138 theloneum
1543 4075 1576 4138 in
1600 4074 1687 4138 omni
1710 4096 1811 4158 regno
1843 4081 1953 4137 nostro
1981 4070 2150 4155 indulgere

497 4188 530 4244 et
552 4177 715 4260 relaxare,
740 4187 903 4263 qnatenus
926 4195 963 4244 ibi
987 4193 1036 4245 dee
1059 4177 1257 4243 famulantes
1280 4210 1327 4258 pro
1352 4199 1444 4244 nostre
1468 4177 1779 4262 succedentiumque
1808 4198 1921 4262 regum
1945 4189 2031 4240 utute
2053 4190 2151 4255 iugiter

497 4282 560 4348 deo
584 4296 698 4348 delectet
720 4280 915 4368 supplicare.
952 4280 997 4346 Et
1019 4291 1056 4347 nt
1078 4280 1138 4368 hec
1160 4282 1294 4348 traditio
1318 4291 1432 4347 nostra
1455 4282 1557 4368 regali
1581 4282 1780 4347 auctoritate
1802 4281 1933 4345 firmata
1955 4277 2150 4343 inconvulsa

497 4395 700 4472 permoneat,
724 4401 793 4452 hauc
816 4385 1026 4451 traditionem
1051 4418 1131 4452 maun
1154 4403 1262 4468 propria
1285 4403 1376 4452 subter
1399 4402 1534 4453 firmamus
1557 4408 1584 4453 et
1607 4385 1705 4470 sigilli
1729 4383 1833 4449 nostri
1856 4383 2071 4468 impressione
2088 4396 2150 4447 fide-

440 4505 479 4556 35
502 4505 564 4556 liter
586 4505 744 4572 sigillamus.

601 4647 615 4728 ξ
638 4645 777 4732 Signum
802 4645 912 4712 domni
934 4646 1066 4734 Pippini
1089 4651 1177 4734 regis
1200 4647 1440 4734 gloriosissimi.
1464 4651 1478 4735 ξ
1501 4652 1567 4728 (n.)

602 4749 836 4831 {Bonefacius
862 4749 1172 4817 archicancellarius
1195 4755 1384 4838 recognovi.
1407 4751 1422 4833 s

601 4857 616 4939 ξ
637 4857 774 4942 Signum
799 4855 980 4922 Gerebaldi
1004 4858 1151 4943 episcopi
1175 4855 1204 4936 †.
1228 4853 1242 4937 it

602 4962 616 5044 ξ
638 4958 775 5045 Signum
798 4960 959 5025 Bernarei
982 4962 1129 5046 episcopi
1153 4959 1183 5038 †.
1207 4958 1221 5042 ,it

603 5063 617 5148 ξ
640 5064 777 5150 Signum
801 5063 1000 5130 Crodebaldi
1026 5064 1197 5149 presbiteri
1221 5061 1288 5144 Η

601 5167 615 5248 i
637 5166 772 5254 Signum
796 5167 939 5233 Aeduini
962 5167 1099 5235 illustris
1122 5171 1183 5234 viri
1204 5168 1234 5247 †.
1258 5167 1271 5249 i

602 5265 617 5357 Ξ
640 5272 776 5357 Signum
798 5271 963 5338 Aedbaldi
987 5272 1017 5351 †.
1041 5272 1055 5356 ,i
1078 5277 1148 5353 (sl.)

601 5410 728 5498 {Data
750 5413 851 5476 tercio
875 5434 979 5478 nonas
1006 5413 1081 5477 mai.
1108 5434 1193 5477 anno
1224 5413 1460 5478 incarnationis
1491 5411 1614 5477 domini
1637 5407 1787 5493 uccnnl,
1823 5409 2000 5475 indictione
2027 5411 2151 5495 quinta,

499 5537 587 5581 anuo
610 5537 689 5581 vero
713 5516 824 5581 domni
848 5517 978 5603 Pippini
1001 5517 1088 5601 regis
1111 5518 1231 5598 terci03
1266 5526 1377 5583 actum
1401 5514 1606 5601 Compendio
1629 5514 1770 5600 palatio;
1797 5516 1830 5578 in
1854 5513 1906 5579 dei
1929 5516 2061 5580 nomine
2083 5513 2152 5578 seli·

444 5635 479 5685 45
502 5620 586 5685 citer
607 5618 727 5685 ament
751 5623 766 5704 ij

595 5809 636 5862 n.
663 5809 691 5874 a)
708 5813 846 5878 nostrique
865 5812 891 5864 A
1012 5811 1040 5874 bt
1057 5812 1211 5878 Epternacb
1230 5811 1264 5876 Β,
1293 5813 1462 5880 Eptemscns
1480 5805 1515 5864 Β
1638 5811 1663 5878 c)
1690 5812 1909 5878 archiepiscopus
1927 5809 1962 5861 B'
1980 5808 2032 5862 wic
2050 5809 2082 5862 iso
2100 5809 2151 5862 der

658 5877 783 5949 Vortnpc,
802 5877 862 5932 dem
881 5878 944 5933 Leo.
958 5879 992 5933 dc
1011 5878 1141 5934 libertate
1159 5881 1279 5948 Eptern.
1384 5881 1411 5949 tl)
1430 5897 1482 5949 que
1500 5897 1567 5932 sanc
1586 5880 1643 5946 auf
1657 5880 1757 5934 Rasur
1775 5883 1802 5933 A
1906 5880 1932 5945 e)
1950 5879 2089 5931 edelberti
2107 5878 2151 5942 Β,

654 5947 758 6001 sineru
776 5947 804 6002 Β
906 5949 1072 6015 i)Contella
1088 5949 1123 6009 Β,
1152 5950 1266 6002 Conthel
1285 5945 1319 6002 B'
1426 5952 1454 6017 g)
1472 5952 1667 6018 Epternaceusi
1685 5949 1748 6004 BB'
1853 5949 1881 6015 h)
1898 5949 2038 6000 uocum
2057 5948 2090 6011 B,
2119 5948 2152 6000 in

654 6016 690 6070 B'
708 6016 825 6071 dissolbe
842 6018 914 6071 Znhl
932 6034 984 6072 sose
1002 6022 1132 6087 spdlercr
1150 6017 1241 6071 Heres
1259 6035 1294 6071 au
1312 6020 1439 6071 noenu
1458 6036 1529 6073 corr.
1634 6023 1654 6088 i)
1672 6029 1875 6073 actum—amen
1894 6017 1963 6084 fehlt
1981 6017 2053 6070 BB'.

1944 6123 1977 6171 fis
