5642 7159
712 729 798 793 142·
1319 732 1758 793 KAlSERURKUNDllN.

710 940 807 1006 quem
830 920 1028 985 unanimiter
1057 919 1225 1006 elegerint,
1259 920 1427 986 licentiam
1455 920 1603 985 habeant
1632 919 1775 1006 eligendi
1805 920 1978 1004 abbatem,
2023 931 2057 987 et
2085 945 2191 1009 neque
2219 946 2240 987 a
2261 923 2358 988 nobis

709 1045 815 1108 neque
838 1045 858 1086 a
883 1023 1128 1089 successoribus
1151 1025 1286 1111 regibus
1309 1047 1358 1107 ea,
1391 1048 1454 1110 que
1477 1011 1535 1111 pro
1564 1024 1716 1090 mercede
1738 1020 1853 1090 nostra
1879 1024 2084 1107 indulsimus,
2116 1027 2279 1111 irruptum
2303 1037 2360 1091 aut

710 1129 914 1193 confractum
938 1126 1116 1213 aliquando
1141 1130 1192 1211 sit,
1229 1129 1287 1194 sed
1311 1130 1351 1195 de
1374 1131 1506 1215 proprio
1536 1128 1669 1194 valeant
1693 1151 1822 1214 semper
1850 1128 1995 1213 gaudere
2019 1139 2168 1215 patrono,
2204 1132 2359 1215 quatinus

709 1231 827 1296 melius
855 1231 995 1297 delectet
1032 1234 1140 1318 ipsam
1170 1234 1457 1318 congregationem
1482 1242 1595 1316 sancte
1619 1233 1725 1316 Marie
1759 1253 1819 1318 pro
1854 1232 1949 1297 nobis
1977 1232 2029 1298 vel
2064 1233 2244 1298 stabilitate
2267 1237 2360 1320 regni

709 1338 813 1401 nostri
837 1336 959 1401 domini
984 1339 1239 1404 misericordiam
1265 1338 1421 1402 attentius
1440 1337 1630 1421 deprecare.
1655 1337 1699 1401 Et
1714 1346 1750 1400 ut
1772 1336 1833 1421 hec
1849 1338 2016 1422 preceptio
2040 1340 2160 1403 nostris
2185 1348 2218 1404 et
2240 1340 2358 1403 suturis
2382 1355 2398 1404 t

710 1440 913 1525 temporibus
937 1442 1061 1508 firmior
1084 1442 1246 1507 habeatur
1269 1440 1320 1505 vel
1344 1464 1403 1527 per
1419 1450 1569 1526 tempora
1593 1440 1710 1505 melius
1727 1450 1951 1525 conservetur,
1976 1464 2077 1507 manu
2097 1452 2210 1507 nostra
2226 1444 2361 1528 propria

711 1545 824 1611 subter
846 1545 1049 1611 firmavimus
1075 1546 1127 1611 vel
1152 1546 1192 1611 de
1216 1546 1314 1610 anulo
1337 1553 1453 1609 nostro
1478 1544 1624 1629 sigillare
1649 1545 1816 1609 iussimus.

812 1702 949 1785 Signum
973 1699 1062 1785 (Μ.)11
1085 1702 1201 1767 Karoli
1226 1702 1434 1766 invictissimi
1458 1704 1555 1786 regis.

815 1840 984 1927 Guigbald
1007 1841 1157 1906 advicem
1182 1840 1321 1905 Hitherii
1346 1842 1537 1925 recognovi.

708 2084 814 2170 regis;
837 2093 947 2149 actum
972 2082 1149 2168 Karilego¹
1173 2083 1297 2168 palatio
1322 2083 1472 2168 publico;
1495 2084 1529 2146 in
1553 2082 1605 2147 dei
1630 2085 1761 2149 nomine
1785 2082 1959 2149 feliciterk.

1440 2420 1444 2426 ·
1505 2398 1566 2468 99.

710 2554 804 2624 Korl
831 2554 894 2625 der
927 2551 1053 2625 Gnosso
1080 2553 1222 2623 oerlcibt
1251 2554 1329 2625 dem
1356 2552 1499 2624 fflostcr
1524 2553 1670 2641 Furfo
1697 2553 1919 2625 [mannaitctt.

1935 2694 2065 2769 Qantaray
2089 2697 2150 2754 775
2174 2693 2241 2753 Mai
2265 2697 2317 2755 29.

812 2883 985 2955 chistrnnr
1009 2877 1159 2951 Forfcnse
1181 2896 1238 2937 ons
1261 2878 1327 2936 dem
1350 2867 1437 2936 Endc
1459 2878 1509 2936 des
1532 2883 1583 2937 11.
1609 2879 1661 2938 ιΠι.
1686 2880 1720 2936 in
1745 2877 1813 2939 Ood.
1845 2879 1937 2941 Votic.
1961 2883 2048 2940 8487
2070 2880 2096 2953 f.
2121 2886 2163 2941 42
2184 2890 2219 2941 n⁰
2241 2889 2306 2945 140
2330 2887 2364 2943 in
2389 2896 2422 2947 15

816 2986 868 3044 der
895 2985 1119 3044 Vaticanisch-en
1143 2982 1311 3041 Bibliothelc
1333 3000 1374 3040 an
1396 2982 1475 3041 Rom
1498 2981 1562 3061 (B).

814 3125 937 3198 Rspesto
959 3123 992 3181 di
1014 3120 1117 3194 Farfo
1139 3122 1169 3191 2,
1194 3123 1257 3180 107
1278 3127 1312 3177 n⁰
1339 3120 1401 3178 127
1423 3136 1480 3179 aas
1503 3120 1541 3181 B.
1566 3154 1606 3165 —
1630 3122 1824 3180 Ms'tlrlbacher
1848 3121 1919 3194 Rea.
1943 3123 2008 3180 188
2032 3120 2131 3199 (184).

811 3279 884 3353 Ans
898 3280 1072 3352 Grandlapc
1094 3295 1150 3337 von
1164 3278 1267 3337 Form.
1292 3275 1435 3348 Marcnlfi
1448 3276 1474 3348 I,
1500 3280 1529 3349 3,
1548 3278 1590 3337 M.
1611 3277 1647 3336 G.
1665 3278 1767 3336 Foras.
1785 3281 1836 3347 43,
1862 3279 2088 3351 umqrarbcitete
2103 3278 2166 3336 and
2181 3282 2365 3340 naissentlicls

813 3386 889 3444 ancli
918 3384 1011 3442 dorcic
1038 3382 1255 3454 Einsclzoltanp
1284 3382 1334 3439 dcc
1364 3381 1719 3454 Bcnrlcnndnnpsbefelrls
1748 3399 1823 3440 ncnc
1847 3383 1988 3454 Fassnnq
2016 3383 2071 3455 aql.
2096 3382 2191 3443 Sickel
2214 3385 2310 3445 Bcitr.
2335 3405 2362 3447 a.

813 3490 896 3563 Dipl.
921 3491 980 3548 ΙΙΙ
1009 3489 1127 3549 Wiener
1150 3487 1208 3548 ΕΒ.
1241 3491 1291 3558 47,
1322 3490 1394 3546 201.
1446 3486 1537 3545 Uebcr
1564 3486 1612 3544 dic
1642 3487 1773 3544 imrnnne
1805 3485 2034 3559 Gleirlrstcllanp
2068 3489 2123 3545 mit
2151 3487 2208 3545 den
2236 3490 2364 3563 stbriqcn
2388 3506 2424 3555 ao

813 3594 955 3653 Kldstern
978 3594 1027 3651 des
1051 3592 1157 3651 Reiclrs
1181 3591 1276 3651 Siclrcl
1299 3590 1395 3650 Beitr.
1418 3608 1445 3650 a.
1469 3590 1553 3662 Dipl.
1584 3590 1648 3650 Vl.
1672 3608 1695 3651 c.
1721 3594 1772 3668 49,
1797 3592 1870 3651 313.

813 3780 957 3845 Karolus
981 3780 1089 3865 gratia
1106 3778 1157 3843 dei
1175 3801 1232 3843 rex
1250 3778 1456 3842 Francorum
1479 3787 1512 3841 et
1527 3776 1824 3862 Langobardorum
1841 3787 1941 3863 atque
1957 3778 2119 3864 patricius
2135 3779 2364 3847 Romanorum

713 3885 864 3949 omnibus
881 3886 1045 3970 episcopis
1062 3881 1240 3947 abbatibus
1265 3881 1402 3947 ducibus
1419 3881 1594 3947 castaldiis
1618 3882 1807 3946 domesticis
1825 3882 1990 3947 iudicibus
2013 3884 2147 3948 vicariis
2164 3887 2365 3951 centenariis

710 3991 762 4055 vel
787 3989 936 4055 omnibus
966 3990 1076 4053 missis
1101 3989 1223 4052 nostris
1253 3986 1511 4051 discurrentibus
1543 3997 1610 4051 tam
1633 3986 1841 4073 presentibus
1872 4009 1971 4073 quam
2000 3998 2033 4052 ct
2055 3988 2184 4053 futuris.
2294 3992 2365 4056 lila-

713 4096 838 4159 ximum
861 4095 953 4177 regni
984 4094 1088 4157 nostri
1112 4094 1144 4156 in
1173 4092 1235 4156 hoc
1260 4090 1424 4155 credimus
1448 4092 1562 4176 augeri
1592 4093 1859 4164 monimentum⁸,
1896 4092 1923 4154 si
1952 4091 2166 4176 petitionibus
2190 4115 2363 4161 servorum
2387 4112 2422 4161 25

712 4199 774 4282 dei,
803 4200 835 4264 iu
860 4220 923 4285 quo
947 4199 1070 4263 nostris
1095 4197 1230 4262 auribus
1254 4197 1374 4261 fuerint
1397 4195 1534 4281 prolate,
1564 4194 1676 4260 libenti
1705 4196 1815 4260 animo
1840 4195 2106 4282 obtemperamus
2130 4206 2229 4283 atque
2252 4200 2285 4263 in
2311 4199 2365 4265 dei

713 4304 843 4368 nomine
866 4302 910 4366 ad
933 4302 1083 4367 effectum
1102 4300 1322 4386 perducimus.
1347 4299 1557 4385 Quapropter
1573 4302 1700 4364 noverit
1723 4297 1894 4364 sollertiab
1917 4310 2037 4384 vestra,
2062 4301 2204 4386 qualiter
2228 4325 2365 4367 venera·

711 4407 787 4472 bilis
812 4407 862 4472 vir
885 4405 1049 4471 Probatus
1073 4404 1178 4469 abbas
1202 4428 1243 4469 ex
1268 4405 1467 4468 monasterio
1499 4413 1613 4488 sancte
1637 4404 1688 4468 dei
1712 4405 1879 4489 genitricis
1903 4404 2030 4469 Mariae
2063 4427 2192 4490 semper
2214 4406 2364 4492 virginis,

716 4509 804 4597 quod
827 4520 878 4573 est
901 4518 1126 4574 constructum
1150 4510 1184 4572 in
1207 4508 1278 4573 loco
1304 4508 1357 4593 qni
1382 4506 1502 4572 dicitur
1518 4506 1702 4571 Acutianus
1718 4509 1751 4572 in
1776 4508 1900 4573 ducatu
1918 4508 2096 4594 Spoletano
2120 4509 2172 4573 vel
2189 4508 2364 4577 fundatum

712 4629 747 4690 jn
771 4616 934 4678 territorio
959 4612 1144 4694 Sabinensi,
1168 4614 1270 4676 missa
1294 4610 1450 4697 petitione
1474 4610 1645 4695 clementie
1669 4614 1761 4698 regni
1787 4614 1891 4677 nostri
1915 4615 2091 4696 suggessit,
2118 4623 2153 4677 ut
2175 4614 2242 4678 tale
2265 4613 2364 4679 bene·
2388 4633 2423 4683 30

711 4719 820 4782 ficium
845 4718 934 4782 circa
970 4720 1079 4801 ipsum
1114 4726 1265 4781 sanctum
1295 4716 1402 4781 locum
1427 4717 1717 4800 concessissemus,
1754 4727 1790 4781 nt
1813 4718 1873 4782 sub
1898 4691 2037 4801 integrd
2052 4719 2231 4783 emunitate
2254 4719 2366 4804 ipsum

712 4823 945 4887 monasterium
971 4831 1068 4901 esset,
1094 4824 1180 4885 sicut
1203 4830 1235 4884 et
1257 4830 1367 4904 cetera
1392 4821 1602 4902 monasteria,
1627 4844 1689 4907 que
1713 4823 1799 4886 infra
1815 4844 1919 4907 regna
1942 4831 2056 4886 nostra
2079 4830 2271 4886 constructa
2291 4847 2367 4888 esse

713 4926 876 5003 videntur,
913 4927 1126 5006 consistunt⁰‚
1164 4927 1255 4988 utin
1286 4925 1434 4989 curtibus
1464 4926 1515 4989 vel
1545 4924 1633 4989 villis
1665 4947 1721 4989 seu
1752 4926 1879 4990 cellulis
1909 4925 1959 4989 vel
1991 4924 2192 5010 quibuslibet
2225 4924 2309 4989 locis
2334 4938 2368 4992 et

713 5030 823 5111 robus,
848 5052 910 5114 quq
935 5052 976 5092 ex
1001 5027 1159 5093 bonorum
1183 5027 1350 5091 hominnm
1374 5028 1526 5113 largitate
1550 5028 1672 5094 ibidem
1689 5029 1765 5114 date
1790 5038 1875 5111 sunt,
1902 5052 1963 5115 quq
1981 5028 2025 5093 ad
2048 5031 2153 5114 ipsam
2178 5050 2292 5093 casam
2313 5031 2366 5095 dei

714 5136 887 5219 aspiciunt,
924 5132 1032 5196 nullus
1056 5131 1156 5197 iudex
1182 5131 1333 5216 publicus
1362 5132 1405 5197 ad
1428 5154 1549 5197 causas
1573 5133 1772 5199 audiendum
1801 5133 1854 5198 vel
1877 5134 1970 5218 freda
1993 5132 2138 5219 undique
2161 5134 2363 5218 exigendum
2388 5152 2421 5201 et

714 5238 766 5302 vel
790 5237 936 5301 homines
961 5237 1066 5321 ipsius
1084 5238 1275 5299 monasterii
1301 5235 1563 5320 distringendum
1581 5261 1637 5301 san
1661 5240 1850 5303 mansiones
1866 5248 1925 5302 aut
1947 5247 2083 5323 paratas
2100 5237 2288 5303 faciendum
2306 5263 2367 5304 nec

713 5338 944 5406 fideiussoresd
979 5339 1159 5404 tollendum
1194 5362 1253 5403 nec
1290 5338 1390 5403 ullam
1424 5340 1688 5406 reddibutionem
1725 5342 1957 5427 requirendum
1991 5342 2186 5406 iudiciaria⁰
2216 5352 2368 5426 potestas

712 5445 833 5510 ibidem
858 5466 989 5530 quoquo
1015 5453 1161 5528 tempore
1186 5444 1355 5529 ingredere
1379 5466 1440 5509 nec
1463 5444 1638 5510 cnactarer
1660 5449 1789 5531 pqnitus
1820 5448 2025 5531 presumatis.
2073 5446 2252 5531 Propterea
2279 5447 2368 5511 hanc

711 5552 924 5633 qmunitatem
949 5547 1156 5612 conscribere
1180 5548 1346 5632 iussimus,
1371 5571 1429 5634 per
1453 5558 1573 5635 quam⁸
1596 5550 1785 5635 specialiter
1810 5551 2017 5614 decernimus
2042 5549 2269 5624 ordinandum,
2295 5574 2366 5636 pre-

804 5738 847 5792 98.
866 5736 894 5802 h)
913 5736 966 5788 dns
987 5734 1182 5804 Morropramm
1201 5734 1270 5798 fehlt
1288 5738 1361 5791 irrG
1447 5739 1468 5804 i)
1486 5738 1651 5805 Carilegoc
1740 5740 1768 5805 k)
1787 5754 1833 5790 arri
1851 5738 1940 5792 Rarrd
1959 5738 2006 5791 ein
2024 5736 2243 5791 Medaillonbild
2261 5740 2365 5805 (Nacn-
2390 5741 2424 5789 40

857 5806 1019 5873 'cainiana-ny
1039 5804 1087 5858 des
1108 5804 1220 5874 Siepsls)
1240 5804 1297 5859 Bo.

805 5911 847 5965 99.
868 5911 894 5974 a)
913 5914 1078 5960 momentum
1097 5908 1123 5961 B
1244 5910 1271 5975 b)
1290 5911 1410 5961 sollertia
1430 5910 1457 5962 B
1577 5912 1602 5977 c)
1622 5914 1754 5962 consistat
1773 5910 1806 5973 B,
1834 5910 1972 5962 emeandirt
1996 5910 2070 5963 saecla
2099 5909 2149 5962 der
2173 5909 2367 5982 Bestsitiqanp

865 5979 1003 6047 Ludwips
1023 5977 1049 6030 d.
1070 5978 1129 6041 Fr,
1149 5979 1333 6032 Miilslbocber
1352 5979 1418 6047 Rep.
1440 5985 1490 6033 591
1509 5983 1583 6049 (571)
1686 5984 1713 6046 d)
1731 5981 1912 6032 fideiiusscres
1932 5980 1958 6032 B
2063 5983 2088 6047 e)
2106 5981 2237 6032 iudicaria
2256 5981 2284 6033 B

866 6050 887 6117 ἰ)
905 6055 1021 6101 tractare
1039 6047 1066 6099 B
1171 6050 1199 6115 g)
1217 6053 1336 6115 porigam
1355 6048 1381 6101 Β
