5642 7159
672 744 737 812 ³48
1275 748 1709 810 KAISEBURKUNDEN.

776 934 921 1001 Karolus
943 934 1052 1019 gratia
1068 933 1121 1000 dei
1143 958 1204 1000 rex
1219 935 1425 1000 Francorum
1448 944 1502 1000 et·
1524 930 1843 1021 Langobardorumb
1866 942 1899 998 et
1915 935 2071 1021 patritius
2088 936 2334 1000 Romanorum.

777 1037 942 1125 Quicquid
964 1040 1051 1104 enim
1072 1038 1154 1104 locis
1177 1038 1422 1104 venerabilibus
1446 1038 1488 1105 ob
1510 1038 1689 1105 honorem⁸
1712 1036 1764 1102 dei
1787 1036 2006 1121 concedimus,
2043 1038 2086 1103 ad
2109 1032 2334 1124 provectum‘¹

675 1147 782 1213 anime
799 1152 910 1209 nostre
932 1150 1053 1229 atque⁸
1076 1142 1289 1210 stabilitatem
1304 1146 1397 1230 regni
1412 1146 1515 1210 nostri
1540 1143 1700 1229 proficere
1716 1141 1890 1207 credimus.
1915 1142 2011 1209 Unde
2026 1142 2173 1209 fidelium
2196 1152 2334 1209 nostro·

673 1272 746 1316 rum
770 1256 837 1313 tam
858 1247 1061 1332 presentium
1085 1268 1182 1333 quam
1207 1256 1240 1313 et
1262 1248 1447 1313 futurorum
1471 1243 1680 1333 experiatur‘
1698 1246 1872 1330 industria,
1897 1247 2037 1333 qualiter
2051 1248 2103 1313 vir
2125 1246 2333 1313 venerabilis

673 1350 887 1419 Burcardus¹
914 1359 1027 1415 sancte
1051 1350 1338 1435 Wirzeburgenais
1368 1351 1510 1417 ecclesie
1539 1352 1679 1417 antistes
1709 1350 1830 1416 dilecta
1857 1352 1995 1436 coniuge
2024 1362 2138 1419 nostra
2164 1353 2374 1419 Faatratao

674 1467 773 1543 atque
795 1455 967 1521 Bonifacio
998 1464 1112 1521 sancte
1134 1453 1445 1539 Mogonciacensish
1474 1456 1614 1522 ecclesie
1643 1454 1823 1521 venerabili
1848 1455 2096 1543 archiepiscopo
2119 1459 2173 1543 pie
2201 1454 2331 1542 suppli-

673 1560 795 1625 cationi
811 1559 918 1645 ipsius
934 1558 1092 1644 suffragia
1107 1557 1339 1644 prebentibus¹
1354 1561 1540 1625 serenitatis
1557 1569 1669 1624 nostre
1688 1559 1916 1624 celsitudinem
1932 1558 2098 1625 humiliter
2113 1556 2330 1647 implorando

673 1662 836 1746 convenit,
861 1663 1016 1747 quatinus
1039 1663 1084 1747 pii
1107 1663 1266 1748 genitoris
1290 1663 1394 1730 nostri
1411 1663 1542 1750 Pippini
1559 1662 1713 1727 videlicet
1734 1662 1963 1749 gloriosissimi
1978 1665 2066 1749 regis
2089 1664 2165 1729 loca
2181 1663 2330 1749 quedam

630 1854 635 1861 ι
674 1765 738 1831 sibi
767 1767 968 1852 proprietate
1004 1766 1128 1831 donata
1157 1766 1352 1832 Nuwenstat
1380 1766 1517 1841 scilicet,
1554 1766 1757 1853 Hohenburg
1779 1765 1980 1853 cellulasque
2009 1767 2092 1832 alias
2125 1766 2329 1841 Amerbach

674 1867 895 1936 Sluohrierink
928 1880 974 1967 θῐι
988 1870 1193 1937 Murrahart¹
1226 1881 1418 1958 nuncupata
1452 1871 1495 1937 ad
1519 1870 1806 1957 wirzeburgensis
1837 1872 1948 1937 sedem
1977 1872 2134 1954 civitatis,
2170 1872 2223 1937 cui
2252 1872 2331 1957 ipse
2356 1891 2393 1938 ιο

674 1975 821 2062 prelatus
845 1996 918 2041 esse
940 1974 1147 2041 videbaturm
1171 1978 1356 2063 episcopus,
1381 1976 1474 2041 etad
1496 1976 1654 2062 reliquias
1672 1975 1779 2041 sancti
1794 1975 1966 2061 Kylyani¹¹
1989 1975 2223 2061 preciosissimi
2240 1996 2330 2039 mar-

674 2079 745 2144 tiris
769 2075 901 2161 Christi,
931 2101 995 2164 que
1017 2078 1139 2145 ibidem
1162 2080 1331 2146 recondite
1354 2102 1427 2146 esse
1450 2090 1639 2154 noscuntur,
1677 2079 1719 2146 ob
1743 2088 1855 2145 eterne
1876 2079 2028 2145 bravium
2052 2082 2330 2146 remunerationis

561 2276 564 2279 ἡ
675 2184 885 2271 proprietatis
914 2184 984 2249 iure
1018 2184 1221 2269 possidenda
1249 2185 1500 2253 tradidissemus
1535 2207 1576 2251 ea
1604 2184 1756 2251 videlicet
1784 2186 1922 2269 ratione,
1958 2188 2055 2253 sicuti
2090 2188 2259 2272 piissimus
2298 2196 2332 2251 et

674 2288 823 2375 prefatus
845 2288 976 2373 genitor
997 2297 1111 2352 noster
1125 2288 1287 2374 Pippinus
1311 2289 1473 2375 prelibato
1496 2290 1561 2355 iam
1586 2289 1697 2375 sepius
1720 2289 1921 2355 venerabili*
1944 2292 2013 2356 viro
2031 2290 2201 2357 Burcardo
2218 2292 2330 2375 assig-

674 2401 771 2459 natos
793 2392 861 2457 iam
889 2392 1055 2457 concessit
1076 2391 1223 2476 locellos,
1258 2416 1322 2480 quo
1346 2392 1425 2458 inibi
1455 2392 1693 2481 perpetualiter
1715 2394 1886 2461 monachis
1914 2396 2041 2481 vigeret
2067 2394 2264 2481 frugalitas⁰
2294 2403 2330 2459 et
2357 2413 2390 2459 rs

675 2497 776 2562 totius
799 2493 965 2560 mundane
987 2494 1255 2561 tumultuationis
1278 2507 1445 2565 cessasset
1467 2500 1676 2583 perversitas.
1700 2497 1957 2584 Adquiescendo
1974 2499 2074 2585 igitur
2096 2499 2329 2586 prenominata

676 2610 708 2667 et
731 2600 851 2667 dilecte
874 2600 1024 2684 coniugis
1046 2608 1158 2665 nostre
1180 2622 1241 2665 nec
1264 2621 1331 2665 non
1354 2600 1554 2666 venerabilis
1577 2602 1639 2666 viri
1661 2602 1824 2666 Bonifacii
1848 2601 2086 2690 archiepiscopi
2108 2602 2329 2689 petitionibus
2378 2672 2383 2677 .

675 2708 741 2772 iam
765 2727 844 2790 sepe
871 2706 1032 2769 nominati
1062 2704 1261 2770 venerabilia
1296 2706 1358 2770 viri
1382 2704 1542 2772 Burcardi
1571 2704 1733 2771 voluntati
1758 2705 1978 2770 satisfecimus
2011 2715 2110 2793 atque
2139 2708 2205 2771 iam
2236 2706 2330 2771 dicta

675 2811 760 2893 loca,
785 2830 848 2895 que
872 2807 946 2873 dive
968 2810 1124 2874 memorie
1146 2808 1276 2894 genitor
1291 2819 1405 2874 noster
1428 2810 1470 2874 ob
1495 2820 1605 2875 eterne
1622 2810 1922 2895 augmentationem
1945 2811 2063 2897 quietis
2086 2812 2240 2897 religioso
2258 2814 2330 2878 viro

676 2913 829 2980 videlicet
850 2913 1019 2980 Burcardo
1047 2912 1195 2978 nondum
1217 2914 1262 2979 ad
1289 2914 1501 3000 pontificatus
1526 2915 1720 3001 dignitatem
1749 2924 1898 3000 promoto
1922 2916 2057 3001 suisque
2087 2916 2259 2982 monachis
2285 2916 2330 2981 ad
2355 2935 2391 2981 uo

676 3016 944 3104 amplificandum
968 3017 1021 3082 dei
1037 3017 1210 3082 servicium
1233 3018 1468 3104 proprietando
1484 3018 1624 3103 subegit,
1648 3018 1692 3083 ad
1707 3018 1864 3103 reliquias
1881 3020 1989 3085 sancti
2004 3019 2139 3105 Kyliani
2155 3022 2188 3084 in
2207 3020 2249 3083 W
2252 3022 2330 3085 irai-

676 3121 866 3206 burgiacop,
890 3121 943 3186 cui
959 3122 1032 3208 ipse
1048 3120 1248 3186 sacerdotali
1271 3120 1375 3187 infula
1395 3121 1568 3208 prefulget,
1592 3122 1687 3188 nobis
1704 3121 1943 3188 sanctientibus
1966 3122 2228 3208 venerandisque
2248 3126 2332 3190 viris

677 3224 842 3291 Zacharia
863 3246 951 3311 papa
975 3234 1007 3289 et
1022 3225 1197 3290 Bonifacio
1222 3224 1471 3311 archiepiscopo
1496 3226 1725 3292 ordinantibus
1742 3226 1806 3292 sibi
1829 3228 1965 3313 suisque
1989 3228 2237 3295 successoribus
2256 3252 2332 3315 per·

677 3329 854 3418 petualiter
875 3330 1018 3395 tenenda
1040 3329 1198 3416 perhanc
1222 3337 1349 3394 cartam
1365 3329 1571 3413 tradidimus,
1595 3353 1705 3415 quam,
1729 3340 1766 3396 ut
1780 3332 1975 3397 inconvulsa
1999 3341 2201 3418 permaneat,
2226 3333 2331 3399 anulo

677 3444 792 3501 nostro
816 3435 979 3520 assignari
1001 3435 1167 3499 iussimus.
2359 3458 2394 3505 aa

692 3672 696 3681 .
780 3573 917 3661 Signum
941 3579 1029 3652 (ll.)q
1052 3572 1163 3639 Caroli
1187 3572 1415 3657 gloriosissimi
1439 3576 1536 3659 regis.

780 3693 1030 3762 Erconbaldusr
1052 3695 1204 3761 advicem
1227 3695 1358 3760 Radoni
1383 3699 1491 3773 (SR.)¹.

653 3829 658 3837 ’
780 3834 904 3901 Datum
928 3834 962 3900 in
984 3857 1098 3900 mense
1122 3833 1250 3900 octobri
1274 3854 1360 3899 anno
1384 3852 1433 3897 xx
1457 3844 1490 3900 et
1511 3853 1558 3898 xv
1582 3837 1674 3919 regni
1698 3838 1818 3919 nostri3
1856 3846 1968 3902 actum
1989 3838 2022 3902 in
2046 3837 2186 3903 basilica
2218 3842 2334 3905 sancti

679 3939 873 4022 salvatoris,
897 3938 954 4004 ubi
978 3949 1114 4005 sanctus
1139 3937 1309 4005 Chilianus
1332 3959 1471 4025 corpore
1494 3940 1656 4025 quiescit*⁸

1464 4188 1552 4308 err.
2363 4268 2399 4317 ³0

1412 4376 1593 4455 (oneret.)

678 4516 773 4591 Karl
799 4516 863 4587 der
886 4512 1014 4585 Grosse
1041 4513 1199 4622 bestritipt
1224 4514 1303 4585 dem
1321 4511 1466 4585 Klostcr
1492 4513 1536 4583 K
1537 4520 1853 4587 remoratostor
1879 4516 2059 4604 crrrs'Bitto
2085 4518 2144 4587 dea
2163 4516 2339 4607 Biscleofs

686 4638 891 4713 Woldorioh
917 4659 984 4708 ooo
1010 4634 1151 4707 Possau
1177 4637 1243 4707 deo
1270 4660 1336 4707 oorr
1363 4635 1504 4727 Horrop
1534 4636 1668 4710 Tassilo
1692 4638 1915 4730 pesobeuhteu
1943 4638 2072 4710 Bestia.

1956 4778 2076 4837 Auchus
2099 4780 2161 4838 789
2185 4778 2290 4839 Mara.

783 4964 976 5039 Aapeblichcs
1000 4961 1138 5037 Oriqinol
1159 4980 1217 5022 aas
1240 4964 1291 5020 der
1312 4966 1436 5022 awriten
1459 4964 1567 5036 Hdlfte
1594 4966 1644 5025 des
1668 4971 1719 5028 10.
1744 4967 1796 5026 le.
1821 4970 1863 5026 im
1885 4968 2096 5033 Reichsorcbio
2116 4985 2157 5026 au
2180 4967 2339 5029 Mstncben
2365 4988 2400 5034 aa

781 5069 846 5149 (A).
873 5100 911 5112 -
937 5067 1007 5128 Cod.
1031 5068 1262 5127 Fridericr'onus
1284 5086 1341 5128 von
1362 5072 1450 5130 1302
1472 5068 1496 5143 s.
1522 5074 1565 5129 52
1586 5072 1628 5129 im
1652 5069 1845 5142 Stistsorohio
1866 5090 1906 5130 au
1930 5073 2174 5131 Kremsmstnster
2196 5072 2265 5150 (D).

784 5209 912 5267 Auaritia
946 5210 980 5266 ia
1017 5206 1117 5279 Ocselc
1148 5206 1202 5267 88.
1232 5225 1290 5267 rer.
1322 5207 1405 5268 Boiu.
1436 5213 1466 5278 1,
1502 5212 1565 5268 703
1592 5209 1821 5283 uuuollstdndiq.
1857 5244 1900 5253 -
1932 5210 2104 5283 Rectinae
2140 5209 2244 5271 decu.
2283 5215 2338 5273 des

781 5313 1015 5374 Farsteathums
1038 5312 1158 5371 Passcu
1179 5316 1210 5383 2,
1235 5316 1296 5371 481
1320 5328 1377 5372 aas
1400 5312 1430 5372 A
1464 5336 1505 5369 =
1537 5313 1601 5374 ΠΒ.
1626 5313 1676 5373 des
1699 5314 1820 5374 Laudes
1843 5316 1877 5374 ob
1895 5315 1953 5374 ¹der
1977 5316 2061 5374 Enna
2083 5315 2113 5385 2,
2138 5317 2158 5374 0
2180 5322 2214 5373 0⁸⁰
2234 5320 2267 5378 4.
2292 5352 2339 5363 -

755 5498 817 5554 bib
836 5500 863 5565 a)
880 5497 951 5563 sebit
968 5496 1004 5551 B‘
1091 5497 1120 5565 b)
1136 5495 1417 5565 LangobardorumG
1510 5498 1534 5564 c)
1551 5496 1728 5562 [meretrcem
1747 5514 1864 5549 amorem
1881 5514 1898 5551 a
1917 5498 1935 5550 l.
1954 5500 2062 5565 00103,
2081 5501 2134 5551 107
2151 5514 2178 5551 u.
2198 5514 2225 5551 α.

835 5568 864 5647 d)
881 5566 1059 5634 formelrecbt
1070 5569 1217 5619 remedium
1230 5570 1336 5621 animae
1348 5573 1464 5629 nocuae,
1483 5568 1632 5635 proiectum
1649 5580 1706 5620 saur
1718 5566 1749 5619 iu
1765 5566 1815 5619 der
1833 5582 1886 5620 cors
1929 5566 2050 5620 berhard
2068 5581 2121 5619 oon
2134 5564 2232 5619 Fuluia
2252 5568 2338 5622 riber-
2365 5575 2402 5624 40

836 5636 964 5703 laescrtea
986 5636 1050 5691 ure.
1070 5648 1103 5689 no
1115 5639 1172 5691 127
1239 5638 1265 5703 e)
1283 5638 1369 5704 adque
1387 5635 1422 5703 B,
1441 5636 1538 5690 comeo
1556 5636 1594 5689 im
1612 5635 1762 5704 solpendea
1839 5636 2047 5703 oaxspectatur
2064 5635 2128 5689 BB‘
2197 5638 2226 5703 g)
2247 5638 2340 5706 Burg-

835 5708 933 5759 bardns
951 5705 994 5771 Β’,
1012 5706 1110 5760 obeam
1128 5707 1160 5760 Z.
1172 5709 1215 5767 14,
1233 5710 1269 5760 18
1286 5706 1347 5760 aad
1365 5708 1411 5773 20,
1430 5707 1599 5758 Burchardus
1618 5706 1640 5759 G
1657 5705 1709 5758 wie
1727 5706 1758 5757 Z.
1771 5709 1813 5769 14,
1833 5705 1956 5774 dupcyen
1975 5706 2006 5757 Z.
2019 5709 2055 5759 18
2072 5705 2228 5769 Barchardi‚
2249 5707 2283 5761 Ζ,
2297 5710 2341 5763 20

836 5777 1009 5828 Bnrckhardo
1080 5777 1108 5839 h)
1121 5774 1381 5844 MogontiatentisG
1444 5776 1463 5843 i)
1475 5777 1630 5843 petentibus
1643 5770 1677 5827 Bl
1749 5776 1777 5839 k)
1791 5776 1934 5827 Sluchtern
1948 5770 1981 5827 B'
2047 5775 2068 5842 l)
2087 5774 2117 5826 ia
2131 5772 2210 5828 oute
2223 5775 2340 5830 enodes·-

835 5845 959 5899 aa'ar'rtert
968 5846 1079 5899 Numera
1089 5847 1256 5906 Neuanstatt,
1269 5847 1465 5912 anhenburg,
1478 5846 1646 5911 Schluetern‚
1656 5846 1796 5895 Murhardt
1848 5845 1885 5911 m)
1897 5848 1973 5896 cuius
1986 5846 2045 5911 ipse
2057 5845 2176 5911 prelatus
2189 5845 2340 5900 ridebatur

835 5910 940 5967 easeB‘
1012 5917 1041 5981 n)
1059 5916 1171 5981 Kyliani
1184 5915 1226 5980 Β’,
1245 5917 1349 5966 Kiliani
1363 5914 1391 5979 Ο,
1409 5914 1508 5968 ebcnso
1526 5915 1556 5966 Z.
1570 5918 1606 5967 21
1677 5914 1704 5981 o)
1722 5915 1853 5981 frigalitas
1871 5913 1906 5978 B,
1925 5916 2059 5981 fragilitas
2078 5912 2111 5965 B'
2181 5914 2210 5980 p)
2227 5915 2339 5970 wirce
2365 5922 2401 5971 45

836 5986 962 6051 bargiaco
980 5982 1025 6041 Β’,
1051 5984 1308 6053 WirtabnrgiacoO
1401 5986 1428 6050 q)
1446 5984 1500 6037 das
1519 5984 1716 6051 Monopramm
1734 5984 1766 6037 in
1785 5983 1847 6036 BB‘
1864 5987 1948 6037 anter
1968 5982 2017 6036 der
2035 5980 2219 6051 Sipuumaet'le

835 6056 859 6119 r)
869 6054 1057 6106 Erkenbaldua
1071 6053 1094 6108 0
1161 6056 1185 6121 a)
1197 6058 1309 6107 anatatt
1322 6053 1370 6107 dcc
1384 6055 1435 6106 SR.
1448 6057 1594 6121 recognovi
1607 6052 1650 6115 Β’,
1663 6056 1820 6121 recognovit
1834 6051 1856 6106 0
1923 6055 1944 6119 t)
1956 6052 2002 6105 ate
2015 6052 2165 6120 Dutiruttp
2177 6051 2249 6117 sctit
2263 6054 2341 6109 BB'.
