5642 7159
681 762 746 827 264
1285 766 1717 826 KAISERURKUNDEN.

782 952 840 1032 (c.)
870 949 1009 1017 Carolus
1038 951 1146 1036 gratia
1174 949 1226 1015 dei
1254 973 1314 1016 rex
1336 950 1541 1016 Francorum
1571 959 1603 1015 et
1626 949 1925 1036 Langobardorum
1954 973 2006 1016 ac·
2022 952 2183 1036 patricius
2211 952 2330 1017 Roma-

680 1065 826 1123 norum⁸.
932 1055 1099 1142 Quicquid
1126 1056 1212 1121 enim
1240 1056 1274 1120 in
1302 1063 1417 1120 nostra
1444 1063 1479 1121 et
1506 1076 1679 1140 procerum
1707 1063 1895 1120 nostrorum
1924 1056 2096 1140 presencia
2123 1053 2239 1120 iustol
2266 1054 2330 1119 hac

678 1172 769 1228 recto
787 1162 918 1226 tramite
935 1158 1083 1244 diligenti
1106 1159 1358 1225 examinacione
1375 1160 1553 1224 seeundum
1577 1161 1730 1225 instituta
1746 1169 1937 1225 sanctorum
1957 1169 2088 1245 patrum
2106 1161 2205 1226 luerit
2221 1162 2330 1225 termi-

679 1275 792 1332 natum
815 1265 868 1330 vel
893 1264 1079 1347 diffinitum,
1104 1272 1235 1350 oportet
1257 1265 1379 1329 nostris
1402 1264 1597 1328 confirmare
1622 1264 1774 1348 oraculis,
1798 1266 1847 1329 ita
1870 1273 1907 1328 ut
1930 1262 2061 1329 Christo
2086 1266 2234 1350 propicio
2258 1285 2331 1348 per·

677 1370 786 1455 petuis
805 1368 1011 1454 temporibus
1034 1378 1167 1433 maneat
1189 1367 1429 1432 inconvulsum.
1454 1367 1557 1451 Igitur
1579 1377 1694 1433 notum
1717 1369 1760 1434 sit
1783 1367 1934 1434 omnibus
1958 1370 2124 1454 episeopis
2149 1367 2328 1434 abbatibus
2354 1381 2387 1429 s

677 1473 818 1539 ducibus
841 1472 1017 1538 comitibus
1040 1472 1239 1556 gastaldiis⁰
1263 1494 1322 1538 seu
1344 1472 1481 1558 reliquis
1504 1474 1702 1538 accionariis
1726 1482 1758 1538 et
1781 1475 1909 1539 cunctis
1933 1472 2088 1539 fidelibus
2111 1475 2233 1538 nostris
2258 1494 2331 1558 pre-

678 1577 828 1643 sentibus
851 1586 884 1641 et
905 1578 1033 1659 futuris,
1069 1578 1156 1663 quia,
1188 1576 1265 1641 dum
1288 1598 1349 1642 nos
1379 1575 1512 1642 domino
1542 1586 1736 1662 protegente
1759 1577 1899 1642 Romam
1928 1576 1970 1642 ad
1999 1576 2112 1642 limina
2142 1585 2331 1668 sanctorum

677 1684 859 1769 principum
888 1681 1114 1768 apostolorum
1145 1682 1232 1745 Petri
1256 1689 1290 1745 et
1312 1680 1406 1746 Pauli
1441 1703 1501 1766 pro
1527 1680 1726 1767 quibusdam
1755 1682 1865 1746 causis
1894 1691 2009 1746 sancte
2040 1680 2091 1745 dei
2122 1679 2260 1745 ecclesie
2291 1700 2331 1743 ac

677 1786 790 1852 domni
812 1786 936 1851 Leonis
963 1806 1049 1870 pape
1073 1785 1338 1870 pervenissemus
1367 1784 1481 1870 ibique
1503 1808 1570 1851 una
1598 1808 1672 1851 cum
1702 1787 1868 1871 episeopis
1898 1783 2038 1850 ducibus
2067 1782 2242 1869 gastaldiis
2272 1805 2333 1848 seu

676 1891 811 1978 reliquis
833 1887 988 1954 fidelibus
1017 1909 1057 1952 ac
1080 1887 1272 1973 proceribus
1301 1889 1424 1953 nostris
1446 1889 1647 1972 resedentes,
1682 1891 1832 1975 pervenit
1856 1888 2030 1955 Aribertus
2055 1897 2169 1953 sancte
2194 1886 2328 1952 Aretine
2356 1903 2391 1951 10

677 1995 771 2063 urbis
794 1994 933 2061 ecclesie
961 1991 1160 2058 venerabilis
1184 1993 1361 2077 episcopus
1390 1993 1423 2056 in
1448 1995 1619 2077 presencia
1647 2002 1761 2059 nostra
1791 1993 1997 2080 suggerendo
2022 2015 2062 2057 oc
2091 1990 2330 2078 proclamando

678 2123 777 2188 super
801 2097 967 2163 Andream
996 2105 1111 2161 sancte
1134 2094 1313 2161 Senensis‘¹
1340 2096 1432 2162 urbis
1456 2096 1595 2162 ecclesie
1626 2096 1848 2164 venerabilem
1876 2098 2070 2184 episcopum
2093 2096 2217 2178 dicens,
2253 2094 2332 2180 quia

678 2206 820 2272 diocesis
843 2202 982 2286 ecclesie
1006 2223 1075 2286 sue,
1111 2222 1193 2286 quas
1217 2222 1238 2263 a
1260 2201 1378 2286 priscis
1400 2201 1606 2286 temporibus
1631 2201 1903 2288 predecessores⁸
1933 2202 1984 2266 sui
2007 2201 2154 2287 episcopi
2183 2198 2236 2264 vel
2258 2199 2332 2283 ipse

678 2316 841 2391 tenuerat,
875 2315 1023 2391 tempore
1057 2304 1168 2370 domni
1197 2304 1360 2369 Hadriani
1395 2305 1562 2391 quondam
1597 2327 1682 2391 papo
1716 2306 1897 2371 invasisset
1927 2305 2127 2370 Hrotbertus
2163 2303 2332 2390 quondam

678 2414 852 2501 episcopus
886 2410 1033 2496 predicte
1068 2417 1181 2472 sancte
1210 2406 1365 2474 Senensis
1400 2408 1538 2495 ecclesie
1568 2419 1600 2474 et
1634 2411 1844 2495 postmodum
1872 2433 1930 2475 eas
1960 2410 2163 2474 detenuissct
2187 2407 2330 2473 Haeimo
2358 2420 2390 2469 ιο

678 2516 845 2603 quondam
869 2515 1046 2599 episcopus
1064 2513 1288 2598 suprascripte
1304 2511 1442 2598 ecclesie
1466 2522 1499 2578 et
1514 2535 1620 2599 usque
1644 2535 1730 2578 nunc
1747 2537 1804 2579 eas
1827 2513 1999 2579 deteneret
2013 2513 2160 2599 prefatus
2178 2510 2332 2577 Andreas

678 2621 857 2707 episcopus
873 2616 1038 2682 antedicto
1055 2614 1210 2681 Senensis
1227 2615 1376 2700 ecclesie,
1400 2616 1433 2681 id
1450 2627 1501 2681 est
1520 2619 1719 2682 monasterio
1738 2617 1844 2682 sancti
1861 2615 2008 2700 Amsani,
2034 2616 2089 2681 ubi
2106 2616 2176 2704 ipse
2193 2637 2332 2700 corpore

678 2722 865 2811 requiescit,
899 2742 972 2785 cum
996 2719 1130 2805 reliquis
1159 2718 1317 2785 ecclesiis.
1363 2719 1408 2784 Et
1438 2719 1516 2785 dum
1538 2721 1624 2786 inter
1653 2743 1709 2786 eos
1733 2743 1791 2804 pro
1821 2721 1884 2786 hac
1907 2745 1942 2786 re
1972 2722 2119 2786 maxima
2149 2727 2332 2785 verteretur

678 2822 881 2909 contencio‘,
903 2826 1094 2910 rogavimus
1118 2824 1327 2889 sanctissimo
1350 2823 1414 2888 hac
1431 2825 1696 2889 reverentissimo
1721 2825 1841 2889 domno
1862 2834 1895 2890 et
1917 2827 1950 2890 in
1967 2824 2098 2890 Christo
2122 2824 2209 2909 patri
2225 2823 2330 2888 Leoni

680 2952 806 2997 summo
830 2928 977 3015 pontifici
996 2935 1029 2993 et
1051 2927 1228 2992 universali
1245 2949 1347 3012 pape,
1366 2936 1402 2991 ut
1419 2927 1601 2992 secundum
1625 2930 1819 2992 eanonicam
1842 2931 2075 2996 auctoritatem
2092 2949 2149 2992 eos
2173 2947 2331 2991 unacum
2356 2939 2391 2989 20

680 3037 747 3101 suis
771 3030 1065 3100 consacerdotibus
1081 3032 1257 3118 pacificare
1273 3031 1417 3114 deberet,
1443 3031 1538 3097 sicuti
1554 3041 1587 3096 et
1601 3032 1689 3097 fecit.
1714 3031 1810 3098 Unde
1827 3042 1860 3098 et
1875 3033 2059 3098 iudicatum
2075 3055 2116 3098 ac
2139 3039 2331 3118 preceptum

678 3138 887 3204 auctoritatis
911 3157 969 3200 sue
992 3135 1261 3220 supranominato
1284 3133 1440 3199 Ariberto
1465 3144 1579 3218 sancte
1597 3134 1730 3200 Aretine
1754 3136 1846 3202 urbis
1869 3137 2006 3222 ecclesie
2031 3137 2186 3222 episeopo
2211 3135 2331 3216 emisit,

678 3252 840 3330 quatenus
864 3239 1021 3324 deinceps
1044 3237 1088 3303 ad
1111 3247 1237 3324 partem
1261 3237 1399 3322 ecclesie
1416 3239 1608 3323 parochiam
1633 3262 1726 3305 suam
1751 3243 1930 3306 cumomni
1954 3242 2154 3326 integritate,
2179 3240 2266 3304 sicut
2289 3238 2330 3301 sb

680 3347 860 3432 antiquitus
886 3345 956 3427 luit,
983 3352 1094 3408 tenere
1117 3353 1150 3408 et
1173 3343 1344 3430 possidere
1368 3342 1497 3409 debeat.
1544 3344 1602 3409 Set
1632 3366 1692 3431 pro
1716 3346 1845 3430 integra
1866 3345 2022 3410 firmitate
2046 3345 2141 3430 petiit
2163 3342 2331 3408 serenitati

678 3458 790 3515 nostre
812 3457 1015 3513 memoratus
1039 3447 1089 3511 vir
1111 3445 1310 3513 venerabilis
1334 3446 1509 3512 Aribertus
1533 3448 1759 3534 suprascripte
1789 3459 1903 3514 sancte
1926 3449 2062 3514 Aretine
2092 3447 2232 3514 ecclesie
2261 3447 2329 3532 epi·
2354 3460 2389 3508 ae

679 3575 811 3640 scopus,
834 3561 871 3617 ut
884 3550 945 3616 beo
967 3573 1028 3615 nos
1045 3550 1176 3615 denuo⁸
1197 3552 1284 3615 circa
1301 3552 1410 3637 ipsam
1428 3561 1577 3618 sanctam
1601 3552 1777 3619 ecclesiam
1794 3552 1857 3636 dei,
1883 3553 2062 3618 secundum
2079 3552 2168 3639 quod
2191 3551 2331 3616 domnus

679 3666 712 3723 et
727 3659 759 3722 in
777 3655 909 3722 Christo
933 3663 1155 3741 paternoster
1171 3656 1241 3720 Leo
1258 3678 1404 3721 summus
1422 3657 1571 3742 pontifex
1588 3667 1621 3722 et
1644 3657 1840 3722 universalis
1856 3656 1967 3745 papah
1990 3679 2063 3723 cum
2086 3653 2331 3721 venerabilibus

679 3762 845 3848 episcopis
875 3769 908 3825 et
930 3761 1048 3824 ceteris
1082 3758 1235 3824 fidelibus
1260 3770 1373 3826 sancte
1402 3761 1454 3826 dei
1488 3762 1626 3846 ecclesie
1650 3764 1738 3826 iusto
1767 3764 1900 3828 tramite
1934 3785 2008 3828 cum
2038 3763 2194 3848 equitatis
2218 3759 2331 3824 ordine

679 3861 845 3932 diffinivit¹
868 3873 901 3928 et
915 3887 974 3949 per
996 3873 1184 3950 preceptum
1202 3865 1410 3929 auctoritatis
1428 3888 1487 3930 sue
1503 3867 1719 3950 confirmavit,
1743 3867 1935 3952 plenissime
1952 3866 2194 3933 deliberacione
2215 3863 2331 3930 cedere

679 3980 712 4035 et
745 3970 941 4035 confirmare
971 3967 1175 4031 deberemus.
1222 3965 1323 4032 Cuius
1353 3970 1549 4054 peticionem
1584 3993 1642 4056 pro
1667 3971 1777 4036 divino
1806 3972 1926 4037 intuitu
1954 3979 1987 4036 et
2014 3971 2204 4035 reverencia
2227 3969 2330 4053 ipsius
2356 3983 2391 4032 so

680 4083 791 4158 sancte
816 4073 868 4140 dei
892 4070 1030 4154 ecclesie
1054 4070 1216 4156 denegare
1240 4072 1415 4154 noluimus,
1439 4075 1543 4138 setin
1568 4074 1721 4140 omnibus
1744 4077 1792 4141 ita
1815 4076 2019 4140 concessisse
2041 4074 2093 4139 vel
2117 4071 2333 4138 confirmasse

679 4179 879 4264 cognoscite.
919 4175 1139 4260 Precipientes
1164 4196 1242 4259 ergo
1266 4175 1427 4258 iubemus,
1457 4177 1546 4262 quod
1569 4179 1806 4264 perpetualiter
1829 4182 1919 4245 circa
1942 4187 2158 4244 memoratam
2182 4185 2332 4242 sanctam

678 4282 731 4347 dei
757 4282 926 4346 Aretinsm
961 4278 1135 4343 ecclesiam
1166 4279 1235 4343 iure
1268 4280 1458 4345 firmissimo
1489 4304 1680 4348 mansurum
1717 4304 1790 4347 esse
1819 4283 1981 4359 volumus,
2001 4291 2053 4346 ut
2081 4283 2229 4366 inspecta
2258 4281 2334 4364 ipsa

678 4384 878 4450 auctoritate
901 4382 952 4446 vel
970 4382 1225 4446 confirmacione
1248 4382 1387 4466 predicti
1404 4383 1516 4448 domni
1541 4385 1622 4450 etin
1639 4384 1770 4450 Christo
1795 4388 1899 4472 patris
1922 4386 2026 4450 nostri
2044 4381 2191 4449 Leonis¹¹
2214 4382 2331 4447 summi

679 4488 846 4574 pontificis
870 4496 903 4551 et
925 4485 1120 4551 universalis
1144 4507 1240 4570 pape,
1272 4486 1358 4551 sicut
1381 4510 1439 4572 per
1463 4511 1536 4552 eam
1560 4488 1757 4564 declaratur,
1793 4493 1840 4554 ita
1864 4499 1896 4555 et
1919 4490 2074 4575 deinceps
2103 4485 2230 4552 valeat¹
2253 4508 2333 4572 sepe
2358 4501 2394 4550 35

679 4593 868 4658 nominatus
879 4588 1076 4655 Haribertus
1093 4599 1207 4654 sancte
1221 4587 1356 4655 Aretine
1373 4591 1513 4657 ecclesie
1526 4593 1702 4680 episcopus
1720 4595 1835 4680 suique
1851 4596 1884 4659 in
1900 4603 2094 4679 perpetuum
2111 4612 2331 4662 successores,

679 4698 734 4783 qui
757 4696 879 4761 fuerint
901 4705 1047 4760 rectores
1071 4694 1104 4758 in
1126 4694 1201 4777 ipsa
1225 4703 1342 4758 saneta
1365 4692 1418 4758 dei
1434 4696 1587 4778 ecelesia,
1614 4719 1691 4762 suas
1716 4697 1858 4763 diocesis
1875 4707 1908 4762 et
1930 4697 2131 4763 monasteris
2151 4719 2209 4760 seu
2226 4693 2332 4779 bapti-

679 4801 779 4865 steria
808 4799 893 4863 sicut
916 4820 936 4862 a
958 4798 1077 4883 priscis
1106 4796 1307 4882 temporibus
1330 4805 1441 4863 tenere
1472 4809 1504 4863 et
1526 4800 1697 4884 possidere
1719 4810 1753 4866 et
1780 4803 1876 4867 iuxta
1901 4811 2089 4866 sanctorum
2117 4808 2248 4885 patrum
2273 4796 2331 4881 [in-

678 4901 835 4985 stituta]¹¹¹
858 4925 933 4967 cum
950 4902 1104 4988 equitatis
1122 4901 1235 4965 ordine
1250 4923 1364 4985 regere
1380 4912 1414 4966 et
1428 4901 1623 4982 gubernare.
1648 4905 1691 4968 Et
1706 4913 1742 4968 ut
1758 4903 1819 4968 hee
1834 4904 2016 4968 auctoritas
2032 4903 2156 4968 firmior
2170 4899 2334 4966 habeatur

678 5017 711 5072 et
726 5030 785 5093 per
799 5015 950 5091 tempora
973 5005 1091 5071 melius
1106 5013 1330 5086 conservetur,
1354 5026 1454 5068 manu
1470 5008 1604 5092 propria
1628 5006 1742 5072 subter
1758 5008 1962 5072 firmavimus
1986 5005 2075 5072 etde
2099 5005 2198 5070 anulo
2219 5013 2332 5069 nostro
2357 5023 2393 5072 40

679 5110 818 5195 sigillari
842 5111 1009 5174 iussimus.

781 5251 795 5334 e
817 5247 956 5334 Signum
979 5252 1045 5327 (ll.)
1068 5246 1180 5314 Caroli
1201 5246 1431 5332 gloriosissimi
1454 5248 1551 5334 regis.
1574 5251 1588 5335 Ξ
1611 5253 1666 5326 (SI.
1692 5255 1741 5328 D.)

782 5369 982 5449 {Genesim
1005 5368 1155 5435 advicem
1179 5367 1401 5434 Ercanbaldi'²
1424 5371 1549 5454 scripsi.
1573 5367 1586 5448 Ξ
1655 5397 1656 5400 “

783 5507 874 5572 Data
888 5527 941 5572 1111
956 5531 1031 5574 non.
1048 5509 1191 5575 marcias
1207 5531 1293 5574 anno
1310 5495 1425 5572 xxnrn
1449 5519 1483 5573 et
1498 5525 1611 5573 xxvur
1628 5511 1719 5593 regni
1743 5509 1862 5589 nostri3
1886 5518 1996 5573 ectum
2013 5510 2118 5574 Rome
2135 5509 2168 5572 in
2189 5507 2333 5573 ecclesia

680 5613 784 5678 sancti
798 5612 885 5678 Petri
902 5615 1059 5702 principis
1075 5612 1309 5700 apostolorum,
1327 5613 1382 5678 ubi
1397 5615 1469 5700 ipse
1485 5615 1518 5677 in
1534 5633 1672 5698 corpore
1690 5613 1881 5698 requiescit;
1898 5613 1931 5675 in
1948 5611 2000 5676 dei
2016 5612 2145 5678 nomine
2162 5611 2330 5675 feliciter⁰.
2356 5629 2392 5678 ss

757 5800 815 5855 lto.
834 5802 861 5868 a)
878 5817 925 5854 rex
942 5803 1107 5855 Francorum
1126 5808 1154 5853 st
1171 5802 1354 5853 Romanorum
1373 5802 1458 5868 adque
1476 5800 1715 5868 Langobardorum
1734 5798 1761 5851 Β
1849 5800 1875 5865 b)
1893 5802 1962 5851 iuste
1982 5798 2009 5852 Β
2090 5801 2116 5865 ο)
2133 5800 2285 5867 gaistaldiis
2305 5799 2332 5852 Β

834 5873 861 5936 d)
879 5872 947 5923 Sens
965 5872 1016 5923 mit
1035 5871 1280 5938 Krtrsunesstrs'cb
1298 5869 1332 5931 Β,
1352 5869 1449 5922 ebeuso
1466 5869 1498 5922 Ζ,
1517 5873 1559 5933 17,
1579 5869 1610 5922 Z.
1629 5871 1663 5921 15
1682 5870 1775 5920 Sensis
1880 5871 1905 5932 e)
1922 5871 2117 5935 predecessoris
2136 5868 2163 5921 Β
2252 5869 2273 5935 s)
2292 5872 2333 5920 in-

834 5944 923 5992 tencio
942 5941 977 6006 Β,
995 5941 1027 5994 iu
1046 5941 1095 5994 der
1114 5939 1259 5994 Neoburk.
1277 5938 1417 6006 Ludwiqa
1436 5937 1463 5990 d.
1481 5936 1531 5991 Fr.
1557 5939 1700 5989 altercacio
1805 5938 1833 6003 g)
1851 5953 1904 5990 von
1924 5937 2065 5991 desselben
2085 5937 2175 5991 Hassd
2195 5937 2261 5990 itber
2281 5938 2333 5991 der

835 6009 910 6062 Zeita
926 6010 1133 6079 staobpetrupest
1212 6010 1240 6073 h)
1258 6025 1327 6075 pape
1345 6007 1372 6060 Β
1452 6009 1472 6072 i)
1489 6007 1607 6058 diffinuit
1625 6006 1652 6059 Β
1730 6007 1759 6072 k)
1777 6008 1864 6058 Leoni
1881 6006 1908 6059 Β
1990 6008 2010 6073 l)
2028 6010 2117 6059 videat
2134 6007 2161 6060 Β
2232 6009 2269 6072 m)
2288 6022 2330 6060 er-

833 6084 919 6147 ederet
936 6080 1009 6132 esech
1027 6079 1076 6132 der
1094 6081 1211 6145 Aretes
1281 6079 1310 6144 n)
1328 6079 1364 6126 nb
1382 6090 1452 6128 corr.
1473 6091 1526 6128 aas
1546 6094 1571 6127 m
1642 6077 1668 6142 o)
1693 6075 1821 6128 durasset
1839 6075 2037 6128 verseictuetes
2057 6075 2222 6130 tironiscbes
2242 6092 2330 6127 amen.
2357 6077 2392 6127 50
