5642 7159
1040 730 1159 791 unat
1185 730 1273 790 DEB
1295 729 1462 791 (11108811
1484 726 1583 811 [1119]Ι
2082 728 2146 793 295

494 916 692 983 hereditario
720 917 790 982 iure
813 916 857 982 ad
878 919 1115 983 monasterium
1138 916 1334 1003 publicetur.
1380 916 1464 983 Item
1488 938 1618 983 omnem
1641 915 1802 982 decimam
1825 940 1868 983 ex
1895 916 2006 983 debito
2029 918 2144 1002 regali,

495 1020 653 1107 quicquid
668 1020 709 1086 de
732 1043 818 1107 pago
835 1020 1025 1107 Hilargowe
1048 1020 1090 1086 de
1106 1021 1372 1107 quibuscumque
1388 1019 1511 1086 debitis
1526 1028 1585 1085 aut
1599 1019 1703 1085 fredis
1720 1022 1808 1085 omni
1824 1029 1973 1107 tempore
1989 1021 2144 1106 exigitur,

495 1123 584 1210 quod
599 1126 706 1189 nostri
728 1125 809 1189 iuris
825 1133 886 1209 est,
909 1124 953 1190 ad
969 1124 1133 1210 prefatum
1156 1133 1309 1190 sanctum
1331 1123 1442 1189 locum
1466 1123 1678 1190 concedimus
1701 1133 1734 1188 et
1748 1124 1991 1206 confirmamus,
2014 1132 2051 1190 ut
2070 1146 2145 1190 cum

494 1227 548 1293 dei
571 1229 679 1314 gratia
701 1236 736 1293 et
756 1237 872 1294 nostra
894 1228 1074 1294 elemosina
1097 1226 1219 1294 ibidem
1240 1228 1365 1293 nostris
1387 1227 1591 1315 temporibus
1608 1237 1642 1294 et
1664 1227 1782 1293 futuris
1805 1228 1838 1293 in
1862 1235 2075 1314 augmentum
2091 1226 2144 1293 dei

456 1349 472 1397 c
496 1333 663 1398 servitutis
685 1333 848 1419 proficiat,
873 1334 1059 1419 quostiam
1083 1355 1158 1399 cum
1183 1335 1272 1399 omni
1294 1333 1485 1419 integritate
1508 1333 1718 1419 suscipiatur.

1274 1664 1363 1738 221.

1226 1822 1410 1901 (Uaccus.)

495 1963 591 2034 Kori
617 1964 680 2035 der
712 1961 840 2034 Grosso
867 1961 1025 2052 bestitipt
1051 1962 1129 2034 dem
1147 1960 1292 2033 Klostsr
1317 1961 1573 2034 Ebersiaeim
1600 1958 1810 2048 sordeseere
1828 1959 2062 2054 Besitroapeu
2090 1964 2146 2035 slis

493 2082 720 2155 Immouitrit

442 2198 473 2245 10
1684 2184 1848 2260 quslbeim
1871 2189 1933 2247 770
1957 2187 2049 2246 Mara
2071 2192 2100 2249 7.

598 2377 754 2451 Abscbrist
777 2397 834 2438 aas
862 2379 929 2438 dem
953 2380 1071 2452 Bepissa
1099 2378 1150 2437 dea
1172 2380 1225 2439 18.
1249 2377 1314 2449 Jh,
1349 2376 1415 2440 ΟΒ.
1440 2381 1547 2439 12688
1570 2376 1595 2450 s.
1620 2382 1682 2439 439
1711 2380 1746 2436 is
1768 2378 1821 2437 der
1843 2378 2145 2439 Notioaoibiblioibek

597 2501 638 2542 aa
661 2485 752 2543 Poris
777 2482 842 2561 (B).

598 2621 749 2696 Sohoptiin
777 2623 843 2684 Ais.
868 2623 941 2696 dipl.
965 2618 1012 2695 1⁵,
1041 2626 1104 2683 104
1127 2628 1163 2682 o⁰
1181 2626 1245 2684 130
1269 2624 1357 2699 (olane
1383 2623 1631 2699 Qualienanpobe,
1658 2622 1701 2701 0).
1729 2657 1770 2667 -
1797 2623 1984 2684 Grandiciier
2005 2622 2146 2685 11131.οε

598 2724 778 2801 Strosbouro
800 2722 848 2798 2⁶,
872 2730 935 2787 101
958 2732 993 2785 st⁰
1008 2730 1046 2786 61
1072 2744 1108 2785 ea
1130 2731 1247 2801 uutoyr.
1269 2742 1392 2800 suppos.
1416 2726 1510 2788 tahal.
1533 2727 1692 2800 Aprimoa.
1716 2726 1938 2801 aurollsto'nds'p
1972 2748 2013 2781 =
2043 2726 2146 2800 Μᾶρκε

597 2830 713 2890 Potrol.
737 2834 789 2901 97,
814 2834 898 2891 1080
920 2835 999 2893 91⁰2.
1024 2864 1064 2874 —
1088 2831 1284 2891 Mubiboober
1304 2832 1378 2905 Ray.
1403 2833 1467 2891 138
1491 2829 1590 2911 (135).

598 2970 636 3028 ln
660 2969 690 3028 Β
711 2987 773 3029 aar
797 2971 845 3029 die
870 2970 1121 3048 Qaeiienoapobe:
1159 2969 1224 3043 ,Osa
1253 2973 1349 3044 copies
1370 2986 1407 3029 aa
1429 2974 1495 3029 sont
1518 2968 1609 3041 faites
1631 2986 1688 3045 qus
1708 2987 1764 3031 sar
1785 2968 1938 3031 d'oatres‘.
1984 2970 2049 3030 Der
2074 2972 2146 3031 Text

601 3072 801 3133 Groodidicrs
828 3075 943 3134 stimmt
969 3091 1069 3149 omos
1097 3076 1152 3133 011
1172 3075 1274 3147 jessem
1301 3073 1476 3148 Schoptiiaa
1511 3076 1551 3133 ist
1580 3074 1644 3134 also
1671 3075 1911 3134 wohrsohsisslioh
1944 3074 2054 3134 diesem
2083 3078 2144 3133 ent-

596 3195 743 3240 aommsa.
771 3212 814 3223 -
841 3179 1015 3254 Fdischunc
1043 3180 1117 3239 obas
1150 3180 1228 3238 echte
1260 3178 1394 3253 Veriaqs,
1426 3179 1636 3252 prossmthcila
1667 3179 1794 3253 pleicbsr
1827 3178 1976 3239 Wortiuut
2008 3180 2063 3237 mit
2093 3178 2146 3238 der

594 3280 814 3356 yldchscits‘peo
829 3282 1002 3357 mauduni
1014 3288 1051 3342 πθ
1064 3285 1137 3353 210,
1162 3281 1214 3341 sier
1226 3281 1336 3356 oisiciu
1351 3283 1568 3356 Recopoosceut
1583 3282 1648 3341 aad
1659 3282 1840 3343 Acesieilost
1854 3284 1889 3341 ia
1903 3282 1956 3342 der
1971 3282 2144 3357 Fdlsobany

441 3397 476 3447 ao
599 3383 664 3457 aas
681 3385 740 3444 dea
761 3385 880 3446 Numen
901 3386 1047 3461 Latous
1070 3386 1098 3448 0.
1111 3387 1178 3457 Fr„
1201 3385 1398 3445 Mahibooircr
1419 3387 1491 3460 qu.
1517 3389 1581 3449 792
1602 3384 1701 3464 (767),
1724 3403 1780 3446 oon
1806 3385 2073 3448 0101ᾶί01011.
2095 3382 2144 3459 2⁶,

598 3493 664 3550 102
684 3495 720 3548 a⁰
738 3494 779 3551 60
801 3508 841 3550 su
864 3492 946 3550 dno
968 3493 1088 3566 aiom
1109 3490 1282 3565 Fuscum
1309 3488 1373 3562 aas
1397 3490 1455 3551 den
1477 3491 1595 3552 Nomen
1617 3491 1804 3551 Koriosonus
1826 3491 1956 3563 cauta,
1990 3490 2145 3551 Nacbweis

596 3613 653 3656 ocu
674 3596 794 3671 Dopscis
816 3598 850 3655 ist
871 3595 1106 3671 Mitthsiioapcn
1127 3596 1177 3656 des
1200 3595 1343 3655 Isutituts
1366 3593 1392 3668 f.
1416 3598 1470 3657 ost.
1497 3595 1563 3657 GF.
1587 3599 1639 3667 19,
1664 3597 1737 3668 581,
1761 3596 1833 3656 586.

597 3784 635 3849 In
659 3784 790 3849 nomine
814 3793 928 3850 sancte
951 3793 985 3850 et
1006 3782 1175 3850 individue
1190 3783 1360 3849 trinitatis.
1388 3780 1529 3849 Carolus
1544 3781 1763 3869 praecedente
1786 3781 1839 3848 dei
1861 3781 2088 3848 misericordia
2111 3791 2144 3849 et

496 3886 719 3975 subsequente
733 3912 794 3955 rex
809 3889 1016 3955 Francorum
1033 3886 1184 3954 omnibus
1199 3888 1292 3973 regni
1308 3885 1462 3953 fidelibus
1477 3895 1546 3952 tam
1561 3885 1770 3973 presentibus
1794 3908 1894 3974 quam
1910 3887 2039 3953 futuris.

440 4007 472 4055 as
496 3991 596 4073 Quod
624 3994 786 4080 scriptura
813 4001 898 4059 teste
926 3992 1112 4074 didicimus,
1147 3991 1236 4079 quod
1263 4014 1334 4066 rex,
1364 3992 1420 4077 qui
1449 3988 1542 4057 sedet
1568 3993 1601 4055 in
1631 3990 1712 4055 solio
1741 3984 1856 4077 regni,
1880 3991 2021 4080 dissipat
2049 4014 2145 4057 omne

494 4094 618 4161 malum
640 4096 763 4163 intuitu
786 4119 857 4181 suo,
881 4118 1022 4183 pernes
1045 4096 1210 4162 credimus
1225 4095 1366 4183 impleri,
1390 4096 1446 4181 qui
1462 4095 1545 4160 tanti
1568 4095 1710 4161 nominis
1726 4116 1840 4162 curam
1863 4094 2143 4168 administramus,

495 4200 524 4263 si
552 4198 755 4266 venerabilia
778 4201 994 4267 ecclesiarum
1023 4199 1075 4266 dei
1098 4201 1174 4267 loca
1202 4199 1345 4266 alicuius
1368 4199 1447 4266 doni
1474 4200 1646 4266 commodo
1669 4200 1776 4267 ditare
1807 4223 1847 4266 ac
1877 4200 2055 4267 sublimare
2079 4209 2143 4265 stu·

496 4304 673 4382 duerimus,
696 4315 730 4371 et
752 4305 847 4372 nobis
869 4306 905 4371 id
926 4307 1085 4393 regnique
1107 4306 1211 4375 nostri
1235 4306 1336 4372 statui
1358 4306 1567 4392 profuturum
1590 4304 1722 4369 minime
1745 4302 1946 4370 dubitamus.
1975 4320 2144 4385 Quapropter

494 4427 600 4476 noverit
628 4427 747 4477 omnium
769 4409 893 4477 Christi
921 4410 1068 4476 fidelium
1098 4419 1350 4498 nostrorumque
1379 4409 1587 4491 universitas,
1621 4423 1736 4490 qualiter
1757 4417 1977 4475 Thiothbeldus'*
2003 4423 2088 4475 abbas
2111 4423 2143 4474 ‹10

439 4529 473 4577 30
495 4531 664 4594 monasterio,
686 4511 785 4582 curiusb
806 4530 969 4582 vocabulum
984 4523 1043 4582 est⁶
1064 4530 1203 4582 Noviendo
1220 4518 1289 4582 sive
1305 4514 1511 4597 Eberthalm,
1536 4529 1616 4579 sitnm
1631 4530 1660 4579 in
1674 4544 1743 4595 pago
1759 4529 1914 4581 Alsaciense
1937 4545 2017 4594 super
2032 4528 2144 4579 fluvium

495 4634 580 4698 Illam,
603 4635 676 4700 qnod
697 4636 740 4685 vir
761 4635 865 4687 illuster
887 4635 1029 4686 Adalricus
1051 4636 1109 4685 sive
1131 4635 1243 4685 Athicus
1265 4634 1321 4685 dux
1343 4640 1371 4685 et
1392 4635 1491 4685 coniux
1514 4634 1572 4684 eius
1594 4633 1742 4685 Bersvinda
1763 4634 1791 4684 in
1815 4633 1914 4685 Christi
1935 4635 2042 4686 nomine
2066 4638 2093 4684 et
2115 4634 2143 4682 in

495 4738 595 4790 honore
610 4744 763 4790 sanctorum
779 4740 961 4805 apostolorum
975 4740 1049 4791 Petri
1066 4745 1093 4791 et
1107 4739 1185 4790 Pauli
1201 4721 1361 4807 sanctique‘¹
1379 4739 1504 4789 Mauricii
1527 4723 1683 4809 martyria
1707 4731 1740 4788 et
1761 4739 1894 4790 sociorum
1910 4740 1968 4789 eius
1983 4752 2000 4788 a
2021 4754 2091 4789 novo
2115 4738 2143 4785 in

495 4858 544 4893 suo
567 4846 675 4909 proprio
699 4849 907 4895 construxerunt
927 4844 1020 4907 fundo,
1043 4850 1161 4897 nostram
1183 4844 1250 4895 adiit
1272 4845 1441 4896 serenitatem
1457 4844 1611 4909 deprecans,
1634 4847 1665 4892 ut
1678 4842 1828 4909 privilegia,
1851 4856 1903 4909 que
1917 4843 1978 4908 piae
2000 4842 2144 4893 memoriae

494 4948 599 5012 genitor
613 4954 704 4999 noster
714 4948 827 5014 Pipinua
844 4950 954 5015 eiusque
966 4954 1155 5013 antecessores,
1170 4965 1246 5015 reges
1261 4932 1415 4999 videlicet
1424 4948 1598 5011 Francorum,
1615 4945 1699 4999 eidem
1714 4931 1916 4996 monasterio
1931 4945 2059 5011 locisque,
2075 4959 2144 5011 quae

439 5050 474 5101 31
496 5052 530 5101 ad
545 5055 769 5105 sustentacionern
783 5054 896 5105 fratrum
911 5054 1010 5105 ibidem
1025 5055 1075 5105 deo
1086 5070 1103 5102 a
1117 5055 1291 5106 servientium
1305 5053 1447 5117 pertinent,
1463 5041 1679 5113 [concesserunt],
1694 5065 1859 5101 renovemus.
1882 5049 2066 5116 Praecipimus
2081 5066 2143 5118 ergo

495 5171 542 5223 per
556 5144 660 5208 nostrl
683 5144 890 5231 principatus
913 5145 1145 5209 auctoritatem
1167 5158 1402 5224 praedecessorum
1424 5162 1575 5209 nostrorum
1597 5156 1743 5207 constituta
1758 5154 1900 5219 firmantes,
1923 5160 1954 5205 ut
1975 5156 2005 5206 in
2026 5154 2105 5206 villas
2120 5171 2144 5215 r,
2210 5208 2221 5225 ,

494 5276 561 5327 ques
583 5262 720 5328 praefatus
749 5263 804 5313 dux
826 5248 860 5313 in
888 5247 1017 5313 dotem0
1045 5247 1206 5314 ecclesiae
1229 5247 1409 5334 supradicti
1437 5245 1631 5312 monasterii
1654 5266 1730 5310 cum
1759 5243 1913 5311 omnibus
1939 5243 2146 5329 pertinentiis

496 5352 574 5434 suis,
609 5350 757 5417 ecclesiis
781 5351 907 5418 scilicet
933 5352 1025 5437 agris
1048 5353 1135 5417 areis
1164 5352 1302 5418 edificiis
1325 5352 1421 5418 terris
1450 5349 1606 5416 videlicet
1628 5348 1727 5415 cultis
1755 5357 1788 5414 et
1813 5346 1946 5414 incultis
1974 5346 2146 5413 curtificiis

494 5457 670 5542 mancipiis
692 5458 864 5541 utriusque
887 5480 990 5524 sexus
1007 5458 1111 5544 pratis
1134 5458 1268 5544 pascuis
1285 5456 1379 5522 silvis
1402 5452 1634 5522 venationibus
1650 5454 1746 5539 aquis
1769 5473 1931 5540 aquarum
1951 5451 2145 5519 decursibus

439 5576 473 5626 so
495 5560 736 5648 piscationibus
758 5560 954 5628 molendinis
976 5563 1042 5627 viis
1064 5572 1097 5627 et
1119 5563 1219 5627 inviis
1243 5560 1389 5627 exitibus
1412 5569 1446 5627 et
1467 5557 1629 5626 reditibus
1653 5558 1791 5645 quesitis
1809 5567 1843 5623 et
1863 5556 2068 5645 inquirendis
2090 5556 2142 5623 vel

495 5664 779 5753 qualitercumque
801 5665 979 5732 nominatis
1003 5664 1202 5731 utilitatibus
1226 5663 1270 5731 ad
1293 5667 1368 5753 ipsa
1391 5664 1508 5751 predia
1529 5661 1770 5751 pertinentibus
1792 5676 1935 5743 dalegms,
1968 5660 2032 5726 hoc
2055 5680 2096 5727 eet
2117 5678 2146 5726 in

494 5785 684 5849 wishuvilare,
707 5800 776 5851 quae
798 5786 851 5836 sita
873 5790 913 5837 est
935 5787 962 5836 in
984 5801 1054 5854 pago
1077 5766 1297 5853 Brisigaugeusi¹
1317 5800 1399 5851 supra
1421 5786 1506 5851 ripam
1528 5784 1615 5836 Rheni
1636 5783 1754 5834 fluminis
1777 5798 1838 5834 cum
1860 5798 1878 5831 a
1899 5782 2024 5832 omnibus
2046 5795 2144 5847 appeu-

571 5975 632 6034 221.
652 5977 680 6044 a)
695 5977 862 6030 thiebaldus
878 5977 906 6031 B
985 5978 1014 6047 b)
1030 5977 1083 6031 mit
1101 5976 1223 6032 uadem
1242 5977 1325 6032 Tisaia
1342 5992 1415 6033 corr.
1432 5992 1469 6032 ess
1486 5978 1531 6029 cni
1549 5976 1576 6029 Β
1663 5976 1688 6039 c)
1705 5972 1777 6041 sebit
1796 5974 1819 6027 0
1887 5974 1915 6042 d)
1933 5976 2020 6026 saneti
2039 5972 2063 6027 0

649 6048 676 6115 e)
694 6062 765 6101 corr.
785 6047 817 6100 iu
834 6049 897 6100 dote
914 6046 942 6100 13
1044 6050 1278 6116 Oangaugensi
1294 6047 1323 6101 B
