5642 7159
646 774 711 841 206
1247 770 1681 834 usisunoauuuuun.

753 966 875 1040 ceorqe
896 965 937 1027 D.
960 963 1069 1023 Karoia·
1095 961 1327 1024 0000111000
1354 985 1394 1017 =
1423 963 1633 1023 Falcbeastein
1657 962 1719 1024 01).
1742 963 1855 1037 Νονᾶφ.
1880 969 1901 1025 3
1922 969 1998 1026 010
2019 987 2061 1021 =
2083 967 2294 1031 Faloteneteia

754 1071 826 1133 Uria
843 1068 908 1128 aad
924 1068 1086 1142 Ζεᾶενιὶεεε
1108 1065 1193 1143 (Ant.
1210 1067 1324 1141 Nordq.
1342 1068 1374 1143 4)
1397 1072 1415 1128 1
1435 1073 1471 1127 a⁰
1486 1071 1515 1127 1.
1531 1101 1573 1110 ——
1597 1066 1702 1128 Sinold
1726 1064 1841 1140 corpus
1863 1068 1931 1132 bist.
1947 1068 2120 1131 Brundeab.
2138 1075 2167 1143 4,
2190 1077 2291 1136 1101

749 1177 864 1249 scopia
881 1172 984 1233 anid.
1005 1205 1047 1216 -
1063 1170 1176 1232 Strebel
1197 1153 1372 1231 Fraaooaie
1393 1171 1504 1232 illustr.
1529 1175 1594 1232 132
1614 1175 1682 1232 0⁸⁰4
1707 1193 1748 1225 =
1776 1171 1957 1232 Ussermonu
1980 1174 2081 1246 episc.
2112 1176 2292 1254 Wiroebmq.

744 1283 833 1355 pr.3
853 1284 889 1338 a⁰
902 1282 933 1338 3.
959 1311 996 1321 -
1023 1276 1122 1337 Ηᾶνᾶε
1144 1276 1271 1337 Skieren
1292 1294 1351 1336 aar
1375 1276 1478 1337 Gescb.
1502 1294 1558 1336 coa
1580 1277 1719 1336 Aasbacb
1741 1281 1805 1336 113
1820 1279 1882 1335 rm't
1904 1277 1992 1338 Face.
2016 1297 2072 1338 oon
2093 1280 2123 1339 B
2145 1282 2209 1340 aad
2239 1284 2295 1344 den

754 1384 918 1445 Variauteu
940 1382 993 1441 der
1014 1380 1146 1440 anderen
1167 1379 1362 1454 Adrobrifteu
1383 1382 1448 1441 aad
1469 1382 1601 1442 Drucloe.
1625 1414 1665 1424 -
1691 1381 1886 1440 Matibaober
1907 1382 1980 1456 lieo.
2002 1385 2067 1444 270
2091 1382 2191 1464 (262).
2316 1403 2333 1452 5
2406 1431 2412 1438 .

749 1505 870 1565 Δννᾶενε
891 1501 1086 1575 Abscbriftea
1108 1502 1175 1581 (rou
1189 1504 1277 1562 1617
1297 1503 1331 1561 irs
1346 1502 1534 1562 Hossmcaus
1550 1501 1631 1562 Aac.
1648 1502 1779 1562 locorum
1800 1519 1955 1561 cocorum
1972 1504 2130 1577 burqqrcu.
2146 1506 2292 1582 Norimb„

749 1607 861 1683 Copten
875 1608 970 1667 daooa
984 1609 1018 1665 in
1033 1607 1086 1666 ἄεν
1105 1607 1461 1668 Universr'tdtsbibliothelr
1482 1625 1523 1666 ea
1539 1607 1692 1681 Ενῑανιρενι
1714 1607 1778 1666 aad
1793 1608 1869 1667 brim
1891 1607 1959 1668 bist.
1982 1608 2086 1667 Vareia
2104 1608 2160 1682 fur
2179 1613 2293 1674 Illittel-

751 1713 889 1787 frontes,
921 1712 971 1772 dee
998 1715 1050 1773 18.
1074 1711 1128 1772 Jb.
1158 1714 1201 1771 im
1223 1712 1435 1770 Reiclrearcbic
1461 1729 1502 1770 eu
1530 1712 1680 1769 bramber
1709 1710 1774 1769 aad
1800 1712 1843 1769 im
1872 1709 2080 1771 Strebel’scben
2102 1713 2294 1792 Manaecrr'pt

749 1819 803 1879 ἄεν
821 1819 996 1877 Βνανιεονιὶα
1017 1815 1144 1896 illustr.)
1167 1819 1263 1877 bietea
1290 1834 1352 1875 aar
1374 1815 1538 1889 belanqlose
1560 1815 1624 1874 ruod
1651 1833 1722 1874 eam
1748 1815 1832 1875 111εὲ1
1858 1816 2092 1876 vasculerum
2119 1819 2292 1885 Variaaten.

749 1923 809 1982 Die
841 1922 963 1995 Vorlaoe
992 1921 1180 1980 Hoesmaaas
1210 1938 1274 1980 10ον
1301 1921 1409 1980 wieder
1438 1937 1499 1979 aur
1528 1921 1592 1978 eine
1621 1919 1710 1978 altere
1733 1917 1834 1992 Copia.
1868 1951 1908 1964 -
1941 1919 2124 1996 Vollstdadiq
2153 1925 2215 1984 echi
2236 1927 2291 2000 uqi.
2318 1943 2350 1992 io

749 2025 846 2088 Siekal
867 2026 940 2098 Rey.
963 2026 1027 2085 259
1052 2023 1084 2081 K
1104 2026 1177 2095 105,
1205 2023 1461 2098 8005611101
1485 2024 1545 2082 III
1574 2023 1696 2083 Wiener
1717 2021 1778 2084 SB.
1803 2027 1854 2094 17,
1876 2025 1951 2095 211,
1981 2024 2030 2083 die
2054 2024 2176 2100 Arenqo
2200 2029 2294 2102 qlcicb

750 2131 807 2189 deu
828 2128 1046 2188 Immensum
1067 2131 1167 2199 1062,
1192 2132 1243 2198 70,
1267 2130 1347 2202 156;
1368 2145 1428 2187 aaa
1451 2128 1500 2187 die
1519 2127 1711 2199 Verbinduaq
1734 2126 1787 2185 ἄεν
1808 2127 1987 2186 Immonitot
2009 2130 2066 2187 mit
2088 2126 2182 2201 freter
2202 2133 2292 2193 Abis-

750 2233 841 2307 0010·
877 2234 952 2293 0οεν
973 2233 1022 2291 die
1043 2232 1283 2292 wahrscbeiaiiob
1304 2230 1417 2306 infulae
1447 2232 1500 2291 ἄεν
1521 2232 1743 2304 tbitrinqiscbeu
1771 2231 1998 2306 Verscbworuny
2027 2250 2082 2292 oon
2105 2233 2204 2317 resse
2231 2241 2292 2298 eia·

749 2336 889 2412 qefabrte
915 2337 1092 2411 Fordermrq
1119 2337 1172 2396 ἄεν
1202 2336 1298 2396 dieue
1326 2337 1376 2397 des
1403 2354 1445 2396 ru
1473 2336 1644 2395 carimdes
1671 2337 1763 2395 Attea
1791 2331 1944 2415 (nobisque
1972 2353 2023 2412 por
2051 2339 2148 2399 omnia
2169 2341 2291 2418 iidelem)

748 2441 978 2515 Mittbeilunqrn
1000 2441 1051 2500 dee
1066 2442 1207 2501 Instituta
1231 2439 1326 2514 fidat.
1347 2439 1412 2500 GF.
1430 2441 1502 2513 Ery.
1521 2443 1550 2511 6,
1575 2442 1648 2500 875.
1686 2439 1751 2498 1)ον
1773 2437 1952 2498 Acestellort
1974 2441 2152 2518 Aquisgrani
2179 2444 2292 2527 durfte,
2317 2464 2348 2510 rs

750 2547 791 2606 da
812 2546 891 2604 Kcrl
912 2562 977 2604 vom
999 2545 1111 2605 Herbst
1134 2547 1195 2606 785
1221 2547 1266 2604 bis
1290 2542 1397 2604 Ostera
1420 2547 1483 2604 786
1506 2543 1571 2624 (23.
1588 2543 1690 2618 April)
1712 2543 1775 2602 aiod
1798 2545 1831 2602 iu
1854 2545 1978 2619 Arruns
2000 2545 2139 2617 aufbielt,
2163 2548 2244 2610 Aua.
2264 2569 2290 2611 ν.

749 2652 859 2710 Prono.
886 2646 1053 2728 (Medae.)
1077 2650 1122 2711 εᾶ.
1138 2650 1242 2708 Kurra
1264 2652 1315 2719 70,
1339 2651 1372 2708 ia
1395 2648 1452 2707 ἄενι
1475 2648 1593 2709 Jauren
1609 2651 1673 2708 787
1695 2647 1759 2706 und
1775 2650 1838 2708 788
1860 2649 1909 2706 eia
1924 2646 2104 2721 Aufentbclt
2126 2653 2293 2713 0110011εᾶ

749 2755 987 2828 aosqescblossen
1007 2753 1073 2812 aad
1095 2754 1144 2812 die
1171 2753 1314 2814 Urkunde
1334 2770 1397 2811 aur
1417 2754 1494 2812 naeu
1517 2753 1582 2811 dem
1605 2751 1798 2825 fronkisobea
1820 2753 2077 2828 chiercnquutr
2105 2758 2294 2818 etaeureibeu

751 2861 799 2929 ur,
823 2874 880 2918 aus
895 2856 1043 2917 erluino
1058 2857 1192 2916 venerae
1206 2859 1281 2917 sen.
1310 2858 1402 2918 neae
1417 2857 1464 2915 ee
1483 2855 1654 2930 eoseum
1677 2857 1877 2916 ussusors
1894 2841 2293 2935 subcinerosus-105,
2333 2933 2334 2936 Ν

749 2965 824 3024 aber
849 2961 1013 3035 deotperto
1037 2959 1242 3034 Bisctofstitet
1263 2960 1473 3021 Abel-Simeon
1495 2960 1572 3020 Karl
1595 2961 1623 3021 ἄ.
1651 2960 1706 3021 ον.
1730 2967 1760 3031 1,
1785 2963 1848 3022 519
1870 2961 1911 3021 Ν.
1935 2967 1967 3023 1.
2316 2980 2350 3031 20

749 3137 806 3213 (0.)
828 3131 975 3198 Karolus
1003 3130 1111 3217 gratie
1139 3130 1192 3195 dci
1219 3153 1279 3196 rex
1301 3131 1508 3196 Francorum
1539 3138 1572 3195 et
1593 3130 1889 3216 Langobardorum
1919 3155 1958 3198 ac
1989 3134 2149 3219 patricius
2173 3136 2294 3202 Roma·

647 3259 774 3304 norum.
879 3234 915 3301 Si
938 3233 1153 3322 petitionibus
1176 3233 1386 3318 sacerdotum
1409 3234 1462 3299 vel
1486 3255 1656 3300 servorum
1680 3234 1743 3317 dei,
1767 3235 1878 3321 quod·
1901 3258 2090 3322 procorum
2114 3240 2222 3325 quiete
2240 3241 2293 3306 vel

647 3343 813 3407 iuvamine
836 3341 991 3425 pertinet,
1027 3338 1168 3404 libenter
1191 3337 1388 3403 obaudimus
1418 3338 1469 3403 vel
1500 3338 1543 3403 ad
1572 3339 1722 3404 effectum
1751 3341 1782 3404 iu
1814 3339 1865 3404 dei
1894 3342 2025 3406 nomine
2055 3343 2292 3429 mancipamus,

646 3447 772 3530 regiam
795 3443 1067 3511 consuetudinem
1097 3464 1290 3508 exercemus
1313 3452 1346 3507 et
1373 3441 1438 3508 hoc
1466 3441 1562 3508 nobis
1591 3442 1634 3508 ad
1663 3443 1822 3508 mercedis
1852 3455 2063 3531 angmentum
2092 3447 2145 3512 vel
2168 3448 2294 3513 stabili·

648 3560 750 3616 tatem
771 3551 865 3636 regni
881 3549 985 3614 nostri
1009 3548 1172 3634 pertinere
1187 3547 1391 3613 confidimus.
1419 3546 1565 3632 Ideoque
1581 3557 1695 3612 notum
1714 3549 1757 3612 sit
1781 3550 1924 3615 omnium
1942 3541 2086 3617 fidelium
2110 3561 2295 3620 nostrorum
2322 3570 2356 3619 25

648 3654 877 3741 magnitudini,
905 3652 1046 3740 qualiter
1068 3653 1120 3718 vir
1141 3651 1341 3716 venerabilis
1366 3650 1572 3716 Guntbertus
1596 3652 1769 3738 episcopua
1793 3656 1993 3719 monasterio
2018 3655 2127 3740 aliquo
2150 3657 2184 3721 in
2207 3679 2293 3743 pago

647 3759 820 3844 Raugonui
843 3758 928 3823 infra
949 3757 1048 3822 walto
1073 3757 1128 3842 qui
1151 3763 1289 3820 vocatur
1311 3755 1631 3850 Vircnnniarastas
1655 3766 1797 3841 quatuor
1825 3759 1912 3822 intra
1940 3757 2005 3824 duo
2032 3758 2177 3844 flumina,
2210 3784 2294 3848 qnae

648 3871 878 3948 nuncupantur
900 3855 1121 3926 Rethratenza
1150 3868 1183 3924 et
1206 3857 1449 3932 Onoldisbach,
1484 3860 1517 3922 in
1548 3857 1621 3923 loco
1646 3859 1701 3924 ubi
1730 3860 1862 3926 insimul
1894 3861 2078 3945 confluunt,
2115 3864 2224 3949 quod·
2252 3864 2293 3931 ob

648 3990 792 4033 amorem
821 3966 943 4032 domini
972 3965 1077 4030 nostri
1107 3965 1184 4028 Iesu
1207 3961 1330 4028 Christi
1358 3965 1392 4027 in
1420 3962 1578 4029 honorem
1609 3973 1742 4030 sanctae
1773 3965 1824 4030 dei
1854 3966 2029 4051 genetricis
2053 3967 2179 4033 Mariae
2212 3990 2293 4034 sem·
2338 3993 2341 4000 ’

648 4094 771 4160 perque
801 4070 937 4156 virginis
967 4070 1000 4133 in
1030 4089 1090 4132 sua
1119 4068 1321 4153 proprietate
1351 4089 1372 4132 a
1400 4066 1622 4133 fundamentis
1655 4090 1713 4132 suo
1743 4068 1933 4134 aedificavit
1962 4093 2076 4156 opere,
2110 4072 2206 4138 nobis
2235 4096 2294 4159 per
2316 4090 2350 4139 30

647 4184 879 4243 testamentum
908 4173 1103 4239 donacionis
1139 4181 1322 4258 spontanea
1356 4195 1396 4238 ac
1428 4169 1694 4259 promptissimab
1728 4172 1897 4238 voluntate
1931 4173 2069 4259 pleniter
2096 4197 2172 4240 cum
2207 4178 2295 4241 omni

647 4281 836 4365 integritate
866 4290 899 4345 et
922 4278 1089 4345 soliditate
1117 4277 1240 4343 ibidem
1264 4277 1460 4363 pertinentia
1489 4279 1580 4342 visus
1612 4287 1663 4342 est
1691 4276 1869 4342 tradidisse
1901 4276 1954 4342 vel
1983 4276 2204 4360 condonasse,
2237 4279 2295 4344 ubi

648 4385 767 4449 asserit
788 4404 855 4448 non
877 4404 1015 4469 parvam
1032 4381 1153 4446 habere
1176 4383 1467 4469 congregationem
1483 4381 1720 4446 monachorum
1745 4379 1807 4444 sibi
1825 4379 2005 4462 subditam,
2029 4382 2084 4468 qui
2101 4381 2161 4447 sub
2181 4382 2295 4467 regula

650 4490 756 4553 sancti
778 4485 949 4552 Benedicti
966 4484 1098 4552 Christo
1123 4484 1255 4550 domino
1278 4485 1422 4550 militare
1444 4484 1606 4550 videntur.
1645 4484 1772 4550 ldcirco
1794 4483 1920 4570 placuit
1941 4484 2128 4550 celsitudini
2151 4496 2294 4568 nostrae,

648 4602 684 4658 ut
707 4591 768 4657 sub
790 4592 920 4676 integra
949 4591 1147 4655 emunitate⁰
1169 4591 1276 4675 ipsum
1305 4589 1542 4654 monasterium
1570 4611 1636 4654 una
1665 4609 1738 4654 cum
1763 4588 1862 4655 rebus
1885 4598 1918 4654 et
1939 4586 2148 4654 hominibusd
2170 4589 2292 4655 ibidem
2316 4607 2350 4658 ab

648 4695 887 4781 aspicientibus
911 4717 968 4760 seu
991 4694 1233 4780 pertinentibus
1256 4714 1317 4779 pro
1341 4693 1503 4759 mercedis
1525 4703 1660 4759 nostrae
1683 4703 1860 4779 augmento
1884 4704 2032 4760 maneret
2054 4695 2294 4761 inconvulsum.

648 4800 891 4886 praecipientes
926 4821 1004 4884 ergo
1034 4797 1201 4881 iubemus,
1236 4807 1273 4862 ut
1303 4797 1414 4862 nullus
1442 4797 1544 4862 iudex
1578 4797 1731 4883 publicus
1760 4798 1847 4862 infra
1878 4807 2059 4863 memorato
2096 4802 2294 4865 monasterio

649 4915 783 4970 sanctae
807 4904 935 4969 Mariae
958 4924 998 4967 ac
1020 4912 1135 4968 nostro
1160 4925 1218 4968 seu
1241 4901 1388 4966 curtibus
1412 4923 1452 4966 ac
1475 4900 1574 4967 rebus
1596 4901 1650 4966 vel
1673 4902 1762 4986 agris
1786 4901 1856 4966 sive
1879 4901 1961 4966 locis
1991 4900 2112 4966 ibidem
2135 4904 2295 4988 aspicien-

648 5008 738 5074 tibus
764 5008 817 5074 vel
840 5006 1080 5096 pertinentibus
1110 5006 1153 5072 ad
1176 5027 1296 5072 causas
1325 5005 1524 5072 audiendum
1548 5026 1610 5071 nec
1637 5005 1749 5071 freda⁰
1771 5005 1969 5092 exigendum
2000 5015 2059 5073 aut
2086 5006 2295 5073 fideiussores

648 5112 830 5178 tollendum
858 5134 919 5178 nec
949 5113 1139 5177 mansiones
1167 5111 1218 5176 vel
1247 5120 1385 5196 paratas
1415 5110 1603 5176 faciendum
1632 5131 1693 5175 nec
1721 5109 1911 5175 inferendas
1939 5119 1998 5176 aut
2030 5112 2206 5196 pensiones
2237 5134 2292 5175 ex·
2317 5125 2351 5174 ⁴0

648 5214 845 5284 actaudum‘
864 5239 926 5283 nec
954 5216 1102 5281 homines
1125 5215 1230 5301 ipsius
1262 5214 1522 5300 distringendum
1545 5213 1635 5280 nullo
1665 5235 1819 5298 umquam
1843 5223 1990 5300 tempore
2018 5213 2189 5298 ingredere
2211 5211 2294 5276 iudi-

648 5323 751 5387 ciaria
773 5331 924 5414 potestas
947 5330 1005 5385 aut
1027 5321 1158 5406 penitus
1188 5327 1345 5384 exactare
1368 5329 1614 5406 praesumatur,
1651 5317 1764 5383 sedin
1793 5316 2000 5403 aelymosina
2022 5327 2136 5382 nostra
2163 5316 2206 5382 ad
2229 5318 2295 5380 iam

648 5426 772 5491 dictum
795 5425 904 5490 locum
929 5434 1080 5490 sanctum
1103 5427 1136 5489 in
1159 5422 1378 5489 luminaribus
1401 5423 1562 5489 ecclesiae
1584 5422 1771 5509 perenniter
1794 5421 1945 5508 proficiat
1968 5422 2002 5486 in
2027 5421 2220 5507 augmentis.
2251 5419 2296 5484 Et

650 5529 837 5616 specialiter
852 5531 1079 5595 concessimus
1095 5529 1245 5616 praefato
1261 5527 1445 5595 venerabili
1459 5528 1530 5593 viro
1548 5526 1733 5593 Guntberto
1751 5529 1920 5612 episcopo,
1944 5535 1990 5604 ut,
2014 5525 2145 5612 quando
2163 5524 2295 5611 quidem

647 5635 740 5719 ipse⁸
767 5633 808 5698 de
836 5633 900 5699 hac
929 5634 1002 5699 luce
1031 5634 1075 5698 ad
1103 5633 1270 5698 dominum
1293 5632 1495 5718 migraverit,
1526 5633 1554 5697 si
1576 5633 1640 5718 ipsi
1671 5631 1822 5696 monachi
1852 5629 2014 5715 condigne
2042 5651 2082 5694 ac
2113 5627 2294 5694 secundum
2317 5646 2351 5694 40

648 5734 818 5804 ordinem¹²
842 5739 949 5803 sancti
968 5737 1139 5804 Benedicti
1162 5737 1249 5802 infra
1272 5739 1344 5823 ipso
1368 5737 1570 5802 monasterio
1593 5737 1697 5802 vitam
1714 5737 1879 5820 duxerint,
1903 5735 2034 5823 qualem
2057 5735 2239 5822 digniorem
2255 5753 2295 5798 ac

724 5891 783 5948 152.
802 5891 828 5957 a)
846 5892 911 5959 qnid
927 5890 956 5944 Β
1059 5892 1087 5958 b)
1105 5894 1247 5958 spontinoa
1265 5908 1296 5943 ac
1323 5892 1505 5958 promtissima
1522 5891 1556 5954 B,
1584 5889 1712 5945 macte
1731 5889 1933 5956 Scbrttbsclsler
1957 5889 2194 5944 acclamatoriis
2220 5890 2294 5958 (con-

801 5963 923 6026 donasse,
940 5962 1045 6029 togula,
1063 5961 1233 6028 specialiter,
1244 5964 1424 6026 autoritatem,
1442 5962 1585 6027 foeliciter)
1653 5961 1678 6028 c)
1695 5964 1887 6013 communitate
1904 5960 1932 6014 B
2011 5960 2038 6027 d)
2055 5961 2180 6011 omnibns
2198 5957 2225 6012 B

801 6033 827 6094 ο)
842 6045 896 6085 oon
914 6033 1042 6099 apdterer
1061 6029 1153 6084 Ηανιᾶ
1170 6045 1241 6083 εονν.
1261 6030 1292 6083 iu
1310 6032 1389 6082 feoda
1474 6031 1708 6098 ilexpectendum
1726 6029 1753 6083 Β
1846 6032 1874 6097 g)
1891 6033 1950 6097 ipso
1968 6029 1997 6083 Β
2083 6028 2112 6096 11)
2129 6043 2200 6082 corr.
2220 6031 2293 6081 etatt

802 6099 1051 6155 durcbstricbeueu
1076 6100 1205 6167 regulam,
1231 6099 1264 6152 in
1280 6103 1393 6154 1101611
1423 6101 1568 6152 secundum
1586 6101 1706 6152 ordinem
1725 6107 1847 6152 sanctum
1865 6100 2030 6166 stragulam
2049 6101 2136 6151 sancti
2154 6098 2292 6150 Benedicti
2315 6093 2349 6145 bt)
