5642 7159
1259 742 1678 802 KAlSERURKUNDEN.

1438 929 1500 1002 21.

646 1089 778 1181 Pippiu
805 1088 943 1160 soboukt
969 1089 1046 1158 doru
1074 1087 1217 1160 Klostor
1242 1087 1387 1160 Fuldc
1414 1090 1471 1160 die
1504 1087 1598 1159 Villa
1632 1085 1802 1158 Umstudt.

1936 1189 2059 1249 Orltans
2083 1193 2145 1250 766
2169 1189 2248 1250 Jali.

750 1365 887 1440 Oriyiuol
903 1364 965 1443 (A).
984 1398 1024 1408 -
1047 1363 1202 1436 Absclsrift
1217 1383 1274 1425 uus
1290 1366 1356 1424 dem
1372 1366 1490 1439 Rapina
1510 1365 1627 1424 dcs12.
1645 1364 1698 1425 Jlt.
1716 1363 1780 1442 (Β).
1807 1397 1846 1406 -
1872 1365 1969 1422 Codes
1985 1363 2158 1424 Eberhardi
2175 1368 2194 1424 2
2209 1363 2234 1434 s.
2249 1367 2292 1424 24

748 1468 879 1546 (formcll
901 1469 964 1527 und
986 1469 1111 1528 suchliolr
1134 1471 1313 1528 ueruncubtet
1337 1471 1391 1528 ruit
1414 1473 1472 1526 ΙΙΙ
1490 1469 1531 1529 id.
1556 1466 1630 1539 febr.
1660 1469 1733 1526 eltae
1755 1469 2017 1541 Reqicsuupsjultr,
2054 1466 2102 1543 Ο),
2135 1469 2326 1526 sdrnmticlrt

749 1575 790 1632 im
813 1573 1017 1632 Stuatsurchio
1037 1591 1078 1631 ru
1101 1571 1257 1646 Morbum.

748 1712 896 1772 Scitanuut
924 1711 1012 1770 Trad.
1037 1711 1128 1771 Fald,
1153 1713 1193 1770 14
1217 1717 1250 1768 πθ
1274 1710 1317 1769 27
1339 1729 1396 1770 uus
1420 1710 1447 1768 A
1472 1733 1512 1764 =
1536 1710 1638 1786 filique
1660 1712 1773 1771 Patrol,
1791 1715 1842 1780 96,
1868 1711 1953 1769 1563
1975 1719 2009 1766 o⁰
2031 1709 2082 1766 24.
2108 1741 2149 1750 -
2172 1708 2293 1766 Drosike

750 1815 811 1874 (³1).
829 1814 920 1872 Fuld.
936 1815 979 1873 18
994 1821 1028 1871 rt⁰
1041 1814 1084 1873 28
1099 1833 1155 1872 aas
1171 1813 1208 1872 A.
1233 1846 1274 1856 -
1298 1815 1429 1888 Herqust
1447 1816 1528 1887 Spes.
1545 1815 1618 1887 dipl.
1636 1815 1728 1875 Fusa.
1744 1815 1787 1873 12
1803 1824 1836 1872 n⁰
1859 1821 1879 1872 3
1895 1832 1952 1872 stass
1969 1812 2007 1872 A.
2033 1845 2072 1856 -
2097 1814 2249 1885 Solottqea
2265 1816 2293 1870 et

748 1919 875 1993 Kreysr'p
898 1917 1122 1991 Duplomaturs'u
1144 1919 1173 1987 1,
1198 1923 1218 1977 3
1241 1926 1275 1976 πθ
1299 1921 1318 1976 6
1340 1936 1397 1976 aas
1421 1917 1574 1990 Abscltrift
1596 1935 1652 1976 oon
1675 1916 1706 1979 0.
1732 1951 1772 1960 —
1802 1919 1888 1976 Fure.
1915 1917 2001 1990 Kopp
2026 1914 2238 1987 Schrifttufelu
2260 1918 2290 1986 3,

748 2003 880 2096 Ilorquet
906 2022 938 2081 Τ.
962 2026 992 2081 3.
1018 2055 1057 2064 -
1081 2020 1456 2096 Mdtlbaclrchep.102
1480 2020 1580 2100 (100).
2313 2031 2344 2077 ιο

747 2162 812 2220 Der
829 2162 901 2220 Text
924 2179 979 2219 son
1001 2161 1141 2218 auderem
1160 2160 1319 2231 Schreiber,
1344 2162 1392 2219 die
1407 2163 1601 2233 Rccopaitioa
1622 2179 1677 2219 vos
1700 2161 1840 2231 Baddilo,
1865 2160 1912 2218 die
1935 2159 2134 2233 Sipuarureite
2157 2157 2220 2215 aad
2243 2159 2291 2216 dic

746 2266 900 2343 Datiraap
921 2283 976 2324 oon
1000 2266 1155 2324 Hitheritts
1174 2266 1369 2338 peschriebea.
1394 2264 1460 2322 Das
1484 2265 1580 2338 Siepel
1602 2264 1822 2337 smoollstdndiq
1845 2264 1985 2323 ertulten.

746 2421 803 2495 (C.)
825 2414 839 2496 Ξ
863 2418 1017 2503 Pippinus
1048 2441 1106 2482 rex
1131 2417 1333 2484 Francorum
1362 2421 1411 2482 vir
1438 2417 1585 2482 inluster.
1692 2419 1736 2482 Et
1764 2419 1841 2503 quia
1870 2427 2022 2482 monente
2051 2418 2214 2502 scriptura
2243 2416 2290 2479 ita

644 2529 792 2607 oporteat
813 2542 1076 2606 unumquemque
1100 2531 1288 2586 constanter
1312 2543 1518 2608 praeparare,
1543 2531 1703 2606 quatenus
1726 2523 1878 2586 veniente
1901 2523 1933 2585 in
1957 2531 2136 2606 conspectu
2159 2522 2289 2605 superni

643 2625 766 2690 iudices
791 2624 882 2691 illam
906 2623 1081 2705 mereajlfftur
1105 2625 1226 2690 domini
1251 2627 1337 2712 piam
1361 2647 1474 2690 vocem
1498 2624 1622 2706 audire,
1647 2641 1743 2711 quem
1767 2647 1878 2690 omnes
1899 2626 1975 2689 iusti
1994 2649 2035 2689 ex
2052 2624 2145 2689 bonis
2162 2625 2290 2690 actibus
2312 2641 2343 2690 15

643 2737 737 2792 erunt
753 2728 868 2812 gavisi,
893 2738 1092 2813 quapropter
1108 2750 1167 2792 nos
1185 2728 1370 2809 salubriter,
1393 2739 1429 2791 ut
1446 2727 1619 2806 credimus,
1644 2729 1899 2807 considerantes,
1925 2727 2065 2813 qualiter
2080 2750 2121 2792 ex
2139 2729 2293 2792 terrenis*

642 2830 750 2913 rebus,
786 2830 903 2916 quibus
933 2831 1043 2896 divina
1074 2832 1297 2896 misericordia
1327 2831 1421 2895 nobis
1449 2831 1621 2895 affluenter
1643 2833 1676 2894 in
1699 2831 1760 2896 hoc
1790 2831 1900 2915 seculo
1930 2830 2048 2915 largire
2073 2831 2209 2915 dignata
2231 2841 2291 2911 est,
2368 2854 2373 2862 ’

643 2936 751 3000 saltim
774 2936 826 3000 vel
850 2938 883 3000 in
907 2935 1105 3022 pauperibus
1129 2960 1171 3002 ex
1195 2938 1256 3002 hoc
1280 2936 1423 3001 tribuere
1446 2936 1650 3017 deberemus,
1675 2936 1761 3000 unde
1785 2935 2041 2999 misericordiam
2064 2936 2168 3019 ipsius
2192 2934 2289 2999 adae·

643 3039 723 3123 pisci
746 3038 923 3103 valeamus.
948 3038 1075 3103 Idcirco
1099 3039 1258 3105 donamus
1282 3064 1342 3105 nos
1359 3063 1416 3126 pro
1437 3043 1567 3104 animae
1591 3049 1723 3105 nostrae
1746 3039 1926 3103 remedium
1949 3039 1999 3103 vel
2017 3039 2100 3103 bone
2116 3039 2291 3104 memoriae

643 3164 798 3227 germano
821 3152 932 3207 nostro
957 3142 1197 3208 Carolomanno
1221 3145 1385 3229 quondam
1402 3144 1446 3208 ad
1469 3145 1702 3208 monasterium
1718 3143 1835 3224 Fulda,
1859 3143 1915 3207 ubi
1933 3143 2072 3207 domnus
2088 3143 2289 3207 Bonefacius
2308 3161 2343 3208 20

642 3267 779 3332 corpore
801 3246 985 3332 requiescit,
1011 3247 1088 3312 villa
1112 3249 1221 3333 aliqua
1245 3258 1454 3335 noncupante
1478 3248 1754 3330 Autmundisstat‚
1778 3249 1832 3333 qui
1857 3250 1986 3332 ponitur
2010 3249 2044 3311 in
2067 3268 2151 3332 pago
2175 3246 2290 3310 Moini·

643 3353 765 3436 gaugio
783 3373 880 3434 super
899 3351 999 3415 fluvio
1023 3351 1191 3434 Ricchina,
1216 3373 1289 3417 cum
1307 3351 1458 3416 omnibus
1482 3352 1628 3415 terminis
1643 3350 1695 3415 vel
1718 3349 1922 3436 appendiciis
1946 3351 2024 3431 suis,
2048 3358 2084 3413 ut
2106 3371 2180 3414 cum
2204 3350 2290 3413 omni

642 3455 830 3538 integritate
846 3453 888 3518 ad
905 3455 976 3539 ipso
1002 3457 1199 3519 monasterio
1223 3455 1275 3519 vel
1291 3454 1461 3519 monachis
1485 3454 1606 3518 ibidem
1630 3452 1892 3518 deservientibus
1915 3476 1974 3518 seu
1989 3453 2165 3518 luminaria
2188 3453 2291 3538 ipsius

642 3557 784 3622 ecclesia
806 3557 1012 3642 procuranda
1036 3558 1085 3622 vel
1112 3556 1274 3643 stipendia
1297 3580 1478 3644 pauperum
1502 3557 1623 3622 ibidem
1648 3557 1818 3642 praedicta
1841 3556 1920 3621 villa
1943 3557 2099 3643 proficere
2123 3556 2242 3621 debeat
2257 3558 2289 3621 in

642 3671 841 3744 numentum,
876 3670 908 3726 et
930 3671 967 3726 ut
990 3663 1105 3727 melius
1135 3661 1269 3726 dilectat
1292 3663 1380 3748 ipsos
1410 3661 1590 3726 monachus
1619 3682 1676 3747 pro
1705 3659 1800 3724 nobis
1830 3659 1881 3723 vel
1911 3681 2067 3744 germano
2096 3669 2207 3724 nostro
2232 3682 2290 3723 seu
2309 3676 2343 3725 25

642 3764 893 3851 subsequentem
919 3768 1095 3853 progeniae
1118 3776 1231 3830 nostra
1247 3766 1298 3831 die
1321 3776 1483 3851 noctuque
1500 3766 1620 3830 domini
1645 3764 1870 3829 misericordia
1894 3763 2059 3827 adtentius
2083 3762 2290 3848 depraecare.

641 3869 747 3954 Igitur
781 3868 949 3954 praedicta
978 3869 1058 3934 villa
1087 3892 1227 3934 unacum
1258 3871 1352 3934 terris
1387 3870 1539 3934 domibus
1574 3869 1732 3934 aedificiis
1768 3867 1945 3933 accolabus
1979 3867 2151 3952 mancipiis
2183 3865 2291 3931 silvis*

642 3973 767 4058 campis
798 3974 901 4058 pratis
932 3975 1062 4059 pascuis
1093 3975 1186 4059 aquis
1216 3997 1417 4060 aquarumve
1446 3973 1637 4038 decursibus
1673 3971 1848 4037 mobilibus
1877 3979 1910 4035 et
1939 3969 2169 4044 immobilibus,
2206 3972 2291 4036 sicut

642 4097 741 4160 supra
765 4076 917 4155 diximus,
942 4077 1121 4142 cumomni
1145 4079 1340 4162 integritate,
1366 4077 1521 4163 quicquid
1545 4078 1709 4164 praesenti
1733 4085 1879 4161 tempore
1896 4084 2008 4139 nostra
2024 4073 2144 4139 ibidem
2161 4074 2291 4139 videtur

641 4201 713 4245 esso
742 4181 916 4265 possessio,
952 4202 1029 4265 pars
1059 4180 1217 4266 praedicti
1246 4184 1458 4247 monasterii⁰
1492 4180 1647 4267 eiusque(1
1681 4190 1823 4246 rectores
1846 4178 2000 4252 habeant,
2025 4188 2158 4242 teneant
2180 4177 2289 4262 adque
2308 4197 2343 4244 30

641 4282 840 4368 possedeant
869 4293 902 4347 ot
925 4283 987 4347 ad⁸
1021 4285 1094 4369 ipsa
1122 4285 1275 4349 casadei
1300 4287 1331 4348 in
1356 4296 1469 4350 nostra
1498 4286 1703 4370 aelymosina
1726 4283 1776 4349 vel
1805 4305 1961 4368 germano
1989 4291 2102 4346 nostro
2131 4283 2290 4368 usquein

641 4397 833 4472 perpetuum
857 4386 981 4472 absque
1006 4386 1102 4451 ullius
1125 4390 1316 4473 repetitione
1340 4388 1460 4453 debeat
1483 4386 1568 4454 esse¹
1599 4390 1669 4455 iure
1691 4391 1819 4473 integro
1843 4389 2048 4452 confirmata.
2086 4388 2127 4450 Et
2151 4397 2186 4450 ut
2208 4385 2290 4450 haec

642 4491 748 4554 cessio
784 4491 905 4554 firmior
938 4489 1109 4573 habeatur,
1143 4513 1203 4555 nos
1234 4514 1305 4556 eam
1338 4491 1450 4556 subter
1484 4494 1684 4558 firmavimus
1715 4493 1768 4557 vel
1799 4491 1839 4556 de
1870 4490 1967 4555 anolo
2002 4499 2112 4555 nostro
2148 4489 2291 4574 sigillare

642 4593 836 4658 studuimus.

744 4737 757 4788 Ξ
780 4731 915 4817 Signum
941 4737 1030 4809 (Mn.)
1057 4733 1181 4819 Pippini
1205 4733 1431 4818 gloriosissimi
1455 4737 1552 4821 regis.
1575 4734 1588 4816 Ξ
2309 4748 2342 4795 35

746 4852 802 4932 (G.)
826 4851 839 4932 Ξ
862 4853 900 4917 In
924 4852 975 4917 dei
999 4855 1128 4918 nomine
1152 4852 1291 4918 Baddilo
1320 4856 1514 4938 recognovit
1536 4857 1604 4936 et,
1638 4859 1707 4937 (SR.
1731 4859 1810 4920 N'l'a
1840 4858 1971 4917 Baddilo
2001 4858 2185 4931 subscrips-t).
2218 4853 2289 4930 (SI.)

747 4991 865 5054 Datum
892 4992 924 5054 in
947 5013 1059 5055 mense
1082 4991 1160 5055 iulio
1184 5013 1269 5057 anno
1293 4991 1534 5076 quintodecimo
1557 4994 1650 5078 regni
1674 4995 1793 5077 nostri3
1818 5003 1928 5058 actum
1953 4993 2134 5059 Aurilianis
2157 4993 2290 5058 civitate

641 5093 788 5180 publice;
811 5096 843 5159 iu
869 5094 920 5159 dei
943 5097 1074 5160 nomine
1098 5095 1266 5160 Hitherius
1291 5097 1440 5181 scripsit3
1464 5097 1611 5163 feliciter.

1436 5339 1498 5412 22.
1614 5391 1618 5400 .

645 5497 774 5588 Pippiu
809 5497 945 5567 srlronlt
981 5499 1057 5567 dom
1094 5500 1241 5569 Kloslur·
1268 5500 1324 5570 St.
1354 5498 1491 5570 Derris
1524 5500 1580 5569 dic
1615 5499 1708 5568 Villo
1735 5498 1912 5569 Essouucs
1939 5498 1988 5566 ira
2016 5496 2164 5566 Parisoi·
2196 5496 2287 5578 Gora,
2308 5524 2343 5571 so

642 5621 702 5690 reio
729 5620 778 5690 sio
806 5619 919 5689 diales
952 5619 1053 5706 Gruf'
1072 5621 1199 5692 lluulro
1227 5645 1292 5693 *raon
1319 5622 1391 5691 s'lsm
1418 5643 1463 5691 su
1489 5619 1608 5691 Lelrou
1631 5620 1754 5711 psbtrbt
1781 5621 1883 5690 lue-tte.

1934 5721 2056 5781 Orlurns
2080 5725 2142 5781 766
2166 5721 2245 5780 Juli.

725 5905 765 5960 21.
786 5909 811 5973 a)
830 5905 883 5958 dus
895 5905 989 5958 strate
1007 5923 1022 5956 e
1041 5907 1098 5970 auf
1108 5907 1206 5961 Rasur
1219 5924 1270 5961 oon
1282 5907 1402 5960 crederer
1415 5907 1506 5960 Harrd
1521 5910 1547 5963 A
1616 5910 1644 5974 b)
1662 5908 1744 5958 salvis
1765 5909 1789 5958 Α
1871 5908 1895 5972 c)
1914 5910 2081 5958 monasteriii
2100 5907 2126 5958 A
2197 5906 2224 5970 d)
2241 5920 2290 5956 ur-

794 5974 959 6042 sprr'iuplicls
977 5976 1117 6042 huiusque,
1136 5976 1208 6044 irrip
1228 5994 1298 6030 corr.
1318 5977 1348 6029 in
1367 5993 1467 6044 susque
1486 5979 1513 6029 A
1608 5978 1634 6044 e)
1651 5978 1668 6029 d
1687 5977 1744 6042 aas
1759 5977 1866 6036 Rusur,
1885 5993 1955 6029 corr.
1976 5993 2029 6029 urus
2048 5984 2059 6027 t
2079 5977 2104 6028 A
2191 5976 2290 6038 Ossae

794 6061 853 6098 vom
873 6043 1018 6098 Corrector
1036 6049 1134 6112 spdtsr
1152 6044 1293 6116 eiuyefttpt
1313 6049 1347 6099 A.
2308 6044 2342 6092 46
