5642 7159
1034 740 1151 799 KARL
1175 738 1262 797 unu
1285 736 1450 796 euossu
1474 731 1570 816 [litt
2116 731 2177 795 105

634 928 696 985 oud
731 931 794 987 773
817 928 891 988 .Ῑα((.
922 926 1028 1002 erfolpt
1056 930 1130 999 seio,
1167 927 1262 988 Siekel
1289 928 1361 1000 Rea.
1385 929 1450 986 229
1477 925 1508 983 K
1530 928 1581 984 10.
1626 924 1693 982 Der
1718 924 1815 984 Nome
1847 922 1898 982 des
1924 924 2177 997 Reoopoesoeatea

635 1032 786 1107 witigowo
809 1035 847 1091 ist
871 1032 1111 1091 wolrrsolreinlieb
1133 1050 1191 1091 aas
1214 1031 1385 1107 Wigbaldus
1408 1029 1551 1088 verderbt.
1598 1028 1692 1089 Ucber
1713 1028 1761 1086 die
1785 1024 1979 1087 Oorrectoreu
2007 1028 2060 1087 des
2084 1027 2177 1087 ctor-

635 1134 877 1195 tulorsolzreibers
900 1136 954 1209 ool.
977 1143 1012 1194 a⁰
1027 1139 1077 1198 67.

633 1373 778 1439 Karolus
811 1376 918 1460 gratia
946 1375 1020 1439 dei*
1053 1398 1113 1441 rex
1136 1376 1340 1440 Francorum
1373 1375 1430 1438 vir·
1452 1373 1580 1439 illuster
1617 1370 1767 1448 mnibus
1796 1372 1961 1457 episeopis
1996 1371 2174 1437 abbatibus

375 1478 423 1525 5
511 1476 706 1541 comitibus
730 1478 913 1563 vestrisque
937 1477 1119 1542 iunioribus
1143 1486 1242 1565 atque
1265 1479 1376 1545 missis
1399 1479 1521 1545 nostris
1544 1464 1813 1563 diaurrentibus.
1920 1474 2085 1561 Quicquid
2113 1496 2174 1561 pro

505 1580 754 1664 oportunitate
778 1581 991 1647 ecclesiarum
1015 1583 1066 1648 vel
1091 1584 1199 1668 quiete
1216 1605 1385 1649 servorum
1408 1582 1461 1647 dei
1479 1575 1722 1661 concedimusl,
1747 1578 1809 1643 hoo
1824 1578 1918 1643 nobis
1942 1578 2056 1665 procul
2073 1577 2174 1644 dubio

501 1682 660 1748 <lumino
685 1684 863 1751 adiuvante
887 1686 931 1751 ad
953 1697 1099 1772 eternam
1123 1686 1360 1754 beatitudinem
1394 1687 1551 1773 profitere
1574 1681 1780 1747 confidimus.
1825 1682 1930 1768 Igitur
1956 1681 2034 1747 dum
2067 1691 2175 1767 vestre

503 1787 673 1873 sollertis⁸
696 1800 812 1854 notum
837 1800 895 1863 est.
931 1792 1070 1878 qualiter
1092 1792 1179 1878 bone
1208 1792 1445 1858 recordationis
1467 1784 1608 1850 domnus
1631 1786 1872 1871 Ruotbgangus
1907 1786 2175 1873 archiepiscopus

497 1890 561 1955 in
585 1894 787 1958 monasterio
812 1895 900 1980 quod
923 1906 1061 1961 vocatur
1076 1896 1291 1981 Lauresham,
1316 1896 1401 1983 quod
1422 1889 1452 1953 ei
1475 1912 1535 1975 per
1557 1889 1768 1955 traditionem
1792 1889 2011 1976 Williswindq
2034 1900 2067 1955 et
2090 1888 2173 1955 Can·

504 1995 610 2059 ‹rrini
634 1994 823 2081 obvenerat,
858 1999 1092 2065 monachorum
1116 2010 1258 2066 turmam
1291 2022 1354 2066 non
1387 1992 1553 2060 modicam
1576 2003 1711 2080 propter
1744 1996 1912 2060 servitium
1944 1995 2175 2081 omnipotentis

503 2098 580 2163 dei
604 2099 816 2185 coadunavit,
851 2102 907 2167 ubi
932 2102 973 2169 ob
997 2105 1159 2189 integram
1188 2104 1393 2185 devotionem
1428 2108 1579 2164 sanctum
1608 2120 1729 2185 corpus
1758 2097 1942 2164 beatissimi
1965 2099 2099 2165 Nazarii
2126 2122 2175 2165 re·

500 2203 685 2287 condidit,
711 2228 812 2291 supra
828 2206 1030 2293 quodetiam
1052 2198 1308 2273 'condolendum
1324 2202 1518 2267 monasterii
1541 2201 1696 2267 abbatem
1713 2212 1812 2290 atque
1835 2202 1988 2287 heredem
2002 2205 2035 2267 in
2058 2202 2175 2268 eodem

503 2318 643 2372 saneto
667 2307 742 2373 loco
761 2321 838 2396 post
861 2332 896 2376 se
913 2312 1004 2376 visus
1028 2322 1079 2377 est
1100 2312 1280 2397 reliquisse.
1306 2304 1372 2369 Sed
1387 2314 1514 2390 postea,
1539 2305 1616 2369 dum
1638 2306 1787 2392 prefatus
1805 2304 2043 2373 Gundelandus
2066 2305 2173 2371 abbas

495 2421 677 2477 (temeret
699 2413 803 2497 ipsius
828 2416 935 2478 saneti
958 2413 1024 2479 loci
1047 2415 1212 2479 imminere
1246 2407 1429 2494 periculum
1452 2418 1552 2494 atque
1581 2419 1756 2490 vereretur,
1790 2433 1831 2475 ne
1855 2410 2016 2476 desolatio
2041 2420 2175 2497 propter

495 2513 742 2581 intentionem
760 2517 945 2602 iniquorum
968 2515 1132 2583 hominum
1149 2520 1182 2575 et
1202 2512 1284 2597 ipsis
1301 2510 1471 2577 monachis
1487 2514 1588 2585 fieret,
1606 2513 1650 2577 ad
1666 2523 1811 2579 nostram
1821 2516 1912 2579 visus
1928 2524 1979 2579 est
1991 2516 2175 2580 accessisse

494 2622 740 2704 presentiam,
764 2622 819 2706 qui
841 2630 873 2686 et
895 2624 1003 2707 ipsum
1026 2616 1259 2685 monasterium
1281 2618 1315 2679 in
1331 2637 1432 2681 manu
1447 2628 1561 2682 nostra
1576 2618 1720 2701 tradidit,
1745 2619 1844 2683 etiam
1861 2629 1894 2684 et
1917 2640 2028 2684 secum
2045 2640 2173 2684 omnem

494 2727 817 2810 congregationem
842 2748 935 2791 suam
959 2728 991 2792 in
1014 2718 1270 2786 mundeburdem
1287 2719 1338 2785 vel
1363 2719 1586 2787 defensionem
1603 2731 1751 2788 nostram
1774 2723 1902 2810 plenius
1919 2724 2172 2789 commendavit.

504 2826 634 2906 Quem
660 2850 720 2892 nos
737 2830 899 2914 gratanti⁰
921 2824 1028 2896 animo
1045 2834 1113 2890 tam
1129 2833 1263 2911 propter
1286 2824 1449 2890 mercedis
1466 2835 1677 2910 augmentum
1701 2849 1800 2913 quam
1817 2836 1849 2892 et
1864 2849 1923 2913 pro
1941 2827 2056 2893 eodem
2075 2848 2173 2914 grege

499 2931 687 2996 salvando
710 2933 773 2996 visi
796 2934 916 2998 fuimus
936 2931 1132 3015 percepisse.
1156 2930 1257 2995 Petiit
1282 2930 1381 2994 etiam
1405 2939 1606 2995 memoratus
1630 2929 1734 2995 abbas
1759 2932 1874 3017 suique
1897 2932 2051 2997 monaehi
2074 2931 2173 2997 talem

504 3056 545 3098 a
567 3034 667 3100 nobis
692 3040 930 3116 auctoritatem,
954 3042 1000 3117 ut,
1024 3035 1316 3121 quotienscumque
1341 3033 1497 3099 abbatem
1521 3035 1586 3098 iam
1617 3034 1696 3100 dieti
1727 3036 1917 3100 monasterii
1940 3058 1982 3101 ex
2011 3036 2073 3101 hoc
2097 3057 2172 3100 con-

493 3140 637 3223 tigerit
662 3139 772 3221 seculo
796 3144 937 3221 migrare
960 3138 1004 3202 ad
1027 3136 1205 3223 dominum,
1239 3140 1323 3203 inter
1346 3161 1381 3203 se
1405 3160 1502 3224 quem
1538 3139 1671 3223 dignum
1695 3138 1830 3204 honoris
1860 3139 1956 3205 huius
1979 3142 2172 3213 invenerint,

496 3244 722 3309 unanimiter
744 3268 785 3311 ex
821 3250 923 3306 semet
956 3242 1039 3328 ipsis
1063 3242 1182 3327 eligere
1217 3241 1383 3308 deberent.
1432 3242 1579 3323 Quorum
1605 3243 1796 3327 petitionem
1825 3244 1865 3309 ob
1890 3267 2037 3310 amorem
2064 3244 2117 3311 dei
2141 3254 2173 3310 et

498 3357 637 3431 nostre
662 3344 821 3413 mercedis
844 3345 1010 3411 cumulum
1033 3347 1240 3433 nequivimus
1257 3345 1430 3431 denegare,
1456 3347 1514 3411 sed
1529 3347 1576 3411 ita
1600 3348 1782 3431 prestitisse
1804 3347 1856 3412 vel
1872 3349 1904 3412 in
1929 3348 2080 3413 omnibus
2096 3371 2170 3415 con-

498 3452 674 3516 firmasse
697 3450 897 3533 cognoscite.
940 3450 1164 3535 Precipientes
1199 3452 1284 3515 enim
1309 3450 1470 3531 iubemus,
1506 3450 1584 3536 quia
1607 3453 1847 3536 cognoscimus,
1883 3451 1971 3537 quod
1998 3452 2071 3537 ipsa
2094 3475 2172 3517 eon·

500 3556 673 3640 gregatio
701 3550 760 3616 sub
783 3561 872 3617 recto
898 3552 1014 3619 ordine
1037 3555 1147 3619 vivere
1170 3564 1203 3619 et
1225 3555 1260 3619 in
1281 3554 1396 3639 regula
1413 3556 1518 3618 sancti
1535 3554 1706 3619 Benedicti
1726 3556 1913 3619 conversari
1938 3554 2112 3635 desiderat,
2136 3564 2172 3620 ut

501 3668 636 3723 nostro
660 3654 792 3743 ¹quidem
816 3658 974 3741 permisso
999 3678 1128 3743 semper
1152 3679 1250 3744 super
1273 3680 1308 3722 se
1331 3681 1373 3723 ex
1396 3659 1469 3744 ipsa
1492 3660 1759 3743 congregatione,
1783 3660 1838 3745 qui
1871 3658 1932 3723 deo
1958 3658 2173 3745 acceptabilis

507 3764 575 3845 sit,
600 3760 723 3841 eligere
738 3758 871 3824 valeant
887 3760 1052 3843 abbatem,
1077 3762 1232 3847 quatinus
1248 3762 1333 3826 inter
1349 3764 1459 3847 ipsum
1474 3783 1617 3846 gregem,
1639 3763 1719 3847 ‘quia
1741 3761 1820 3827 boni
1837 3760 1958 3827 ibidem
1982 3762 2175 3848 congregati

504 3864 555 3931 in
577 3884 693 3945 unum,
716 3862 887 3948 perstare‘1
921 3864 1076 3949 [debeat],
1100 3889 1141 3931 ne
1165 3867 1237 3952 quis
1261 3890 1303 3931 ex
1327 3866 1468 3932 adverso
1492 3889 1565 3931 eum
1590 3865 1809 3951 diripiendum
1841 3866 2006 3949 adveniat,
2042 3865 2099 3931 sed
2134 3865 2175 3931 de

507 3968 655 4054 proprio
679 3988 805 4052 semper
828 3968 972 4053 gaudere
1002 3980 1139 4055 patrono
1164 3970 1308 4053 valeant,
1342 3972 1420 4056 quia
1442 3970 1607 4051 nolumus,
1642 3978 1678 4033 ut
1700 3991 1758 4054 per
1791 3969 1938 4054 aliquam
1967 3972 2174 4036 occasionem

389 4063 457 4117 30
511 4074 583 4159 ijrsi
603 4068 765 4150 monachi,
790 4093 871 4156 quos
889 4072 1030 4139 domnus
1046 4074 1273 4159 Ruodgangus
1289 4075 1388 4138 etiam
1413 4084 1445 4137 et
1462 4073 1700 4138 Gundelandus
1718 4071 1761 4136 ad
1784 4095 1866 4159 opus
1883 4072 1934 4138 dei
1951 4073 2172 4139 exercendum

504 4185 817 4260 :engregaverunt
850 4175 916 4239 ullo
941 4200 1096 4262 umquam
1118 4186 1265 4263 tempore
1288 4177 1407 4242 exinde
1427 4177 1564 4241 alienati
1588 4186 1645 4241 aut
1681 4177 1821 4262 dispersi
1843 4199 1904 4242 nec
1926 4178 1991 4263 ipsi
2015 4201 2075 4243 nee
2099 4201 2172 4243 suc-

488 4299 671 4346 cessores
695 4301 805 4344 eorum
841 4302 915 4345 csse
940 4280 1092 4354 debeant,
1129 4280 1197 4363 sed,
1233 4282 1317 4345 sicut
1344 4282 1377 4344 in
1408 4289 1605 4345 testamento
1640 4280 1728 4345 illius
1758 4281 1955 4365 donationis,
1992 4304 2090 4367 quam
2113 4305 2171 4368 per

492 4378 776 4449 williswindam
801 4394 833 4451 et
856 4382 1054 4451 Cancrinum
1080 4385 1190 4471 adepti
1215 4395 1299 4465 sunt,
1324 4385 1518 4456 continetur,
1554 4385 1600 4446 ita
1623 4386 1655 4447 in
1680 4384 1831 4449 omnibus
1854 4386 1943 4449 circa
1965 4386 2071 4470 ipsam
2094 4406 2169 4450 con-

495 4489 747 4575 gregationem
771 4490 815 4552 sit
838 4498 1078 4569 conservatum,
1104 4500 1139 4554 ut
1161 4490 1295 4556 valeant
1319 4489 1465 4574 regulam
1490 4489 1595 4552 sancti
1618 4488 1790 4553 Benedicti
1814 4488 2058 4575 perpetualiter,
2087 4491 2172 4554 sicut

411 4577 446 4627 ³
504 4591 603 4658 ordo
629 4590 745 4656 edocet
761 4601 794 4656 et
809 4595 957 4678 eorporis
973 4594 1135 4679 fragilitas
1160 4594 1327 4679 permittit,
1352 4592 1518 4658 custodire
1535 4602 1567 4657 et
1583 4592 1643 4657 sub
1659 4602 1783 4673 nostra,
1808 4602 1844 4656 ut
1859 4592 2014 4667 diximus,
2038 4593 2171 4660 munde·

497 4692 625 4763 burde
649 4695 700 4760 vel
725 4695 916 4761 defensione
939 4699 973 4763 in
996 4699 1069 4784 ipso
1094 4700 1296 4763 monasterio
1320 4698 1449 4782 quiete⁰
1471 4698 1582 4760 vivere
1605 4694 1657 4759 vel
1680 4695 1834 4760 residere.
1880 4696 2059 4782 Propterea
2086 4697 2171 4763 banc

500 4802 766 4888 preceptionem
791 4810 937 4866 nostram
961 4804 1008 4867 eis
1032 4803 1192 4885 dedimus,
1216 4824 1274 4887 per
1297 4824 1395 4887 quam
1420 4802 1551 4865 omnino
1575 4799 1738 4880 iubemus,
1762 4808 1798 4863 ut
1819 4799 1929 4864 nullus
1953 4800 2107 4886 quislibet
2130 4802 2171 4868 de

503 4906 749 4991 episcoporum
773 4906 935 4990 personis,
969 4907 1001 4969 in
1026 4908 1120 4970 cuius
1144 4905 1317 4992 parrochia
1339 4907 1446 4991 ipsum
1470 4904 1702 4968 monasterium
1725 4901 1898 4967 fundatum
1922 4926 1992 4968 esse
2016 4907 2169 4989 cernitur,

505 5018 577 5073 aut
601 5005 644 5071 de
678 5009 795 5072 ceteris
819 5008 1004 5073 hominibus
1040 5012 1113 5095 quis
1136 5011 1202 5073 iam
1226 5009 1350 5074 dictum
1375 5007 1630 5073 Gundelandum
1665 5006 1820 5073 abbatem
1844 5007 1894 5072 vel
1922 5008 2102 5075 monachos
2126 5034 2168 5076 ex

380 5088 456 5151 ²0
504 5110 592 5197 ipso
617 5113 817 5175 monasterio
841 5121 873 5177 et
895 5112 1053 5186 homines,
1079 5114 1134 5199 qui
1158 5110 1233 5199 perf
1253 5135 1309 5177 eos
1334 5114 1419 5177 iuste
1443 5122 1475 5177 et
1497 5110 1735 5177 rationabiliter
1759 5121 1912 5197 sperare⁸
1932 5112 2096 5197 videntur,
2122 5115 2168 5178 in·

505 5216 670 5300 quietare
693 5223 751 5278 aut
772 5213 1021 5301 constringereh
1044 5216 1095 5281 vel
1131 5227 1245 5281 contra
1268 5218 1404 5281 rationis
1434 5215 1581 5280 ordinem
1608 5216 1718 5281 facere
1745 5224 1922 5301 presumat,
1959 5215 2017 5280 sed
2042 5240 2170 5303 semper

504 5317 654 5383 valeant
678 5317 737 5383 sub
761 5329 875 5385 nostra
905 5318 1094 5385 defensione
1124 5344 1182 5386 seu
1206 5320 1268 5385 sub
1292 5319 1468 5385 heredibus
1492 5322 1613 5385 nostris
1648 5321 1735 5385 omni
1765 5330 1920 5406 tempore,
1955 5330 1991 5384 ut
2014 5320 2168 5403 diximus,

509 5422 621 5506 quieti
644 5422 790 5487 residere
814 5431 847 5487 et
869 5421 934 5506 ea¹,
971 5446 1032 5509 quq
1057 5422 1122 5488 illis
1145 5434 1280 5510 propter
1303 5446 1421 5489 nomen
1457 5424 1581 5489 domini
1605 5425 1839 5503 concessimus,
1873 5422 1957 5487 bene
1984 5445 2113 5509 semper
2135 5428 2169 5490 in

514 5524 675 5589 omnibus
690 5526 824 5611 perfrui,
849 5528 1004 5612 quatinus
1022 5526 1162 5593 delectet
1185 5527 1341 5593 abbatem
1357 5527 1409 5592 vel
1432 5528 1612 5592 monachos
1629 5551 1671 5592 ex
1692 5528 1765 5613 ipso
1780 5527 1980 5592 monasterio
1997 5550 2055 5613 pro
2073 5528 2168 5593 nobis

402 5614 464 5669 *ἦ
518 5637 556 5691 ct
575 5638 690 5693 nostra
713 5629 933 5717 subsequente
957 5634 1111 5717 progenie
1136 5654 1193 5697 seu
1217 5640 1314 5717 gente
1337 5632 1541 5697 Francorum
1565 5631 1688 5696 domiui
1723 5631 1979 5696 misericordiam
2003 5631 2169 5697 adtentius

618 5885 657 5938 72.
678 5886 704 5952 a)
721 5886 764 5937 dei
782 5888 868 5953 gratia
881 5884 908 5938 B
1013 5890 1039 5954 b)
1057 5892 1219 5941 erexerimus
1232 5886 1259 5940 B
1362 5890 1387 5951 e)
1405 5888 1552 5955 gratulanti
1564 5888 1591 5941 B
1694 5890 1722 5954 d)
1739 5904 1810 5942 corr.
1825 5904 1880 5942 oua
1892 5896 2018 5956 prestare,
2037 5888 2166 5943 darancio

676 5954 714 6007 ist
732 5954 778 6007 eia
797 5954 930 6008 Zettooort
949 5957 1126 6026 mespesulleu
1230 5959 1255 6022 e)
1273 5971 1345 6009 corr.
1363 5958 1395 6009 irs
1414 5960 1499 6025 quieti
1603 5956 1710 6024 slstber
1729 5974 1777 6025 per
1793 5974 1848 6011 voa
1865 5957 2008 6011 desselben
2022 5956 2114 6011 Hand
2133 5960 2166 6010 ad

677 6024 917 6093 uberpeselm'ebeu
1020 6028 1048 6093 g)
1066 6042 1138 6080 corr.
1156 6026 1188 6079 iu
1207 6032 1327 6093 spectare
1431 6028 1461 6091 h)
1478 6029 1634 6093 contingere
1652 6026 1680 6079 B
1782 6028 1804 6095 i)
1820 6042 1891 6081 corr.
1910 6027 1942 6080 iu
1960 6030 2006 6080 eis.

575 6122 801 6177 Kaiserurlrunden
824 6128 846 6177 1.
1965 6132 1997 6179 st
