5642 7159
688 758 753 824 290
1308 762 1728 824 KAISuuuuKuuuua.

686 948 913 1034 Ermengario,
949 946 1144 1032 Ademaro⁸,
1173 947 1329 1014 Laibulfc
1353 959 1386 1015 et
1409 948 1523 1015 Idrlino
1552 948 1737 1015 comitibus.
1844 950 1966 1017 Notum
1990 951 2033 1018 sit
2054 952 2158 1031 vobis,
2182 955 2264 1041 quia
2287 956 2350 1019 isti

687 1054 800 1140 Ispani
824 1054 865 1121 de
887 1061 998 1120 vestra
1020 1054 1216 1121 ministeria:
1249 1052 1416 1119 Martinus
1439 1052 1611 1141 presbiter,
1642 1053 1812 1138 Iohannis,
1842 1054 2001 1139 Quintila,
2026 1055 2243 1145 Calapodius,
2265 1058 2348 1125 Asi·

686 1161 810 1242 narius,
842 1158 951 1245 Egila,
981 1156 1179 1245 Stephanus,
1208 1157 1366 1241 Rebellis,
1402 1158 1502 1241 Ofilo,
1530 1157 1630 1243 Atila,
1659 1159 1883 1243 Fredemirus,
1913 1160 2086 1247 Amabilis,
2118 1161 2345 1250 Christianus,

687 1262 869 1349 Elpericus,
898 1260 1073 1338 Homodei,
1101 1264 1267 1346 Iacentus,
1290 1262 1508 1349 Esperandei,
1536 1264 1616 1329 item
1638 1263 1844 1350 Stephanus,
1874 1264 2055 1349 Zoleiman,
2087 1266 2343 1351 Marchatellus,

686 1366 889 1450 Teodaldus,
919 1367 1131 1455 Paraparius,
1166 1366 1295 1450 Gumis,
1325 1365 1545 1442 Oastellanus,
1581 1367 1773 1452 Ardaricus,
1801 1368 1937 1455 Wasco,
1969 1370 2118 1455 Wisifus,
2148 1371 2387 1450 Witericus,5

685 1470 867 1555 Rancidus,
896 1468 1122 1554 Suniefredus,
1145 1472 1317 1546 Amaucio,
1349 1468 1550 1554 Canerellus,
1574 1471 1829 1557 Lougobardus,
1859 1472 2105 1558 Zatemiliteisl,
2134 1475 2344 1560 Odesindns,

686 1574 818 1659 Walda,
848 1574 1077 1659 Roncariolus,
1106 1575 1235 1660 Mauro,
1265 1574 1432 1660 Pascales,
1462 1574 1641 1663 Simplicio,
1672 1575 1834 1662 Gabinus,
1865 1575 2000 1643 Solomo
2024 1576 2188 1665 presbiter
2209 1579 2254 1645 ad
2276 1601 2343 1644 nos

685 1680 854 1745 venientes
880 1680 1136 1767 suggesseriut⁰,
1166 1679 1254 1767 quod
1275 1678 1398 1746 multas
1421 1682 1653 1767 oppressiones
1677 1682 1864 1748 sustineant
1886 1682 1927 1748 de
1951 1690 2045 1768 parte
2068 1690 2183 1750 vestra
2204 1692 2239 1749 et
2254 1684 2344 1749 iuni-

685 1806 777 1851 orum
799 1794 992 1869 vestrorum,
1017 1795 1051 1851 et
1073 1784 1238 1869 dixerunt,
1269 1785 1359 1871 quod
1381 1784 1484 1872 aliqui
1507 1808 1671 1873 pagenses
1693 1786 1813 1852 fiscum
1835 1795 1985 1853 nostrum
2009 1787 2072 1853 sibi
2095 1788 2179 1854 alter
2201 1786 2342 1854 alterius

683 1890 866 1956 testificant
887 1888 930 1955 ad
953 1910 1067 1956 eorum
1088 1891 1325 1977 proprietatem
1354 1898 1388 1955 et
1409 1909 1467 1955 eos
1490 1889 1611 1955 exinde
1639 1889 1810 1977 expellant
1831 1899 1947 1957 contra
1974 1891 2139 1958 iusticiam
2162 1900 2196 1957 et
2217 1889 2342 1956 tollant
2366 1907 2402 1957 ιο

683 2002 833 2060 nostram
854 1994 1059 2078 vestituram,
1094 2017 1192 2081 quam
1215 2018 1275 2082 per
1302 1995 1440 2081 triginta
1462 2017 1568 2061 annos
1598 2016 1657 2061 seu
1679 1995 1823 2082 amplius
1851 1996 1963 2062 vestiti
1986 1996 2108 2062 fuimus
2135 2004 2169 2061 et
2190 1997 2254 2083 ipsi
2279 2018 2343 2082 par

683 2106 834 2167 nostrum
857 2098 1007 2166 donitum
1031 2100 1072 2165 de
1094 2122 1203 2166 eremo
1227 2122 1286 2185 per
1312 2109 1459 2168 nostram
1483 2100 1596 2166 datam
1624 2100 1792 2167 licentiam
1819 2107 2038 2166 retraxerunt.
2074 2100 2198 2165 Dicunt
2224 2100 2339 2182 ctiam,

684 2205 774 2293 quod
796 2205 928 2292 aliquas
943 2205 1053 2288 villas,
1079 2227 1162 2292 quas
1185 2206 1250 2292 ipsi
1265 2205 1509 2291 laboraverant,
1532 2204 1701 2272 laboratas
1727 2203 1793 2290 [ab]
1812 2204 1878 2271 illis
1902 2204 1950 2270 ais
1973 2204 2162 2270 abstractas
2183 2204 2340 2270 habeatis

684 2319 717 2375 et
739 2307 939 2375 beboranias
961 2310 1030 2376 illis
1054 2308 1306 2397 superponatisd
1329 2321 1362 2376 et
1384 2312 1526 2394 salonas,
1550 2311 1606 2397 qui
1627 2332 1687 2397 per
1709 2310 1809 2376 fortia
1832 2330 1932 2395 super
1954 2331 2012 2375 eos
2035 2317 2202 2407 exactaut.
2227 2309 2341 2390 Quam

685 2412 727 2479 ob
750 2436 819 2480 rem
841 2415 996 2480 iussimus
1019 2413 1167 2481 Iohanne
1194 2415 1448 2501 archiepiscopo
1470 2416 1575 2480 misso
1599 2423 1722 2496 nostro,
1753 2421 1790 2479 ut
1813 2412 1856 2478 ad
1880 2412 2038 2479 dilectum
2060 2412 2163 2478 lilium
2185 2420 2340 2479 nostrum
2365 2428 2401 2477 ts

686 2518 869 2585 Lodoioum
893 2542 1004 2606 regem
1026 2521 1153 2586 veniret
1176 2530 1209 2586 et
1230 2520 1316 2586 hanc
1338 2541 1476 2586 causam
1499 2520 1604 2606 siper
1628 2519 1776 2585 ordinem
1791 2519 1958 2600 recitaret,
1982 2527 2015 2583 ct
2030 2517 2260 2584 mandavimus
2276 2516 2339 2599 illi,

684 2632 720 2687 ut
747 2632 896 2711 tempore
924 2632 1087 2711 oportuno
1116 2624 1196 2691 illuc
1224 2626 1359 2691 veniens
1392 2634 1427 2690 et
1454 2633 1535 2689 vos·
1568 2626 1601 2689 in
1630 2624 1702 2690 eius
1730 2625 1931 2710 presentiam
1958 2624 2130 2688 venientes
2158 2622 2340 2689 bordinare

683 2727 796 2810 faciat,
820 2727 985 2813 quomodo
1010 2725 1084 2793 aut‘
1106 2729 1247 2815 qualiter
1269 2730 1334 2814 ipsi
1356 2730 1471 2815 Ispani
1494 2731 1606 2794 vivere
1630 2728 1782 2795 debeant.
1821 2728 2003 2813 Propterea
2024 2725 2085 2791 bas
2112 2725 2239 2792 litteras
2262 2726 2338 2791 fieri

683 2831 888 2919 precepimus
911 2839 1010 2918 atque
1027 2831 1278 2916 demandamus,
1302 2842 1339 2898 ut
1353 2836 1460 2921 neque
1483 2855 1542 2900 vos
1560 2856 1667 2919 neque
1690 2834 1835 2899 iuniores
1851 2834 1952 2899 vestri
1976 2840 2176 2898 memoratos
2191 2832 2338 2919 Ispanos

683 2945 824 3018 nostros,
861 2937 916 3023 qui
939 2937 983 3002 ad
1006 2946 1153 3003 nostram
1175 2937 1333 3003 fiduciam
1355 2937 1396 3003 dc
1419 2938 1554 3026 Iupania
1576 2939 1747 3005 venientes
1770 2961 1830 3024 per
1852 2946 2001 3003 nostram
2029 2937 2142 3001 datam
2165 2936 2339 3001 licentiam
2363 2951 2400 3001 20

683 3062 792 3106 erema
822 3040 896 3106 loca
920 3041 983 3106 sibi
1012 3041 1056 3106 ad
1078 3041 1328 3108 laboricandum
1356 3044 1582 3129 propriserant
1606 3052 1639 3108 at
1666 3041 1836 3109 laboratas
1860 3040 1981 3108 habere
2011 3041 2174 3123 videntur,
2208 3039 2340 3106 nullum

682 3166 818 3211 censum
841 3166 1063 3232 superponere
1085 3147 1282 3232 presumatis
1304 3168 1411 3233 neque
1435 3146 1479 3212 ad
1501 3149 1671 3234 proprium
1693 3147 1803 3213 facere
1819 3146 2028 3234 permittatis,
2053 3144 2270 3232 quoadusque
2285 3144 2338 3210 illi

682 3248 798 3314 fideles
820 3247 916 3314 nobis
946 3259 1004 3314 aut
1025 3248 1103 3315 filiis
1131 3250 1254 3315 nostris
1277 3250 1419 3333 fuerunt,
1455 3251 1543 3337 quod
1565 3273 1624 3339 per
1646 3252 1782 3337 triginta
1805 3272 1910 3317 annos
1939 3249 2145 3316 habuerunt⁸
2166 3271 2225 3336 per
2248 3249 2338 3336 apri-

682 3355 819 3436 sionem,
844 3353 946 3441 quieti
961 3353 1157 3440 possideant
1171 3364 1203 3419 et
1218 3354 1265 3420 illi
1282 3364 1315 3420 et
1332 3357 1510 3442 posteritas
1527 3377 1639 3421 eorum
1655 3364 1689 3421 et
1703 3377 1764 3420 vos
1787 3376 1986 3422 conservare
2002 3353 2161 3420 debeatis.
2185 3354 2229 3418 Et
2245 3354 2340 3440 quic·

682 3457 762 3545 quid
784 3467 901 3523 contra
923 3458 1089 3525 iusticiam
1113 3455 1182 3524 eish
1210 3480 1269 3524 vos
1299 3468 1356 3524 aut
1377 3460 1522 3525 iuniores
1550 3460 1653 3526 vestri
1678 3460 1803 3525 factum
1832 3457 1962 3525 habetis
1985 3467 2043 3523 aut
2066 3458 2093 3522 si
2117 3454 2257 3544 aliquid¹
2284 3459 2338 3522 eis
2363 3474 2400 3523 to

681 3563 802 3630 iniuste
825 3562 1018 3648 abstulistis,
1053 3564 1164 3629 omnia
1186 3565 1221 3629 in
1248 3563 1321 3629 loco
1345 3564 1521 3629 restituere
1548 3564 1691 3648 faciatis,
1726 3564 1823 3629 sicuti
1852 3559 2018 3649 gratiam¹¹
2047 3561 2100 3626 dei
2124 3570 2157 3626 et
2184 3569 2339 3626 nostram

681 3667 780 3733 vultis
796 3666 919 3734 habere
934 3669 1129 3755 propiciam.
1153 3668 1197 3733 Et
1211 3676 1248 3733 ut
1264 3669 1392 3735 cercius
1408 3667 1563 3752 credatis,
1581 3667 1621 3733 de
1638 3668 1737 3734 anulo
1754 3677 1867 3734 nostro
1882 3666 1995 3733 subter
2013 3665 2150 3753 sigillari
2164 3665 2338 3731 iussimus.

786 3822 990 3889 (luidbertus
1014 3825 1173 3890 diaconus
1197 3825 1347 3891 advicem
1370 3824 1590 3891 Ercanbaldi¹
1611 3828 1805 3912 recognovit
1827 3833 1860 3891 et
1883 3824 1977 3909 [SR-l·

785 3961 876 4027 Data
898 3980 952 4027 1111
974 3985 1080 4029 nonas
1103 3962 1246 4051 aprilis¹²¹
1269 3986 1357 4029 anno
1374 3962 1505 4030 Christo
1529 3965 1675 4051 propicio
1699 3965 1825 4052 imperii
1849 3964 1952 4029 nostri
1969 3980 2058 4045 X1111,
2081 3961 2173 4045 regni
2196 3980 2276 4026 vero
2301 3964 2337 4027 in

682 4065 824 4130 Francia
839 4082 915 4129 nun
938 4076 1037 4153 atque
1053 4086 1192 4131 xxxvm
1208 4070 1241 4132 in
1256 4068 1365 4151 Italia,
1388 4068 1567 4134 indictione
1584 4069 1713 4154 quinta,
1736 4076 1847 4133 actum
1863 4068 2065 4155 Aquisgrani
2080 4063 2205 4152 palatio
2221 4066 2336 4151 regio;
2364 4086 2400 4136 3ο

681 4170 715 4234 iu
738 4170 791 4235 dei
813 4170 946 4235 nomine
968 4170 1108 4237 feliciter
1131 4194 1236 4238 amen.

1469 4482 1557 4557 218.

681 4640 776 4711 Kurl
802 4642 866 4712 dar
897 4638 1024 4711 Graece
1051 4640 1208 4730 hestiitipt
1234 4643 1362 4713 seiron
1396 4640 1569 4713 (latrasse
1597 4639 1714 4734 Asip,
1744 4644 1832 4715 osolt
1852 4640 2024 4713 Adolriclt
2048 4641 2234 4731 pelusiacae,
2264 4644 2337 4715 den

680 4786 747 4833 aton
775 4764 895 4833 classes
930 4761 1037 4832 Volet·
1064 4762 1182 4833 Hirtus·
1205 4765 1400 4852 ¹(recordatae,
1429 4762 1512 4834 ebor
1537 4788 1603 4835 stoa
1621 4764 1854 4855 Kiiuiqabotco
1882 4765 2123 4855 eiapcsopeoen
2147 4764 2246 4835 Tlsoil
2273 4766 2338 4837 des

689 4884 831 4956 Wuldra
858 4883 1037 4954 Boebeniu
1065 4884 1116 4955 bei
1144 4884 1435 4957 Habitaturum
1463 4886 1628 4958 armachan
1663 4886 1790 4959 Wcrro
1817 4888 1892 4958 aad
1918 4886 2047 4959 Frsldu.
2363 4912 2399 4961 ss

1939 5025 2058 5084 Aaclten
2081 5028 2144 5086 813
2167 5025 2234 5085 ulai
2257 5030 2287 5086 9.

787 5211 926 5284 Oripinal
947 5229 1005 5271 aas
1028 5210 1134 5272 Gerasi
1156 5214 1199 5270 im
1222 5211 1426 5273 staatsarrtsv
1447 5232 1487 5272 sa
1510 5214 1649 5273 Manstcr
1671 5212 1735 5292 (A).

783 5351 930 5411 Matilica
952 5352 999 5411 Da
1014 5370 1046 5410 rc
1069 5352 1142 5425 dipl.
1160 5354 1224 5413 512
1244 5358 1279 5410 n⁰
1294 5356 1334 5412 64
1356 5354 1433 5411 noch
1448 5352 1604 5427 Abscbrs'ft
1628 5371 1685 5412 aas
1701 5352 1739 5413 A.
1763 5385 1805 5396 -
1829 5354 1955 5414 Schotea
1975 5354 2054 5411 Hist.
2079 5352 2252 5425 Wcstfslioc
2268 5355 2336 5414 648

784 5472 820 5514 ea
841 5456 934 5518 tubal.
962 5456 1045 5515 Corb'.
1071 5455 1133 5529 (A).
1164 5489 1203 5498 -
1236 5456 1364 5515 Leibrsic
1386 5458 1465 5516 Ana.
1490 5463 1521 5529 1,
1557 5461 1618 5519 249
1649 5459 1725 5515 noct
1748 5456 1902 5528 Abscbrift
1931 5474 1987 5517 aas
2011 5456 2049 5517 A.
2079 5492 2121 5502 —
2144 5457 2237 5516 Folle
2261 5456 2335 5517 Ood.

783 5559 860 5618 trad.
883 5557 966 5620 Corb.
989 5564 1054 5620 377
1076 5577 1133 5619 aas
1155 5560 1181 5619 A
1207 5583 1248 5615 =
1270 5562 1483 5636 Forsclmnpcn
1505 5582 1531 5621 s.
1557 5562 1585 5624 d.
1614 5562 1715 5624 Gescb.
1740 5565 1768 5635 6,
1793 5565 1865 5622 578.
1897 5594 1940 5605 -
1977 5561 2058 5636 Orio.
2086 5561 2187 5635 Garis.
2212 5565 2241 5634 4,
2266 5564 2330 5623 411
2358 5579 2395 5628 40

782 5681 839 5723 aas
862 5664 900 5726 A.
929 5696 971 5709 -
1001 5664 1148 5725 Wlmans
1177 5664 1283 5737 Westf.
1306 5666 1424 5739 ΚΒΑ,
1449 5669 1559 5727 6a⁰3
1582 5684 1639 5726 aas
1662 5666 1700 5727 A.
1725 5697 1765 5708 —
1789 5664 2065 5725 scarabeorum
2090 5665 2242 5736 deschl,
2267 5668 2334 5725 196

756 5868 816 5924 217.
836 5870 863 5933 s)
879 5870 1012 5923 ademare
1030 5869 1058 5923 B
1161 5872 1189 5938 b)
1208 5872 1385 5923 Zatsmiliteis
1403 5869 1740 5938 rasootmeapcschra'ebea
1757 5868 1818 5922 arod
1844 5871 1903 5920 crat
1921 5867 2051 5922 darnart
2080 5869 2130 5923 der
2147 5868 2255 5923 astate
2273 5869 2333 5923 Ab·

834 5939 1067 6009 theiluapspaakt
1120 5996 1124 6002 ,
1154 5940 1180 6006 c)
1197 5956 1268 5994 corr.
1288 5956 1341 5993 aaa
1360 5943 1559 6009 suggessesrint
1628 5940 1655 6006 d)
1673 5940 1853 6006 superponitis
1872 5937 1900 5991 Β
1977 5940 2004 6007 a)
2021 5956 2068 5991 vas
2086 5938 2114 5992 Β
2182 5939 2276 6005 stand
2295 5940 2333 6007 B,

835 6008 932 6062 coeam
949 6010 980 6062 Z.
999 6012 1037 6062 25
1124 6010 1152 6076 g)
1170 6011 1303 6062 abuerunt
1319 6008 1347 6063 Β
1365 6012 1418 6063 wic
1436 6009 1467 6063 Z.
1478 6012 1516 6064 27
1533 6010 1613 6061 abere
1699 6010 1727 6076 h)
1745 6010 1784 6060 eis
1803 6010 1938 6059 iusticiam
1957 6008 1984 6061 Β
2070 6008 2091 6075 i)
2107 6008 2206 6077 aliquis
2224 6007 2252 6061 Β

834 6078 1013 6146 k)gratis13
1100 6079 1121 6145 l)
1139 6080 1321 6132 Ersncnbaldi
1340 6078 1367 6132 Β
1454 6080 1491 6147 m)
1509 6081 1609 6130 mensis
1628 6078 1707 6145 aprili
1725 6076 1758 6130 Β.
2356 6082 2393 6132 to
