5642 7159
1045 740 1166 799 uani.
1187 739 1278 799 nun
1299 739 1464 801 GBOSSE
1489 734 1561 801 794.
2067 734 2132 802 355

584 929 666 990 Ottoa
688 928 745 988 ΙΙΙ
765 929 810 990 ule
838 929 962 1003 Vorlopc
983 927 1090 999 dicate,
1114 928 1179 988 oleo
1199 944 1290 1003 popm
1312 927 1399 987 Eudo
1421 927 1471 987 des
1493 931 1545 989 10.
1570 927 1622 988 Jb.
1643 925 1789 1006 qesobcht
1811 928 1923 991 wurdt.
1958 927 2039 988 Kebr
2063 928 2132 1005 (Die
2226 982 2228 988 ,

587 1033 751 1095 Urkaedee
776 1031 842 1094 Otto
865 1033 923 1091 ΙΠ
936 1050 969 1106 p.
993 1030 1070 1110 264)
1093 1034 1202 1092 simma
1223 1032 1278 1093 due
1299 1032 1486 1107 omptkoltrte
1512 1031 1681 1093 Verboltttt'e
1704 1050 1753 1094 ott.

581 1202 614 1253 1n
635 1203 742 1253 nomine
764 1207 856 1253 sancte
879 1207 905 1253 et
927 1200 1065 1252 individue
1087 1203 1223 1252 trinitatis.
1252 1184 1414 1252 'Karolus
1442 1184 1555 1252 divine
1576 1185 1710 1252 favente
1738 1186 1920 1253 clemencia
1941 1210 2002 1253 rex
2025 1188 2131 1255 Fran·

479 1313 593 1358 corum
617 1312 657 1356 ec
690 1292 848 1377 patricius
870 1290 1104 1356 Romanorum.
1209 1288 1245 1355 si
1272 1288 1435 1374 religiosis
1466 1289 1708 1377 presidentibus
1735 1289 1818 1357 locis
1846 1290 1966 1357 divinis
1989 1291 2131 1358 cultibus

440 1418 456 1465 u
479 1396 679 1482 mancipatis
701 1396 855 1461 iuvamen
878 1396 982 1460 nostri
1004 1395 1133 1479 imperii
1157 1393 1341 1478 prebemus,
1376 1392 1454 1459 inde
1477 1401 1601 1480 quanto
1625 1393 1777 1460 humanis
1800 1396 1964 1461 munimur
1985 1395 2130 1479 auxiliis,

478 1509 571 1566 tanto
595 1498 758 1586 prolixius
780 1499 885 1564 iuvari
903 1498 1022 1564 divinis
1045 1498 1178 1563 minime
1193 1496 1386 1562 titubamus.
1410 1512 1544 1575 Quocirca
1558 1530 1574 1561 e
1590 1515 1706 1565 omnium
1731 1508 1845 1565 sancte
1861 1499 1999 1566 ecclesie
2014 1514 2132 1567 fideuum

478 1626 693 1691 nostrorumque
708 1620 871 1684 protensum
884 1617 986 1669 scilicet
997 1631 1029 1667 so
1043 1619 1193 1668 futurorum
1208 1602 1389 1688 comperiat
1404 1602 1614 1686 universitas,
1630 1602 1772 1690 qualiter
1786 1624 1848 1668 nos
1863 1613 1998 1691 propter
2013 1627 2131 1671 nomen

479 1710 602 1776 domini
626 1719 660 1775 et
675 1718 821 1775 eternam
843 1708 1141 1773 remunerationem
1157 1714 1255 1793 atque
1278 1705 1467 1771 interventu
1483 1704 1651 1792 Rodigerii
1674 1705 1781 1772 fidelis
1802 1708 1905 1772 nostri
1928 1710 2132 1795 recepimus·

479 1816 612 1881 Petrum
643 1822 757 1879 sancte
780 1811 1036 1879 concordiensis
1067 1810 1205 1876 ecclesie
1234 1810 1427 1896 episcopum
1452 1809 1512 1875 sub
1540 1811 1644 1875 nostri
1667 1808 1880 1876 defensioueb
1910 1821 1944 1877 et
1972 1814 2132 1879 tutamine

427 1938 460 1986 lo
481 1917 710 1983 mundiburdi⁸
732 1948 792 1982 cum
815 1924 887 1982 tote
909 1931 1062 1997 integritate
1084 1915 1189 2001 ipsius
1205 1914 1429 2000 episcopatus,
1454 1930 1577 1980 oratoriis
1600 1929 1724 1981 domibus
1747 1932 1841 1981 caetris
1863 1932 1935 1982 villis
1954 1948 1970 1981 tt
1993 1935 2076 1984 servis
2100 1926 2133 1983 et

480 2038 585 2090 ancillis
607 2042 634 2088 et
655 2053 672 2085 s
694 2036 817 2087 omnibus
839 2035 920 2087 rebus
942 2034 1088 2085 mobilibus
1110 2038 1137 2085 et
1159 2032 1349 2096 immobilibus,
1379 2048 1431 2099 que
1454 2033 1507 2084 dici
1530 2027 1562 2084 et
1590 2036 1722 2085 nominari
1746 2041 1868 2101 possunt,
1902 2022 1947 2088 sti
1969 2022 2132 2109 prefatum

480 2126 757 2194 Concordieneem
786 2126 1014 2212 episcopatum
1041 2121 1279 2209 pertinentibus
1306 2122 1359 2187 vel
1387 2122 1638 2209 aspicientibus.
1684 2140 1797 2205 Insuper
1824 2158 1840 2191 s
1868 2140 2038 2193 concedimus
2066 2128 2132 2192 iem

480 2233 568 2298 tlicto
592 2232 688 2296 Petro
712 2246 838 2311 episcopo
861 2249 953 2294 uncte
969 2242 1173 2295 concordiensis
1196 2243 1308 2293 ecclesie
1330 2228 1455 2308 eiusque
1477 2245 1678 2295 successoribus
1700 2246 1903 2311 *parrochiam
1926 2261 1986 2297 cum
2009 2248 2133 2299 omnibus

478 2353 604 2418 plebibus
626 2356 654 2402 et
668 2350 889 2401 decimationibus
905 2347 1013 2399 illorum
1030 2347 1158 2410 locorum,
1181 2362 1234 2413 qua
1248 2349 1277 2397 iu
1299 2332 1520 2418 infrascriptis
1543 2346 1706 2399 clauduntur
1720 2348 1819 2401 linibus
1842 2334 1894 2401 vel
1912 2356 2026 2401 eorum
2049 2352 2133 2403 detor-

427 2460 458 2508 lb
480 2457 634 2519 minatione,
650 2455 697 2505 ubi
713 2454 797 2505 oritur
811 2454 911 2503 dumus
925 2453 972 2518 qui
987 2451 1085 2502 dicitur
1100 2452 1297 2503 Taliamentum
1311 2457 1338 2502 et
1354 2451 1449 2503 defluit
1463 2453 1491 2502 iu
1505 2468 1579 2505 mare
1601 2459 1627 2504 et
1643 2437 1751 2503 sicut⁶
1773 2457 1858 2505 oritur
1873 2456 1972 2507 fluvius
1987 2458 2133 2524 Liquentia

481 2567 508 2613 et
522 2561 615 2611 defluit
637 2562 664 2609 in
679 2574 762 2610 mare.
787 2542 959 2607 Donamus
976 2542 1082 2606 eciem
1098 2548 1194 2607 omne⁸
1216 2555 1322 2607 fodrum
1337 2562 1364 2607 et
1387 2556 1525 2608 dacionem
1541 2539 1659 2623 [atqua]r
1679 2561 1814 2626 angariam
1831 2566 1857 2611 et
1879 2575 1983 2613 omnem
1998 2563 2132 2628 publicam

480 2668 644 2717 functionem
666 2647 816 2735 predicto
831 2647 929 2713 Petro
953 2647 1112 2733 episcopo
1135 2663 1244 2727 suisque
1259 2662 1459 2713 successoribus
1481 2679 1498 2712 a
1520 2662 1552 2713 de
1575 2667 1631 2713 toto
1654 2664 1712 2728 ipso
1736 2664 1900 2729 episcopatu,
1923 2671 1954 2716 ut
1976 2666 2066 2717 nullus
2090 2668 2134 2718 det

480 2770 585 2821 fodrum
608 2784 694 2836 neque
717 2768 857 2819 collectam
880 2751 932 2816 vel
955 2750 1102 2838 aliquem
1125 2750 1298 2818 dacionem
1321 2781 1370 2816 nec
1385 2768 1443 2831 ipse
1458 2782 1508 2817 nec
1529 2781 1595 2817 suus
1611 2767 1722 2818 colonus
1744 2783 1794 2819 nec
1811 2767 1895 2833 aliqui
1916 2770 1945 2819 in
1960 2772 2133 2834 pertinenciis

480 2876 565 2941 ipsius
582 2877 752 2941 episcopatus
775 2877 909 2923 morantes
931 2872 974 2922 vel
991 2871 1153 2923 laborantes.
1180 2888 1196 2920 a
1218 2872 1384 2936 Precipimus
1406 2887 1521 2937 quoque,
1544 2877 1575 2922 ut
1595 2872 1687 2923 nullus
1709 2879 1859 2925 nostrorum
1881 2873 2000 2925 fidelium
2023 2878 2133 2929 veniens

426 2983 459 3032 20
481 2987 521 3029 oc
537 2980 690 3047 regrediens
712 2972 769 3029 aui
784 2979 857 3027 missi
880 2976 1058 3028 discurrentes
1074 2977 1103 3026 iu
1124 2979 1184 3041 ipso
1200 2977 1357 3041 episcopatu
1379 2980 1428 3025 aut
1441 2992 1458 3024 a
1482 2977 1539 3027 eius
1562 2979 1734 3041 pertinenciis
1749 2994 1766 3027 tr
1788 2980 2010 3031 mansionaticum
2032 2980 2134 3032 faciant

481 3089 529 3135 aut
551 3084 667 3150 aliquam
690 3082 829 3133 dacionem
852 3082 969 3148 exigant,
1003 3080 1050 3131 sed
1072 3082 1163 3131 omnia
1184 3083 1238 3131 siut
1259 3082 1288 3130 in
1311 3085 1444 3146 potestate
1468 3064 1553 3130 Petri
1578 3075 1692 3131 sancte
1715 3064 1971 3133 concordiensis
1995 3069 2133 3134 ecclesie

481 3190 600 3255 episcopi
622 3185 784 3253 suorumque
807 3200 991 3236 successorum
1013 3189 1040 3236 et
1062 3185 1113 3236 hac
1135 3190 1227 3235 nostra
1248 3201 1265 3233 a
1287 3184 1447 3235 auctoritate
1470 3183 1596 3235 suffultus
1618 3184 1702 3237 libere
1726 3190 1753 3237 et
1774 3202 1867 3237 secure
1889 3186 2014 3253 disponat
2036 3193 2134 3239 cuncta

481 3294 533 3344 sibi
556 3300 577 3343 a
592 3275 688 3342 nobis
704 3291 835 3341 subiecta.
857 3289 1039 3354 Pracipieutes
1062 3290 1152 3355 itaque
1170 3290 1302 3353 iubemus,
1325 3295 1356 3339 ut
1378 3290 1468 3340 nullos
1492 3289 1546 3339 dux
1569 3290 1711 3355 episcopus
1734 3291 1851 3342 marchio
1874 3308 1962 3343 comes
1985 3294 2132 3343 vicecomes

480 3396 646 3448 sculdascius
667 3394 816 3462 gastaldius
838 3395 955 3445 decanus
971 3398 1019 3444 aut
1042 3393 1132 3461 aliqua
1146 3379 1238 3464 regni
1254 3396 1339 3444 nostri
1353 3411 1370 3443 a
1385 3410 1483 3461 magna
1504 3378 1557 3445 vel
1574 3409 1657 3460 parva
1672 3410 1787 3461 persona
1807 3396 1975 3448 iamdictam
1998 3382 2131 3448 Petrum

425 3502 458 3552 26
482 3495 594 3552 sancte
618 3483 871 3551 Concordiensis
887 3482 1026 3549 ecclesie
1041 3500 1196 3563 episcopum
1212 3514 1328 3564 suosque
1344 3514 1512 3550 successores
1534 3500 1682 3565 iuquietare
1699 3499 1742 3551 vel
1764 3500 1905 3551 molestare
1921 3500 2019 3551 audeat
2040 3502 2083 3552 vel
2100 3502 2132 3554 de

479 3593 552 3678 ipso
576 3607 733 3671 episcopatu
756 3604 858 3670 aliquid
880 3620 897 3652 s
919 3604 1065 3669 exquirere,
1094 3603 1142 3654 sed
1164 3620 1181 3651 tt
1203 3604 1260 3668 ipse
1284 3610 1362 3674 sepe
1385 3589 1453 3654 iam
1477 3587 1585 3652 dictus
1609 3588 1787 3674 episcopus
1810 3605 1905 3669 suique
1927 3619 2094 3657 successores
2117 3623 2133 3655 it

481 3710 592 3776 pacifice
614 3716 641 3761 et
662 3712 751 3776 quiete
773 3714 883 3760 teneant
897 3725 914 3757 s
936 3710 1008 3758 omni
1023 3693 1250 3779 inquietudine
1271 3713 1381 3759 remota.
1409 3707 1512 3774 Siquis
1534 3694 1636 3777 igitur
1650 3710 1790 3759 temerario
1814 3701 1903 3759 ausu'
1923 3709 1993 3760 hanc
2015 3716 2132 3762 nostram

481 3816 667 3866 auctoritatem
689 3814 834 3881 infringere
849 3815 1020 3879 temptaverit
1041 3819 1089 3864 aut
1111 3797 1417 3884 eorumquippism
1442 3818 1505 3882 que
1528 3796 1740 3883 prohibemus
1763 3819 1872 3883 agere,
1897 3798 1981 3863 sciet
2004 3822 2039 3865 se
2062 3832 2131 3866 corn-

480 3922 630 3986 positurum
652 3922 711 3970 auri
733 3921 826 3985 optimi
848 3920 931 3970 libras
954 3924 978 3983 c,
1006 3919 1176 3971 medietatem
1198 3935 1214 3967 a
1236 3934 1340 3970 camere
1363 3922 1452 3969 nostre
1475 3934 1491 3966 a
1514 3923 1541 3967 et
1563 3916 1730 3968 medietatem
1753 3900 1948 3967 multociens
1972 3903 2038 3968 iam
2061 3918 2132 3970 dioto

425 4027 460 4077 80
481 4011 580 4077 Petro
603 4031 695 4077 sancte
710 4024 914 4077 concordiensis
937 4024 1049 4075 ecclesia
1072 4023 1198 4088 episcopo
1221 4024 1329 4089 suisque
1351 4022 1559 4072 successoribus.
1587 4004 1686 4086 Quod
1707 4026 1738 4071 ut
1760 4022 1850 4072 vemas
1872 4021 1996 4072 credatur
2018 4016 2051 4072 el
2074 4022 2132 4073 dili-

481 4132 592 4198 gancius
613 4131 648 4181 ab
672 4112 822 4181 omnibus
846 4130 1010 4192 observetur,
1037 4144 1055 4176 a
1077 4126 1158 4193 sigilli
1181 4128 1265 4178 nostri
1293 4109 1512 4196 impressione
1536 4107 1649 4175 subiet·
1677 4111 1805 4193 insigniri
1827 4142 1844 4175 s
1865 4126 1991 4177 iussimus
2013 4142 2030 4175 s
2052 4142 2132 4178 manu

481 4238 591 4302 propria
611 4236 778 4287 roborantes.

586 4360 723 4445 Signum
746 4358 858 4425 domni
880 4356 995 4423 Karoli
1018 4355 1249 4442 gloriosissimi
1272 4353 1369 4441 regis.

584 4477 849 4548 Ercambaldush
863 4478 1081 4544 cancellarius
1098 4476 1249 4544 advicem
1261 4475 1404 4561 Sigmsri
1421 4474 1566 4561 episcopi
1584 4484 1617 4540 et
1628 4474 1912 4542 archicancellarii
1926 4479 2130 4563 recognovit.

427 4618 460 4668 eo
585 4604 675 4669 Data
703 4601 808 4690 pridie
836 4622 941 4667 nonas
969 4600 1082 4686 aprilis
1111 4617 1308 4666 annosxvi
1335 4598 1428 4683 regni
1452 4598 1539 4680 eius3
1574 4606 1686 4663 actum
1708 4597 1961 4665 Franconofurd
1990 4629 2060 4665 anno
2085 4614 2130 4665 uc·

482 4724 580 4775 minica
602 4723 794 4774 iucarnationis
816 4720 944 4788 Dcccll,
967 4719 1114 4771 indictione
1137 4722 1175 4786 V;
1199 4718 1422 4795 feliciteramen.

1269 4943 1357 5018 251.

1220 5082 1399 5164 (coccus.)

482 5214 578 5286 Kcrl
596 5215 659 5286 der
677 5212 806 5285 Groesc
824 5210 982 5301 besuuipt
999 5209 1078 5279 dem
1094 5206 1240 5279 Kloetcr
1256 5206 1313 5278 st.
1338 5207 1828 5281 tricia-deluderem
1846 5209 1902 5280 dia
1920 5231 1985 5280 vota
2003 5209 2132 5281 sciaem

428 5358 462 5406 to
491 5334 598 5406 Vates·
617 5332 751 5425 Pippt'rt
775 5330 971 5424 pestistcteu
992 5329 1181 5417 liciados
1208 5331 1283 5400 ¹aad
1309 5330 1526 5401 verlieltctteu
1560 5329 1744 5402 Verrectrc
1771 5332 1846 5403 oud
1872 5331 2020 5423 vorstipt,
2049 5334 2132 5405 eoos

482 5459 576 5530 aeine
609 5457 776 5528 utronea
808 5457 858 5527 im
885 5452 1019 5526 Arabio
1052 5476 1118 5525 ocu
1145 5451 1196 5523 St.
1224 5450 1369 5523 Mortis
1395 5452 1434 5522 ic
1465 5452 1589 5537 Teura,
1624 5454 1702 5524 dem
1735 5453 1801 5524 doe
1827 5452 1971 5525 Kloster
1994 5453 2130 5544 pabore,

483 5576 700 5669 oufbowoltrt
726 5579 849 5649 werde.

1789 5692 1833 5705 -
1857 5655 1946 5741 [7]94
1968 5661 2087 5722 Maia

562 5832 622 5888 250
640 5833 667 5900 a)
684 5830 918 5899 nosrecepisseB
988 5830 1015 5896 b)
1033 5830 1244 5895 deffensioneR,
1263 5829 1360 5883 cmo
1379 5828 1485 5882 eadm
1503 5828 1634 5883 obttom
1647 5826 1889 5897 Sobrsibutqsttp
1890 5829 2025 5882 arocbisrn
2043 5829 2075 5883 Ζ.
2088 5832 2131 5894 13,

428 5902 462 5951 sb
638 5904 794 5954 funcionem
806 5900 837 5954 Ζ.
850 5904 893 5965 17,
911 5902 1076 5952 discurentes
1089 5900 1121 5953 Ζ.
1134 5902 1180 5962 20,
1198 5916 1368 5952 sucessorem
1382 5899 1414 5952 Z
1427 5900 1475 5963 22,
1493 5900 1531 5953 25
1549 5897 1610 5953 stad
1627 5900 1728 5968 ae,pa
1728 5900 1816 5952 cillica
1833 5899 1864 5952 Ζ.
1877 5900 1917 5953 27
1984 5898 2132 6021 egmundi·

638 5974 717 6040 burgi
734 5970 762 6024 Β
865 5941 922 6033 di'
909 5986 942 6023 stt
966 5970 1016 6024 dtr
1037 5968 1103 6025 Urit.
1124 5936 1203 6024 ott’oo
1221 5969 1276 6023 111
1293 5970 1340 6021 ubi
1445 5969 1472 6035 e)
1489 5984 1594 6021 omnem
1613 5967 1640 6022 B
1743 5969 1898 6038 neroum
1922 5983 1976 6023 utta
2014 5984 2044 6021 er
2066 5967 2132 6022 Urit.

641 6040 720 6096 Ottoa
739 6039 797 6093 111
861 6040 889 6107 g)
906 6041 1050 6092 temerario
1069 6055 1134 6091 suso
1153 6038 1180 6091 Β
1248 6039 1277 6106 b)
1295 6039 1487 6091 Eirambaldus
1505 6038 1540 6092 B.

1926 6143 1977 6191 cb*
