5642 7159
1373 767 1807 828 Kslsnuunuuunuu.

704 1004 707 1015 ·
809 982 811 986 ⁴
863 965 911 1024 die
935 961 1015 1021 Zeile
1045 960 1269 1034 rescierieoeaen
1293 957 1495 1029 Goereetarea,
1530 958 1579 1016 die
1600 957 1646 1016 als
1673 956 1776 1015 dessea
1799 958 1899 1029 cereae
1921 956 2159 1015 Emendatioaea
2181 954 2237 1027 fur
2259 955 2308 1014 die
2330 952 2408 1013 Her-

864 1068 991 1139 sullana
1014 1065 1064 1124 dee
1089 1065 1192 1123 Teates
1226 1064 1340 1122 werilos
1362 1063 1449 1136 siad;
1493 1064 1547 1120 wie
1569 1063 1643 1131 hier,
1677 1078 1710 1120 so
1732 1061 1900 1119 wiederlrolt
1927 1062 1990 1120 siet
2013 1061 2075 1119 dies
2104 1061 2186 1119 duaa
2209 1062 2255 1119 bei
2277 1059 2410 1119 anderen

868 1171 1030 1233 oreades
1051 1169 1096 1246 (κθ
1120 1169 1170 1240 72,
1196 1170 1246 1237 73,
1271 1171 1323 1239 82,
1347 1166 1434 1245 114).
1477 1168 1564 1225 Aaou
1585 1166 1635 1224 die
1655 1166 1806 1237 Rusurea,
1830 1163 1893 1236 auf
1911 1164 2005 1222 deaea
2026 1165 2148 1223 manche
2177 1164 2276 1223 Worte
2297 1163 2409 1239 steten,

862 1285 965 1352 mopere
987 1278 1034 1334 bie
1055 1275 1120 1333 aad
1142 1274 1182 1333 do
1205 1274 1314 1333 diesem
1340 1273 1441 1331 Zweele
1461 1272 1579 1344 pedieat
1601 1273 1704 1342 habea,
1728 1273 1772 1330 sie
1793 1271 1863 1330 stad
1884 1271 2013 1329 soehlieh
2034 1272 2107 1328 otae
2129 1270 2260 1342 Beroea
2286 1270 2358 1327 eber
2380 1284 2410 1323 es

863 1384 973 1442 selant
995 1381 1079 1450 auch,
1104 1378 1174 1438 deas
1196 1379 1249 1447 sie,
1274 1379 1328 1434 wie
1350 1378 1395 1433 oei
1417 1382 1451 1433 a⁰
1466 1378 1516 1446 72,
1541 1379 1714 1448 weaipsteas
1736 1393 1807 1433 eum
1833 1375 1915 1433 Tired
1936 1375 2025 1433 seiron
2046 1391 2097 1432 eor
2119 1374 2171 1431 der
2188 1370 2410 1442 Niederselrrift
2433 1385 2449 1430 5

865 1488 914 1545 des
940 1486 1041 1544 Teates
1074 1501 1133 1553 aar
1164 1480 1309 1553 Gldttuaq
1343 1480 1392 1539 des
1421 1480 1613 1551 Perqameats
1639 1480 1772 1552 pemueht
1799 1478 1930 1537 araeden.
1954 1512 1996 1521 —
2031 1476 2166 1549 Verfuest
2190 1476 2411 1535 manserem

865 1590 1028 1648 Formalor
1052 1586 1118 1663 (aql.
1144 1584 1238 1645 Sieleel
1260 1584 1355 1643 Beitr.
1378 1602 1405 1642 a.
1429 1583 1513 1655 Dipl.
1540 1583 1598 1640 ΠΙ
1616 1581 1734 1640 Wiener
1755 1581 1817 1640 SB.
1843 1580 2006 1660 47,197)‚
2030 1580 2093 1652 fast
2112 1582 2239 1654 yleieber
2261 1580 2412 1640 WortIuat

863 1696 918 1753 mit
934 1693 985 1751 der
1005 1691 1146 1751 Urkaade
1160 1690 1346 1748 Kartmuaas
1363 1687 1419 1760 fetr
1433 1686 1620 1759 Graafeldea
1633 1693 1668 1745 πθ
1683 1688 1733 1748 54.
1750 1686 1814 1746 Der
1825 1686 1922 1745 Nume
1937 1686 1988 1745 des
2000 1686 2251 1759 Reeoqaosceatea
2262 1683 2412 1743 Liudberti

864 1800 903 1857 ist
925 1814 982 1857 aas
1004 1795 1129 1857 Hitherii
1152 1795 1293 1854 verderbt.

866 2007 1010 2072 Karolus
1034 2008 1143 2091 gratia
1166 2006 1238 2069 dei·
1271 2028 1331 2069 rex
1354 2005 1558 2070 Francorum
1591 2007 1641 2069 vir
1663 2004 1788 2069 illuster
1824 2003 1976 2068 omnibus
2005 2002 2158 2069 fidelibus
2186 2006 2308 2069 nostris
2342 2014 2411 2067 tam
2437 2020 2468 2067 ιο

676 2152 679 2159 ·
762 2111 969 2200 presentibus
993 2131 1092 2196 quam
1115 2119 1148 2174 et
1170 2110 1297 2173 futuris.
1405 2104 1588 2189 Quotiens)
1611 2118 1702 2173 recta
1726 2111 1841 2194 petitio
1866 2110 2084 2183 sacerdotum,
2109 2110 2217 2195 quod⁰
2239 2130 2300 2195 pro
2317 2132 2414 2196 opor·

762 2216 958 2284 tunitatibus
982 2213 1086 2280 loeis‘¹
1115 2224 1306 2280 sanctorum
1335 2214 1503 2299 pertinet⁰,
1537 2212 1581 2277 ad
1603 2234 1700 2277 aures
1731 2214 1901 2298 clementie
1928 2224 2039 2298 nostre
2069 2216 2274 2299 processerit,
2309 2212 2411 2278 talem

763 2323 858 2388 decet
880 2344 952 2386 esse
976 2320 1169 2386 obauditam
1193 2319 1244 2384 vel
1268 2319 1398 2384 effectui
1422 2318 1456 2380 in
1480 2317 1532 2381 dei
1556 2318 1686 2381 nomine
1709 2319 1944 2403 mancipatam,
1968 2318 2055 2383 unde
2078 2320 2181 2402 eterni
2205 2317 2413 2382 retributoris

762 2430 894 2492 veniam
916 2447 1099 2490 mereamur
1121 2422 1262 2508 adipisci
1286 2431 1318 2487 et
1341 2418 1407 2486 eis‘
1429 2420 1570 2485 delectet
1594 2442 1652 2506 pro
1677 2420 1857 2486 stabilitate
1880 2424 1972 2505 regni
2001 2423 2107 2487 nostri
2130 2422 2250 2506 iugiter
2270 2442 2413 2486 exorare

762 2530 816 2596 vel
839 2531 873 2594 in
897 2531 984 2595 omni
1006 2538 1099 2614 parte
1123 2549 1201 2612 erga
1224 2536 1372 2590 nostrum
1397 2520 1580 2608 [regnum]⁸
1600 2523 1742 2589 fideliter
1765 2528 1931 2591 assistere.
1955 2527 2060 2611 Igitur
2082 2537 2263 2612 cognoseat
2285 2527 2412 2611 magni·
2438 2541 2467 2589 ιι

762 2634 841 2699 tudo
866 2657 924 2699 seu
946 2632 1070 2698 utilitas
1093 2641 1214 2713 vestra,
1239 2629 1327 2715 quod
1350 2650 1410 2692 nos
1434 2629 1478 2693 ad
1500 2630 1735 2694 monasterium
1760 2629 1847 2715 quod
1871 2630 1991 2696 dicitur
2006 2631 2223 2713 Lauresham,
2247 2630 2335 2715 quod
2361 2640 2413 2707 eat

763 2746 985 2803 constructum
1008 2738 1042 2801 in
1063 2735 1185 2800 honore
1208 2733 1380 2798 beatorum
1404 2732 1631 2817 apostolorum
1658 2734 1743 2798 Petri
1768 2745 1801 2799 et
1823 2733 1917 2798 Pauli
1939 2734 1992 2799 vel
2016 2744 2197 2799 ceterorum
2222 2743 2413 2799 sanctorum

763 2852 795 2907 et
823 2842 880 2907 ubi
903 2843 1072 2927 preciosus
1101 2840 1240 2904 domnus
1264 2846 1297 2902 et
1320 2846 1455 2902 sanctus
1485 2836 1653 2920 preclarus
1683 2848 1810 2924 martyr
1833 2838 1995 2902 Nazarius
2018 2840 2052 2903 in
2074 2860 2212 2923 corpore
2233 2840 2415 2925 requiescit

761 2946 814 3010 vel
838 2947 871 3010 in
894 2947 1013 3009 virtute
1047 2943 1202 3029 fulgescit
1225 2952 1258 3006 et
1285 2939 1486 3005 venerabilis
1518 2941 1569 3004 vir
1596 2939 1835 3006 Gundelandus
1863 2940 1951 3007 abba
1985 2964 2127 3007 unacum
2155 2963 2271 3006 norma
2300 2964 2412 3007 mona·

763 3048 897 3114 chorum
925 3068 1057 3134 preesse
1090 3046 1229 3128 videtur,
1266 3045 1352 3109 infra
1386 3066 1507 3129 pagum
1542 3043 1747 3109 Rhenensem
1783 3066 1881 3129 super
1901 3045 2036 3111 fluvium
2067 3045 2214 3131 Wisgoz,
2249 3046 2468 3132 integramus

763 3153 975 3237 emunitatem
999 3151 1069 3215 eins
1092 3151 1207 3214 merito
1232 3148 1449 3233 compellente
1472 3147 1571 3232 plena
1594 3157 1626 3212 et
1648 3150 1779 3233 integra
1801 3152 1909 3233 gratia
1927 3172 1987 3235 pro
2010 3149 2171 3215 mercedis
2194 3160 2306 3235 nostre
2334 3173 2413 3237 aug-

764 3264 873 3320 mento
896 3254 948 3319 vel
967 3276 1027 3340 pro
1052 3256 1121 3319 eius
1138 3255 1246 3339 quiete
1270 3261 1327 3316 aut
1346 3272 1575 3316 successorum
1599 3251 1728 3316 illorum
1746 3254 1808 3316 visi
1826 3253 1948 3317 fuimus
1964 3255 2178 3320 concessisse.
2205 3254 2415 3340 Quapropter

767 3357 847 3443 [per]
870 3358 933 3423 hoc
955 3367 1146 3443 preceptum
1170 3356 1347 3441 specialius
1371 3355 1577 3421 decernimus
1602 3355 1831 3438 ordinandum,
1866 3356 1955 3442 quod
1977 3359 2010 3421 in
2040 3367 2232 3443 perpetuum
2260 3358 2414 3422 volumus

764 3483 836 3526 esse
859 3482 1059 3543 mansurum,
1093 3470 1129 3524 ut
1150 3482 1257 3545 neque
1280 3481 1339 3523 vos
1362 3482 1469 3545 neque
1499 3460 1641 3524 iuniores
1668 3480 1725 3523 seu
1748 3481 1958 3526 successores
1981 3463 2080 3525 vestri
2108 3482 2170 3526 nec
2193 3461 2350 3546 quislibet
2372 3461 2414 3527 de

762 3566 937 3630 iudiciaria
960 3572 1125 3649 potestate
1152 3564 1321 3629 accinctus
1355 3563 1388 3626 in
1420 3564 1521 3627 curtis
1546 3562 1597 3627 vel
1631 3562 1719 3628 villis
1743 3564 1847 3648 ipsius
1879 3566 2072 3630 monasterii
2105 3575 2164 3630 aut
2189 3564 2329 3650 ecclesie
2353 3588 2412 3649 sue
2435 3583 2468 3631 aa

765 3672 962 3755 aspicientes
985 3670 1019 3733 in
1042 3666 1243 3754 quibuslibet
1265 3668 1360 3752 pagi·
1387 3676 1487 3751 atque
1511 3668 1692 3740 territoriis,
1728 3678 1795 3732 tam
1819 3668 1908 3754 quod
1942 3671 2086 3754 presenti
2109 3679 2257 3755 tempore
2280 3669 2414 3734 videtur

764 3774 933 3860 possidere
957 3772 1009 3837 vel
1032 3773 1202 3837 dominare
1211 3769 1235 3853 ¹¹,
1261 3794 1359 3858 quam
1384 3771 1472 3855 quod
1489 3771 1597 3837 adhue
1620 3795 1663 3837 ex
1678 3794 1812 3837 munere
1835 3795 1949 3857 regum
1966 3795 2026 3838 seu
2048 3774 2236 3859 reginarum
2253 3795 2310 3838 seu
2323 3772 2414 3858 quod

763 3876 837 3963 per¹
859 3877 982 3942 collata
1014 3877 1127 3963 populi
1152 3875 1204 3941 vel
1237 3876 1277 3941 de
1300 3885 1492 3961 comparato
1526 3874 1578 3940 vel
1603 3875 1643 3940 de
1667 3876 1815 3959 quolibet
1845 3874 2018 3942 adtractok
2045 3886 2259 3962 augmentare
2291 3876 2342 3941 vel
2367 3878 2413 3941 in·

763 3981 934 4046 meliorare
959 4002 1017 4045 seu
1039 3980 1212 4045 adtrahere
1236 3982 1413 4065 potuerint,
1438 3979 1480 4044 ad
1496 4000 1617 4044 causes
1632 3979 1833 4045 audiendum
1849 3981 1901 4045 vel
1916 3982 2010 4046 freda
2027 3982 2170 4067 undique
2190 3980 2414 4046 exactandum

764 4107 824 4150 nec
847 4085 1055 4149 fideiussores
1079 4083 1260 4149 tollendum
1284 4104 1344 4147 nec
1368 4085 1555 4148 mansiones
1579 4093 1638 4148 aut
1660 4094 1796 4169 paratas
1812 4085 2002 4150 faciendum
2025 4109 2086 4150 nee
2102 4085 2146 4150 ad
2168 4085 2316 4150 homines
2334 4108 2413 4149 suos
2437 4100 2468 4151 3(

765 4199 831 4253 tam
856 4186 913 4252 adl
935 4189 1095 4271 ingenuos
1119 4209 1216 4273 quam
1240 4197 1273 4251 et
1295 4188 1340 4251 ad
1356 4189 1534 4251 servientes
1552 4208 1611 4251 seu
1633 4187 1796 4253 accolaem
1818 4190 1921 4274 ipsius
1937 4190 2126 4254 monasterii
2151 4188 2414 4273 distringendum

763 4314 823 4357 nec
839 4292 924 4357 ullas
940 4290 1153 4356 redibitiones
1169 4291 1321 4377 publicas
1336 4290 1569 4377 requirendum
1584 4313 1646 4355 nec
1663 4293 1896 4375 exactandum,
1914 4292 2001 4378 quod
2018 4293 2062 4357 ad
2078 4302 2205 4378 partem
2222 4294 2292 4357 fisci
2309 4294 2415 4357 nostri

764 4397 884 4462 exinde
907 4395 1128 4478 reddebiture,
1152 4398 1282 4480 penitus
1305 4394 1497 4480 ingredere⁰
1520 4395 1694 4460 iudiciaria
1709 4406 1858 4481 potestas
1881 4407 1939 4462 aut
1955 4399 2046 4462 missi
2069 4400 2171 4462 nostri
2188 4398 2415 4463 discurrentes

764 4523 829 4565 non
852 4509 1054 4586 presumant,
1090 4501 1174 4564 nisis
1199 4523 1311 4565 omnes
1335 4500 1432 4565 villas
1456 4522 1534 4563 suas
1559 4499 1620 4564 sub
1656 4502 1844 4565 emunitatis
1875 4503 2006 4566 nomine
2028 4524 2103 4567 cum
2134 4501 2287 4566 omnibus
2310 4501 2415 4566 fredis

763 4614 821 4669 aut
837 4607 1025 4670 coniectus*l
1049 4628 1105 4670 seu
1122 4605 1271 4691 publicae
1287 4605 1503 4670 redibitiones
1519 4626 1708 4686 concessas,
1733 4607 1853 4685 omnia,
1871 4609 1956 4669 siout
1971 4606 2122 4689 superius
2138 4606 2414 4690 comprehensum
2438 4620 2468 4669 et

765 4698 824 4789 est,
858 4718 928 4772 tam
951 4709 1022 4793 ipse
1045 4706 1151 4772 abbas
1174 4730 1274 4794 quam
1305 4718 1337 4772 et
1360 4729 1571 4773 successores
1601 4709 1649 4771 sui
1679 4707 1760 4772 hoer
1788 4709 1821 4773 in
1852 4708 1904 4773 dei
1929 4711 2060 4773 nomine
2089 4709 2220 4775 valeant
2242 4710 2417 4794 possidere

764 4812 816 4877 vel
840 4812 1010 4893 dominari,
1035 4822 1071 4876 ut
1092 4813 1203 4878 nullus
1228 4812 1384 4898 quislibet
1406 4813 1447 4878 de
1470 4810 1622 4877 fidelibus
1644 4812 1767 4877 nostris
1790 4822 1858 4876 tam
1882 4814 2090 4897 presentibus
2114 4835 2212 4899 quam
2236 4822 2269 4876 et
2292 4813 2414 4877 futuris

763 4915 837 4996 hoc,
861 4915 950 5001 quod
973 4938 1033 4981 nos
1056 4938 1115 5001 pro
1140 4927 1254 4982 nostra
1277 4917 1428 4982 mercede
1452 4917 1503 4980 vel
1526 4937 1585 5000 pro
1609 4913 1790 4980 stabilitate
1814 4916 1875 4981 deo
1899 4916 2077 4981 adiuvante
2100 4918 2190 5001 regni
2207 4916 2416 4981 Francorum

764 5018 937 5103 adipeam
961 5040 1074 5085 casam
1097 5018 1151 5084 dei
1175 5020 1382 5102 indulsimus,
1406 5019 1473 5084 ullo
1498 5041 1653 5104 umquam
1676 5030 1823 5104 tempore
1857 5019 1909 5083 vel
1934 5019 2248 5105 qualicumquolibet
2281 5021 2415 5103 ingenio

764 5121 944 5207 irrumpere
962 5124 1120 5205 videatur,
1146 5122 1213 5205 sed,
1233 5126 1317 5188 sicut
1334 5125 1484 5209 superius
1500 5125 1717 5204 meminimus,
1742 5126 1863 5187 nostris
1880 5134 1913 5188 et
1930 5125 2049 5188 futuris
2065 5123 2269 5209 temporibus
2286 5125 2415 5210 absque
2438 5136 2468 5187 4(

764 5225 832 5291 ulla
855 5230 1090 5292 contrarietate
1115 5228 1264 5313 partibus
1289 5229 1427 5313 predicti
1451 5230 1640 5293 monasterii
1665 5228 1817 5292 volumus
1841 5229 1872 5291 in
1908 5227 2060 5293 omnibus
2084 5250 2157 5293 esse
2180 5240 2415 5294 conservatum

764 5339 863 5414 atque
887 5329 1058 5396 indultum.
1090 5330 1131 5395 Et
1154 5341 1191 5395 ut
1214 5331 1273 5395 bec
1297 5335 1477 5397 auctoritas
1501 5333 1625 5396 firmior
1647 5330 1809 5397 habeatur
1832 5343 1864 5396 et
1888 5355 1946 5416 per
1969 5341 2118 5416 tempora
2141 5332 2256 5397 melius
2280 5355 2413 5401 conser-

764 5444 867 5507 vetur,
891 5456 991 5499 manu
1007 5437 1141 5521 propria
1159 5435 1271 5501 subter
1287 5436 1490 5502 decrevimus
1506 5436 1663 5502 roborare
1680 5447 1713 5501 et
1728 5437 1769 5501 de
1791 5436 1895 5518 anulo
1906 5446 2019 5502 nostro
2045 5435 2179 5521 sigillari
2197 5440 2413 5523 precepimus.

860 5649 900 5701 57.
921 5651 946 5713 a)
964 5650 1007 5700 dei
1026 5653 1114 5715 gratia
1127 5650 1153 5702 B
1241 5651 1267 5714 b)
1285 5667 1398 5718 quorum
1412 5652 1469 5715 auf
1484 5650 1534 5703 der
1547 5651 1629 5712 Zesle,
1648 5668 1708 5701 cum
1727 5651 1977 5719 uberpeeeare'ebea,
1997 5651 2135 5704 emendirt
2153 5651 2226 5704 asaele
2243 5663 2277 5703 πο
2291 5655 2327 5705 54

918 5720 943 5785 c)
960 5724 1045 5771 uester
1063 5720 1133 5786 quod
1152 5719 1197 5772 eia
1216 5718 1320 5784 Pualet,
1340 5720 1400 5773 also
1418 5720 1516 5790 petitpt
1595 5722 1622 5787 d)
1640 5736 1711 5773 corr.
1731 5721 1761 5772 ia
1780 5722 1898 5772 locorum
2003 5722 2028 5785 e)
2047 5736 2117 5773 corr.
2137 5721 2168 5773 ia
2186 5724 2325 5787 pertinens
2435 5720 2463 5769 45

918 5788 1029 5855 Oeorr.
1049 5788 1080 5840 ia
1098 5805 1144 5841 eos
1248 5790 1276 5855 g)
1293 5794 1408 5857 aquirat
1428 5805 1482 5842 aas
1498 5801 1532 5841 a⁰
1546 5792 1581 5842 54
1689 5790 1717 5853 h)
1735 5791 1899 5841 dominicare
1917 5788 1945 5841 B
2057 5791 2078 5856 i)
2096 5806 2144 5857 pro
2162 5789 2189 5842 B
2292 5791 2323 5857 k)
2341 5807 2412 5845 corr.

918 5858 949 5909 ia
968 5864 1083 5909 attractu
1204 5857 1223 5921 l)
1242 5858 1353 5911 adirier
1372 5858 1433 5911 aad
1459 5859 1532 5911 recob
1561 5858 1621 5910 dem
1645 5858 1896 5926 arietestfolqeadeu
1914 5867 1941 5910 at
1968 5858 2057 5910 derret
2084 5863 2285 5928 arrterpesetete
2304 5860 2415 5913 Herkte

916 5926 1020 5995 petitae,
1040 5925 1126 5979 obwol
1138 5927 1338 5996 ursprrtaplieh
1351 5927 1402 5997 apl.
1414 5938 1447 5980 ιιι
1462 5931 1498 5981 68
1567 5928 1604 5992 m)
1622 5942 1691 5979 corr.
1707 5944 1760 5980 uus
1774 5931 1917 5989 accolatus,
1936 5928 1968 5980 iu
1985 5940 2019 5979 rev
2033 5931 2069 5980 54
2086 5930 2227 5980 accolonos
2298 5930 2328 5995 n)
2341 5946 2413 5984 corr.

917 5996 949 6048 in
961 5998 1096 6049 redibatur
1199 5998 1226 6062 o)
1244 6012 1315 6049 corr.
1328 5998 1360 6050 ia
1377 5999 1483 6063 ingredi
1570 5997 1598 6063 p)
1614 6011 1686 6049 corr.
1705 5997 1736 6049 in
1755 6000 1801 6048 sed
1889 6000 1918 6065 q)
1935 5997 2112 6051 coniectasB
2214 6000 2237 6062 r)
2255 5999 2306 6049 hoc
2323 5998 2414 6052 durch

919 6065 1030 6119 Punlste
1047 6065 1145 6135 petilpt
2435 6066 2466 6115 tu
