5642 7159
1272 755 1694 818 Ksrsssuanunbun.

764 963 826 1005 nar
853 939 894 1005 θ’
921 950 1115 1006 entnonamen.
1144 977 1186 990 -
1214 945 1386 1022 Fdlsclrnnp
1420 947 1493 1006 abac
1526 947 1603 1006 echte
1630 947 1754 1022 7000090
1786 950 1841 1007 mit
1868 947 2049 1024 Bendtaano
2077 948 2131 1008 ἄεν
2161 949 2311 1010 00000νᾶ0

765 1049 909 1124 Lndwips
923 1050 953 1108 d.
968 1049 1023 1109 Fr.
1046 1066 1103 1109 oon
1124 1052 1188 1111 821
1204 1049 1285 1110 Jani
1299 1053 1351 1121 30,
1374 1049 1569 1109 mananseo
1589 1052 1662 1125 Rep.
1680 1053 1743 1112 780
1765 1049 1863 1129 (702),
1889 1050 1944 1124 far
1965 1052 2014 1112 dis
2035 1053 2218 1112 Immnnitdt
2240 1053 2311 1112 ννᾶ

766 1151 1122 1226 Gorroborationsformcl
1144 1152 1272 1233 (Vtar)
1295 1153 1360 1213 ννᾶ
1381 1154 1434 1213 ἄεν
1462 1155 1604 1215 Urlrande
1625 1155 1814 1216 Korlmonns
1835 1174 1891 1216 oon
1921 1156 2141 1230 Wcstfroncien
2162 1175 2218 1218 oon
2240 1161 2306 1218 881

765 1257 846 1317 June·
868 1258 897 1329 5,
920 1257 1099 1332 0100000909
1123 1258 1203 1318 Cart.
1226 1257 1262 1316 ἄε
1284 1258 1330 1320 st.
1352 1257 1479 1318 (london
1504 1262 1554 1330 12,
1578 1259 1803 1333 8000001009.
1826 1260 1931 1321 Korol.
1955 1262 2050 1333 1851,
2075 1260 2130 1334 fttr
2151 1262 2201 1321 die
2225 1261 2307 1321 Zoil-

765 1360 921 1437 000νεί0009
945 1361 1027 1440 (Vll.
1051 1361 1108 1439 11),
1142 1361 1298 1422 Nocbwois
1331 1362 1385 1422 ἄεν
1405 1361 1579 1438 Fdlsclrano
1609 1381 1665 1423 oon
1691 1363 1767 1438 Giry
1790 1363 1810 1426 l.
1833 1381 1857 1424 0.
1879 1367 1945 1426 222
1968 1363 2046 1443 (16).
2092 1365 2170 1425 Kari
2192 1365 2220 1425 ἄ.
2249 1365 2352 1427 Gau

765 1466 841 1525 roird
873 1467 908 1524 in
941 1467 1035 1525 einem
1067 1464 1199 1537 Gediclrt,
1233 1465 1289 1524 das
1316 1465 1365 1524 die
1395 1467 1577 1540 Zerstdrano
1606 1467 1656 1526 des
1686 1468 1936 1542 nrsprdnpiicben
1962 1468 2096 1530 Klosters
2125 1471 2159 1528 in
2190 1469 2310 1530 Glonne

766 1569 824 1648 (St.
847 1570 973 1630 Floreat
1000 1570 1042 1628 dn
1068 1568 1308 1647 iloni-(imae),
1342 1569 1397 1629 dos
1424 1571 1501 1629 noct
1525 1570 1702 1630 mancberlei
1725 1569 1913 1631 Sebickealcn
1933 1571 2022 1631 Mitte
2046 1572 2096 1632 des
2117 1573 2169 1633 10.
2193 1572 2248 1633 Ila.
2274 1574 2310 1631 in

764 1675 899 1734 8000000
919 1691 979 1734 nen
1002 1673 1162 1748 deprendet
1184 1673 1285 1733 roardo
1309 1673 1366 1749 (St.
1388 1675 1515 1734 Floreat
1537 1675 1572 1734 ds
1595 1674 1752 1751 Sanmar),
1776 1675 1870 1734 daret
1891 1676 2038 1737 Noma’noe
2055 1675 2143 1756 (815)
2166 1678 2309 1738 00000001

765 1778 830 1836 aad
852 1778 918 1837 dem
939 1779 1081 1852 Ereiqais
1103 1775 1254 1852 napefdler
1273 1778 1456 1852 pleicbseitip
1479 1780 1528 1850 iet,
1563 1779 1608 1838 ais
1636 1777 1814 1853 [0009001900
1834 1777 1947 1851 Stifter
1972 1778 2098 1854 acfeiat
2129 1780 2216 1858 (Olim
2238 1781 2309 1859 pins

709 1948 713 1956 Ι
766 1899 816 1941 rex
839 1882 961 1942 Karalus
988 1899 1111 1957 magnus
1140 1884 1168 1940 et
1199 1880 1418 1957 potentissimus
1440 1881 1509 1942 iecit
1537 1883 1630 1942 locum
1660 1883 1788 1944 devotius
1818 1902 1870 1961 pro
1893 1883 1968 1944 besti
1997 1884 2159 1946 virtutibus.
2206 1887 2306 1947 Terris
2333 1901 2369 1950 ιο

765 1986 841 2047 datis
863 1986 1050 2047 foecundibus
1072 1985 1152 2045 auxit
1175 1985 1310 2045 honorem
1332 1984 1452 2060 largius,
1476 1985 1520 2047 M.
1541 1984 1578 2046 G.
1594 1987 1702 2045 Poetae
1723 1987 1775 2048 lat.
1791 1990 1823 2058 2,
1846 1989 1910 2047 117
1931 2006 1958 2049 o.
1976 1991 2005 2058 7,
2029 1987 2072 2066 8).
2110 1988 2158 2047 Ine
2181 1994 2232 2050 11.
2249 1991 2308 2053 00.

767 2088 870 2148 warde
893 2089 956 2148 diss
978 2090 1012 2147 in
1032 2090 1107 2148 00εεὶ
1127 2088 1337 2162 8000000900
1358 2089 1458 2147 weiter
1479 2093 1629 2156 00000000
1651 2090 1716 2149 aad
1737 2107 1969 2164 anspesponnen,
2004 2093 2039 2150 in
2060 2093 2142 2151 einer
2166 2091 2231 2166 anf
2248 2094 2310 2154 ἄεν

714 2277 717 2282 ¹
766 2194 884 2254 Nomen
905 2194 999 2253 Karls
1021 2193 1051 2254 d.
1075 2193 1115 2253 K.
1138 2195 1193 2251 mit
1220 2191 1272 2251 der
1293 2191 1449 2266 Datiranp
1472 2196 1534 2255 819
1565 2194 1646 2255 Jnni
1668 2197 1689 2255 8
1724 2195 1799 2275 (eum
1823 2198 1935 2256 constet
1956 2199 2075 2257 eundem
2102 2197 2194 2256 locum
2218 2215 2236 2258 a
2258 2198 2308 2274 pie

769 2296 920 2356 memoriae
942 2295 1047 2356 Karolo
1078 2312 1131 2356 aro
1153 2299 1252 2356 nostro
1279 2296 1417 2370 preclaris
1439 2298 1558 2358 edificiis
1589 2302 1619 2358 et
1640 2299 1771 2376 plurimis
1800 2299 2031 2375 possessionibus
2061 2300 2242 2361 nobilitatum
2268 2305 2307 2362 ob

770 2400 921 2461 innumera
935 2400 1073 2461 miracula
1095 2401 1152 2461 iam
1168 2400 1239 2461 dicti
1254 2402 1348 2462 sancti
1362 2401 1510 2475 Florentii,
1538 2402 1614 2477 Giry
1629 2404 1648 2464 l.
1666 2421 1689 2462 c.
1704 2406 1770 2464 217
1786 2401 1854 2481 (71)
1875 2405 1929 2463 mit
1944 2403 2032 2464 Fors.
2049 2405 2100 2463 0εο
2115 2407 2307 2480 00900ῑί0οε0
2333 2422 2368 2470 15

769 2503 933 2583 0009000000,
956 2504 1086 2564 Beana
1099 2506 1172 2579 1009.
1187 2486 1291 2564 Karai.
1309 2505 1417 2582 1008),
1442 2507 1475 2564 in
1498 2507 1579 2565 einer
1600 2509 1722 2566 metten
1744 2504 1807 2578 anf
1824 2506 1881 2566 ἄεν
1895 2507 2012 2567 Nomen
2035 2507 2172 2568 Jobonas
2190 2508 2316 2571 XVIII

770 2607 1102 2681 0090001000001001
1139 2606 1247 2686 (ipsum
1269 2609 1473 2669 monasterium
1504 2609 1569 2669 olim
1593 2627 1610 2668 a
1633 2610 1738 2669 Karolo
1761 2627 1866 2686 magno
1890 2611 2060 2688 imperatore
2081 2613 2216 2673 nobilitor
2238 2631 2309 2676 con·

767 2713 907 2771 structum
932 2711 1027 2772 inerat
1055 2711 1086 2771 in
1114 2712 1174 2772 loco
1207 2713 1341 2773 vocabulo
1365 2713 1477 2772 Glonna
1586 2716 1614 2772 et
1641 2713 1783 2790 preceptis
1815 2714 2009 2789 imperialibus
2036 2720 2122 2790 atque
2144 2716 2308 2792 privilegiis

769 2834 832 2876 cum
855 2817 1040 2894 amplissimis
1055 2816 1286 2894 possessionibus
1309 2819 1472 2877 roboratum
1489 2820 1574 2893 atque
1596 2817 1717 2878 ditatum
1733 2820 1785 2892 est,
1810 2817 1895 2890 datii
1909 2819 1983 2893 Rea.
1995 2824 2080 2893 pont.
2097 2824 2127 2881 2.
2145 2821 2189 2880 ed.
2206 2825 2307 2900 3941,

768 2921 842 2980 aaa
863 2921 911 2980 die
939 2922 1106 2982 Uncclrtlreit
1133 2921 1209 2997 Giry
1232 2918 1390 2999 241(05).
1419 2921 1524 2982 Ia'essc
1545 2922 1761 2995 0000109000
1782 2924 1837 2981 mit
1859 2923 1972 2997 0000900
1994 2924 2309 2986 Wabrscbeialicblceit
2332 2939 2369 2989 20

768 3023 889 3098 doran
910 3027 1076 3097 selliossen,
1111 3027 1181 3086 dass
1209 3027 1286 3085 0000
1319 3025 1367 3085 die
1388 3025 1561 3100 00000ον09
1590 3024 1655 3098 aas
1677 3026 1734 3084 ἄεν
1760 3026 1878 3086 Nomen
1900 3027 1993 3087 Korde
2016 3027 2044 3087 ἄ.
2072 3027 2126 3089 Gr.
2149 3029 2238 3089 sebon
2264 3031 2311 3088 im

768 3133 819 3188 11.
844 3128 897 3191 00.
920 3129 1090 3189 verbanden
1118 3148 1182 3189 war
1208 3129 1278 3189 oder
1299 3131 1355 3188 nn't
1382 3128 1440 3187 ἄεν
1461 3129 1593 3188 anderen
1614 3129 1823 3204 Fdlsclrnnpen
1859 3131 2007 3204 eatstand,
2042 3149 2074 3192 so
2101 3135 2213 3207 spricbt
2235 3133 2311 3194 decb

767 3233 905 3308 ἄν909ον,
940 3234 1010 3294 dass
1033 3234 1159 3294 dissolbe
1187 3234 1245 3293 den
1273 3231 1451 3305 Vcrfassern
1479 3232 1532 3292 ἄεν
1554 3235 1634 3295 Hiet.
1657 3251 1682 3294 s.
1705 3235 1855 3294 Florentii
1879 3252 1970 3310 9ε9εν
1993 3235 2080 3296 10νᾶ0
2104 3237 2153 3298 des
2176 3238 2228 3300 12.
2252 3238 2309 3299 Ile.

767 3341 846 3398 trote
867 3338 917 3399 des
933 3337 1105 3411 Antionpes
1128 3339 1207 3397 ibrcs
1229 3338 1382 3397 Bertcbtes
1404 3354 1445 3396 an
1468 3338 1516 3396 die
1538 3337 1640 3397 beiden
1663 3338 1795 3397 anderen
1810 3339 2020 3414 Fdlsclennpen
2040 3342 2113 3400 νο00
2136 3341 2311 3402 unbekannt

769 3459 834 3501 war
860 3443 915 3517 (De
937 3443 996 3502 situ
1018 3446 1113 3502 autem
1136 3445 1165 3502 et
1186 3441 1391 3502 constitutione
1417 3442 1471 3501 loci
1495 3441 1581 3502 buius
1609 3441 1693 3502 nobis
1716 3441 1789 3503 foret
1811 3443 1970 3517 dicendum,
2000 3442 2026 3504 si
2047 3445 2170 3505 10001000
2193 3445 2306 3520 ingenii
2331 3460 2367 3510 25

768 3546 811 3605 rel
835 3564 929 3606 rerum
951 3546 1087 3607 memoria
1109 3546 1304 3623 suppeditaret
1327 3547 1363 3607 ed
1385 3546 1576 3606 scribendum.
1616 3547 1718 3607 Fertur
1740 3547 1845 3623 quippe
1866 3547 1945 3607 istud
1969 3549 2134 3609 coenobium
2157 3566 2174 3608 a
2198 3549 2308 3610 Karolo

771 3667 876 3726 magno
898 3651 1070 3727 imperatore
1093 3652 1233 3711 columnis
1255 3651 1421 3711 marmoreis
1441 3652 1507 3711 olim
1530 3651 1620 3711 nobili
1642 3654 1789 3710 structura
1810 3651 1991 3726 fabricatum,
2016 3653 2125 3729 prediis
2147 3653 2310 3715 innumeris

769 3754 955 3831 pluribusque
977 3755 1104 3815 donariis
1127 3755 1317 3829 nobilitatum,
1341 3754 1570 3830 010000090901
1593 3755 1716 3814 Mobilis
1741 3755 1847 3815 Olenon.
1871 3755 1921 3815 des
1945 3753 2048 3830 090000
2071 3755 2202 3830 d'Anjoa
2216 3757 2308 3834 220),

768 3860 843 3919 νο00
864 3860 947 3918 metr
968 3862 1048 3940 aber,
1071 3860 1141 3919 dass
1164 3860 1212 3919 die
1234 3860 1337 3919 beiden
1358 3859 1490 3919 anderen
1512 3859 1731 3934 Fdlsclennqen
1756 3860 1810 3917 wie
1832 3859 1921 3918 sebon
1943 3860 1977 3918 in
1999 3859 2055 3918 ἄεν
2077 3859 2192 3919 dltoren
2216 3859 2309 3920 Clear-

767 3962 897 4033 taiaren,
920 3964 996 4022 0000
1018 3965 1052 4021 ia
1068 3957 1106 4023 0²
1128 3965 1170 4021 im
1192 3963 1442 4037 arspronplteaen
1456 3963 1590 4023 Bestond
1612 3965 1798 4040 0009000900
1818 3963 1897 4033 sind,
1920 3965 2033 4024 n⁰298
2048 3963 2153 4036 jedocb
2175 3966 2234 4023 ersi
2251 3981 2310 4023 oon
2333 3982 2369 4033 30

769 4071 904 4140 spdterer
925 4067 1018 4126 Hand
1045 4067 1259 4142 nacloetrapen
1282 4070 1331 4130 ist.
1376 4067 1451 4127 Dies
1479 4069 1561 4127 societ
1587 4068 1641 4125 mit
1669 4066 1838 4125 aiemlicber
1859 4066 2078 4125 Bostimmtbeit
2106 4065 2228 4138 ἄενενεΐ
2244 4068 2310 4140 bia,

769 4171 839 4231 dass
860 4173 972 4233 ν1298
988 4175 1047 4231 erst
1070 4173 1112 4230 ion
1134 4175 1186 4232 13.
1203 4171 1266 4242 Ila,
1291 4171 1347 4230 roal
1360 4189 1412 4230 am
1436 4171 1484 4230 die
1498 4171 1586 4230 Mitte
1608 4171 1755 4230 desselben
1776 4173 1811 4230 in
1832 4170 1899 4229 ἄενν
1915 4169 2009 4231 Strcit
2031 4172 2086 4229 met
2101 4170 2168 4230 ἄενν
2183 4171 2317 4244 Bisaltas

768 4293 825 4336 oon
846 4275 973 4347 0109000,
1008 4274 1089 4338 Hiet.
1111 4293 1136 4335 s.
1160 4276 1312 4336 Florentii
1334 4277 1353 4336 l.
1377 4294 1400 4337 0.
1424 4280 1498 4348 319,
1534 4275 1712 4350 0090000090
1734 4276 1836 4336 roardo
1862 4277 1917 4351 090.
1941 4276 2018 4335 0000
2043 4275 2120 4351 earo
2140 4280 2205 4338 243
2229 4277 2310 4355 (07),

770 4379 824 4439 ἄεν
845 4377 961 4451 facilen,
981 4384 1023 4455 9.
1038 4382 1104 4440 232
1127 4377 1205 4458 (60),
1235 4386 1269 4439 n⁰
1282 4383 1348 4441 298
1369 4382 1446 4439 nacla
1468 4381 1533 4439 dem
1555 4381 1613 4441 Stil
1635 4379 1798 4454 ,nnoosdlrr
1819 4381 1867 4439 ins
1890 4384 1941 4440 11.
1965 4379 2030 4438 Ile‘
2053 4383 2135 4440 sciat.
2164 4381 2227 4439 Ilia
2249 4382 2311 4440 Abi

770 4485 909 4546 Albaldns
931 4486 987 4544 anit
1009 4484 1062 4543 ἄεν
1081 4485 1222 4544 Variante
1237 4485 1377 4545 Amulius
1400 4489 1526 4561 tempore
1542 4484 1636 4546 Caroli
1651 4484 1751 4560 Magni
1774 4485 1850 4544 wind
1864 4502 1926 4543 aar
1946 4485 1981 4543 in
1996 4486 2090 4544 eincm
2110 4483 2307 4560 Abtslrataloa
2331 4500 2367 4548 00

768 4589 818 4649 des
834 4590 886 4651 11.
903 4588 956 4650 Jb.
979 4589 1044 4648 aad
1066 4591 1100 4648 in
1113 4588 1255 4649 Annaien
1276 4589 1328 4649 des
1350 4593 1401 4649 13.
1419 4588 1472 4649 Ile.
1493 4592 1634 4663 aenanat,
1658 4589 1840 4662 0100000909
1863 4592 1889 4648 et
1910 4588 2035 4648 Mobilis
2057 4588 2076 4650 l.
2092 4607 2115 4648 c.
2136 4591 2209 4660 183,
2233 4593 2310 4652 197.

777 4693 848 4752 Wos
870 4693 944 4752 tiber
965 4692 1022 4751 ἄεν
1044 4692 1073 4750 0.
1089 4692 1262 4752 Florentius
1286 4693 1398 4753 oradlelt
1421 4692 1506 4765 wind,
1530 4695 1569 4752 ist
1585 4692 1765 4767 Erfiadnnp,
1788 4693 1931 4752 vielleialet
1951 4696 2074 4753 stanno
2096 4708 2133 4764 es,
2159 4695 2212 4752 soie
2231 4691 2310 4768 Giry

770 4799 927 4868 annimmt,
950 4814 1008 4857 aas
1030 4798 1112 4857 einer
1132 4797 1300 4857 acrioronea
1328 4798 1397 4857 Vita
1420 4797 1470 4857 des
1492 4795 1641 4871 01εὲ0900.

768 4968 808 5033 10
831 4969 963 5033 nomine
986 4976 1101 5033 sancte
1125 4975 1158 5032 et
1180 4967 1348 5033 individue
1371 4969 1540 5036 trinitatis.
1562 4967 1707 5034 Karalus
1732 4966 1783 5032 dei
1806 4968 1915 5052 gnatia
1930 4966 2113 5052 imperator
2134 4973 2308 5051 augustus.

770 5071 854 5139 Cum
882 5072 1034 5138 omnibns
1057 5073 1125 5138 lere
1153 5095 1212 5159 per
1236 5072 1349 5138 orbem
1375 5074 1529 5142 fidelibus
1552 5072 1616 5138 hoc
1642 5075 1749 5162 inesse
1778 5094 1837 5157 pro
1867 5080 1944 5137 voto
1973 5072 2135 5154 videatur,
2170 5081 2207 5137 ut
2228 5093 2307 5158 qno·
2333 5091 2369 5139 so

666 5177 816 5244 rumdam
840 5186 1030 5242 sanctorum
1053 5177 1238 5261 patrocinia
1261 5177 1418 5245 devocius
1441 5201 1481 5245 ac
1503 5178 1699 5245 familiarius
1716 5176 1898 5262 efflagitent
1906 5187 1930 5260 ⁸,
1953 5187 2151 5243 nontamen
2173 5176 2309 5261 faciunt,

667 5291 704 5347 ut
726 5281 865 5347 aliorum
888 5281 1005 5346 merita
1029 5277 1239 5345 discernantb
1262 5291 1295 5347 et
1317 5283 1532 5367 preindicent,
1557 5281 1616 5347 sed
1639 5282 1716 5368 quie
1739 5303 1799 5367 per
1822 5282 1990 5367 signorum
2007 5281 2226 5346 ostensionem
2251 5301 2310 5344 sen

667 5385 900 5451 miraculorum
932 5385 1149 5470 frequentiam
1172 5384 1217 5450 ad
1244 5406 1357 5451 corum
1380 5386 1624 5451 venerationem
1651 5387 1814 5460 humanus
1842 5383 1973 5449 facilius
2002 5383 2142 5450 trahitur
2169 5383 2308 5449 animus.

666 5491 736 5556 Nos
760 5492 814 5576 qui
837 5489 942 5556 isdem
964 5488 1106 5555 humane
1128 5497 1244 5554 nature
1273 5499 1421 5555 tenemur
1443 5489 1583 5575 legibus,
1617 5490 1747 5554 nonnisi
1770 5488 1846 5554 {idei
1876 5486 2056 5554 christiane
2079 5489 2151 5553 iure
2179 5509 2309 5553 servare

668 5594 840 5678 debemus;
879 5603 912 5660 et
935 5595 1090 5681 quoniam
1120 5616 1229 5658 rerum
1252 5595 1395 5659 omnium
1426 5594 1620 5676 ordinatrix,
1656 5592 1708 5658 dei
1733 5592 1860 5657 scilicet
1887 5591 2105 5677 providentia,
2135 5590 2242 5674 nobis,
2274 5600 2311 5656 ut
2333 5609 2368 5657 40

667 5699 844 5782 credimus,
880 5720 1040 5764 summam
1064 5698 1230 5763 commisit
1251 5699 1391 5783 imperii,
1428 5701 1514 5763 sient
1535 5699 1620 5762 inter
1647 5695 1732 5761 alios
1756 5696 1798 5763 ob
1829 5697 1952 5782 regiam
1976 5696 2170 5783 dignitatem
2200 5694 2309 5761 excel-

667 5803 827 5868 lenciores
851 5826 923 5869 esse
946 5803 1105 5877 videmur,
1131 5805 1180 5867 sic
1204 5825 1278 5867 cum
1302 5804 1389 5868 omni
1414 5802 1584 5889 diligentia
1606 5801 1695 5866 circa
1711 5800 1914 5866 venerabilia
1937 5808 2126 5866 sanctorum
2147 5800 2220 5865 loca
2235 5821 2308 5885 pro·

668 5908 794 5973 visores
810 5930 882 5973 esse
898 5906 1067 5990 debemus,
1090 5915 1127 5972 ut
1142 5904 1264 5972 Christi
1287 5908 1431 5973 ecclesia
1445 5906 1597 5971 iniuriam
1613 5905 1737 5971 nullam
1752 5906 1924 5984 sustineat,
1948 5913 1984 5968 ut
1999 5902 2159 5969 bonorum
2175 5901 2307 5967 devotio

745 6061 805 6119 298.
824 6063 850 6131 a)
868 6064 1021 6130 efflagitant
1041 6062 1075 6117 (2²
1111 6099 1116 6111 ι
1144 6065 1171 6132 b)
1188 6065 1341 6117 discernent
1359 6061 1395 6117 0²
