5642 7159
1290 783 1736 847 Kntsussuuxurtuurt.

786 988 821 1041 ss⁰
835 984 899 1042 196
914 997 969 1039 sar
983 979 1124 1057 ‚suriest
1155 979 1225 1039 Woe
1240 980 1305 1037 hier
1324 980 1427 1051 pesum
1442 976 1528 1047 wird,
1552 975 1622 1035 does
1646 974 1694 1034 ds's
1712 973 1817 1045 (letter,
1841 972 1945 1032 welche
1965 974 2093 1032 aumciet
2115 972 2172 1032 ἄενι
2188 970 2342 1031 Monesen

786 1085 969 1161 sapewicscn
991 1100 1100 1155 waren,
1135 1084 1168 1141 ia
1195 1081 1312 1156 (desolor
1332 1080 1461 1141 standart
1494 1077 1672 1151 entfremdct
1693 1096 1734 1137 su
1757 1077 1884 1149 εεενᾶενι,
1918 1076 1995 1136 wird
2018 1075 2073 1149 far
2094 1076 2235 1137 Ιιεᾶεναιε
2264 1074 2342 1133 noct

788 1189 882 1248 daret
909 1187 964 1247 das
994 1186 1150 1248 sorerem
1178 1185 1231 1245 ἄεν
1257 1185 1374 1261 synode
1401 1201 1458 1243 oon
1490 1183 1626 1243 Verteris
1652 1199 1709 1241 oon
1738 1183 1811 1252 853,
1845 1180 1890 1241 Μ.
1916 1178 1953 1240 G.
1979 1178 2171 1254 dapsraurta
2200 1182 2229 1251 2,
2261 1178 2339 1249 422,

788 1294 933 1366 bestdts'pt,
957 1308 988 1352 es
1009 1294 1050 1351 ist
1072 1291 1149 1349 ouols
1171 1289 1220 1349 dic
1242 1290 1419 1363 Erttdrsmp
1442 1287 1568 1361 fstrdic
1590 1292 1663 1347 etwo
1685 1304 1739 1347 um
1761 1287 1841 1346 diosc
1859 1286 1925 1345 Zeit
1948 1286 2140 1346 satstoodcac
2162 1284 2342 1359 Fdlsclsanp

788 1405 823 1458 ss⁰
836 1400 911 1459 238.
956 1397 1016 1457 Dis
1045 1395 1189 1457 ΠνῙνιενιᾶε
1211 1395 1303 1454 Karls
1326 1395 1355 1452 ἄ.
1378 1394 1419 1454 K.
1443 1393 1520 1453 wird
1547 1394 1581 1452 iss
1609 1394 1704 1452 sinam
1726 1391 1851 1465 Diptom
1872 1390 1966 1451 Korls
1993 1391 2044 1450 deo
2066 1388 2260 1464 Etnfdlts'psss
2282 1406 2342 1448 coss
2364 1402 2381 1450 o

788 1505 852 1563 903
875 1499 957 1561 Just
979 1502 1009 1571 5,
1042 1500 1172 1558 Bolsmer
1193 1499 1267 1573 Rey.
1291 1499 1397 1559 Korol.
1423 1498 1510 1558 1922
1531 1496 1619 1576 (acob
1642 1494 1758 1567 Turdis
1777 1498 1838 1555 141
1861 1501 1897 1553 νεο
1909 1498 1976 1555 222
2001 1490 2161 1571 Oripiaol),
2184 1494 2341 1552 irritarem

787 1611 941 1681 prosecrcss
972 1602 1124 1665 Worttaat
1154 1601 1333 1674 wicdcrlsolt,
1368 1603 1440 1661 coer
1462 1601 1510 1659 ἄιέ
1532 1599 1653 1674 Areopa
1674 1599 1773 1659 dieser
1795 1597 1995 1672 Bestttr'punp
2022 1600 2062 1657 ist
2088 1596 2141 1656 ἄεν
2162 1596 2341 1670 Fdlsclsssno

787 1711 900 1770 ss⁰238
923 1711 1119 1766 cntnommers.
1150 1706 1214 1766 Eia
1238 1706 1321 1765 nteit
1343 1706 1397 1764 ἄεν
1419 1706 1483 1763 tier
1502 1707 1673 1777 pensantes
1694 1704 1987 1777 Besitsanpsntrr'tt
2010 1702 2254 1761 austerberto
2284 1701 2342 1761 Ur·

788 1812 909 1872 Ιειενιᾶενι
931 1811 1026 1871 Karts
1049 1811 1078 1871 ἄ.
1107 1810 1161 1871 Gr.
1184 1808 1247 1881 aas
1267 1808 1679 1888 (Falradooitlore-cheruss
1700 1810 1734 1867 εἰν
1755 1813 1790 1866 νιο
1804 1810 1846 1868 81
1868 1807 1924 1882 opt.
1948 1806 1997 1866 dic
2019 1806 2191 1879 thschunp
2212 1811 2248 1864 νιο
2263 1807 2340 1877 233,

790 1917 918 1979 Solonas
940 1917 974 1975 iss
995 1921 1030 1973 νεο
1044 1916 1117 1987 107,
1142 1916 1216 1984 118,
1240 1914 1495 1987 Ηενᾶνεεᾶέίνιεενι
1515 1914 1549 1971 εἰν
1569 1918 1605 1970 a⁰
1619 1910 1684 1990 83).
2367 1922 2400 1970 to

790 2126 848 2200 (0.)
870 2122 884 2207 ξ
907 2118 1049 2186 Carolus
1071 2120 1179 2206 gratia
1202 2119 1255 2185 dei
1277 2141 1337 2185 rex
1360 2118 1567 2184 Francorum
1590 2125 1624 2182 et
1645 2115 1944 2204 Longabardorum
1972 2138 2011 2180 ao
2034 2116 2192 2203 patricius
2215 2116 2341 2181 Roma·

686 2248 803 2293 norum
826 2226 876 2290 vir
905 2223 1053 2291 inluster.
1160 2223 1195 2289 si
1224 2222 1438 2309 petitionibus
1463 2243 1631 2287 servorum
1661 2222 1714 2287 dei
1738 2229 1771 2287 et
1798 2219 1998 2286 utilitatibus
2022 2220 2237 2286 ecclesiarum
2262 2240 2342 2284 con-

688 2330 827 2396 sulimus
856 2337 890 2395 et
918 2328 981 2394 hoc
1011 2328 1055 2394 ad
1083 2328 1234 2393 effectum
1264 2328 1485 2418 perducimus,
1519 2325 1752 2392 retributorem
1781 2324 1901 2390 exinde
1931 2324 2097 2390 dominum
2124 2322 2138 2407 Ξ
2163 2324 2198 2388 in
2225 2322 2341 2387 futuro

688 2432 810 2499 habere
833 2432 1040 2497 confidimus.
1069 2432 1175 2515 Igitur
1197 2441 1377 2517 cognoscat
1399 2431 1526 2495 utilitas
1550 2452 1609 2496 seu
1632 2430 1801 2515 sagacitas
1825 2430 1968 2495 omnium
1983 2429 2129 2495 fidelium
2151 2436 2342 2493 nostrorum

688 2546 756 2603 tam
780 2536 1004 2624 praesentium
1034 2555 1131 2622 quam
1155 2543 1189 2600 et
1215 2536 1409 2618 futurorum,
1446 2535 1524 2621 quia
1545 2533 1654 2600 fidelis
1684 2544 1718 2599 et
1740 2532 1937 2599 venerabilis
1965 2531 2071 2599 abbas
2093 2540 2207 2597 noster
2229 2530 2341 2596 Folle·
2369 2548 2399 2596 ιε

688 2643 791 2708 radus
815 2640 855 2707 de
877 2639 1017 2705 basilica
1039 2640 1217 2726 peculiaris
1241 2640 1395 2725 patroni·
1417 2640 1519 2704 nostri
1543 2639 1656 2704 domni
1679 2638 1821 2704 Dionisii
1845 2639 2002 2723 martyris
2026 2637 2246 2702 etsociorum
2269 2636 2343 2701 eius

688 2745 818 2811 Rustici
841 2754 874 2809 et
894 2742 1078 2809 Eleutherii
1103 2744 1247 2809 accessit
1270 2743 1313 2808 ad
1336 2743 1545 2809 clementiam
1568 2751 1717 2809 nostram
1741 2740 1945 2828 deprecansb
1971 2752 2004 2807 et
2026 2750 2152 2827 petens,
2186 2748 2223 2805 ut
2246 2762 2344 2826 prae-

689 2858 821 2936 ceptum
850 2848 1059 2915 auctoritatis
1082 2856 1116 2913 et
1143 2848 1401 2915 confirmationis
1431 2858 1566 2914 nostrae
1590 2849 1620 2914 ci
1649 2847 1734 2913 tale⁶
1763 2848 1832 2913 fieri
1862 2856 1896 2912 et
1924 2846 2092 2911 adfirmari
2120 2867 2162 2910 ex
2186 2844 2344 2911 omnibus

690 2953 790 3021 rebus
824 2955 891 3019 suis
914 2953 1135 3039 dignaremur,
1171 2952 1312 3038 qualiter
1340 2952 1660 3038 praedictajsanota
1686 2951 1827 3017 basilica
1856 2949 2122 3037 supradictorum
2156 2958 2343 3034 martyrum

690 3058 832 3124 Dionisii
860 3065 894 3123 et
923 3057 1087 3123 sociorum
1116 3057 1185 3122 eius
1215 3053 1397 3142 perhennil
1432 3064 1580 3142 tempore
1609 3057 1642 3121 in
1671 3067 1787 3121 nostra
1820 3063 1854 3121 et
1883 3077 1944 3120 sua
1972 3053 2150 3120 elemosina
2178 3063 2345 3140 perpetua
2366 3070 2401 3118 ‘so

691 3161 921 3228 observatione
944 3164 1035 3247 ipsas
1057 3184 1110 3227 res
1134 3170 1244 3226 tenere
1273 3169 1306 3226 et
1328 3159 1500 3246 possidere
1524 3160 1678 3244 debeant,
1716 3161 1803 3225 sicut
1824 3161 1858 3225 in
1882 3158 2024 3245 puletis⁰
2053 3170 2086 3225 et
2113 3160 2212 3225 cartis
2236 3161 2346 3245 ipsius

690 3267 856 3333 Folleradi
878 3266 1008 3353 plenius
1032 3266 1234 3353 descriptum
1257 3263 1408 3349 habetur,
1433 3264 1588 3331 videlicet
1611 3267 1644 3329 in
1667 3285 1753 3351 pago
1778 3261 1975 3331 Alsacinse‘
1995 3263 2111 3329 cellam
2136 3265 2242 3329 sancti
2267 3262 2346 3329 Ale-

690 3370 821 3453 xandri,
845 3369 902 3436 ubi
925 3371 997 3457 ipse
1020 3390 1157 3457 corpore
1180 3369 1368 3456 requiescit,
1393 3391 1467 3435 cum
1494 3368 1645 3435 omnibus
1669 3370 1876 3457 appendiciis
1900 3378 1933 3435 et
1955 3369 2240 3455 pertinentiam,
2265 3389 2346 3433 cum

689 3473 788 3542 rebus
815 3484 849 3541 et
870 3475 1044 3560 mancipiis
1073 3474 1243 3558 utriusque
1267 3495 1367 3539 sexus
1396 3472 1450 3538 vel
1472 3471 1529 3537 ubi
1560 3483 1593 3538 et
1616 3472 1672 3538 ubi
1699 3472 1969 3546 consistentibus,
2004 3492 2154 3537 necnon
2183 3478 2216 3536 ct
2240 3469 2346 3535 aliam

656 3578 832 3644 Icellam¹
859 3600 943 3664 quae
967 3578 1088 3643 dicitur
1110 3572 1249 3643 Salonas¹²
1277 3577 1312 3640 in
1334 3598 1421 3663 pago
1446 3574 1607 3643 Soluense
1637 3599 1711 3643 cum
1734 3570 1887 3643 omnibus
1915 3575 2014 3643 rebus
2038 3584 2071 3641 et
2098 3575 2274 3661 mancipiis
2298 3574 2346 3639 ad
2369 3591 2403 3638 ao

690 3705 726 3748 se
755 3681 994 3768 pertinentibus
1022 3702 1096 3747 cum
1119 3696 1250 3746 Blishario
1272 3695 1340 3745 villa
1370 3701 1469 3765 super
1490 3681 1625 3747 fluvium
1649 3680 1755 3747 Saroa
1778 3689 1811 3746 et
1832 3680 1932 3746 Blesa
1961 3704 2037 3746 cum
2065 3678 2163 3746 rebus
2193 3688 2227 3744 et
2248 3700 2343 3743 man-

641 3803 668 3852 11
690 3788 785 3874 cipiis
813 3786 870 3852 ubi
893 3795 925 3852 et
954 3785 1010 3852 ubi
1040 3782 1327 3851 commanentibus
1356 3792 1389 3849 et
1417 3784 1657 3870 pertinentibus
1686 3785 1738 3850 vel
1767 3800 1894 3866 quicquid
1923 3786 1957 3848 in
1985 3782 2084 3871 ipsis¹
2110 3784 2204 3870 pagis
2229 3792 2345 3848 tenere

691 3900 724 3958 et
746 3889 916 3977 possidere
937 3888 1069 3955 videtur
1092 3920 1125 3955 ex
1148 3885 1314 3955 ἄοιιιιιίοιιει
1335 3897 1450 3954 nostra
1473 3897 1506 3953 et
1527 3904 1641 3955 aliorum
1664 3920 1756 3971 regum
1778 3886 1848 3953 vel¹
1869 3905 2000 3955 bonorum
2015 3904 2167 3968 homiuum
2191 3886 2348 3952 similiter

657 3997 727 4061 lin
756 3994 879 4060 ducatu
901 4002 1105 4060 Alamannieum
1134 4009 1228 4060 cellam
1250 4023 1320 4075 quae
1349 4001 1488 4063 vocatur
1511 4009 1715 4075 Hairbertingas
1742 4016 1818 4059 cum
1846 3991 1945 4058 rebus
1974 4003 2006 4057 et
2035 3993 2208 4079 mancipiis
2232 3991 2277 4057 ad
2308 4014 2347 4057 se

690 4097 928 4185 pertinentibus
952 4105 985 4162 et
1013 4097 1111 4162 aliam
1135 4096 1252 4163 cellam
1281 4097 1412 4162 nomine
1437 4096 1605 4182 Ezilingas
1630 4107 1663 4162 et
1684 4112 1921 4179 adalungoeellam
1949 4096 2097 4163 similiter
2120 4108 2152 4161 et
2175 4111 2347 4163 osmundus
2369 4112 2407 4163 to

692 4224 767 4267 cum
796 4200 952 4287 quicquid
974 4199 1019 4266 ad
1047 4202 1137 4287 ipsas
1161 4199 1261 4267 cellas
1291 4202 1439 4287 aspicere
1462 4209 1496 4266 et
1523 4202 1687 4287 pertinere
1715 4200 1861 4286 legitimo
1886 4201 2001 4266 ordine
2030 4201 2175 4267 cernitur
2196 4209 2230 4265 et
2252 4220 2345 4265 com-

692 4305 861 4392 probatur.
906 4304 1059 4391 Denique
1081 4304 1264 4391 postulavit
1286 4306 1351 4370 iam
1376 4304 1484 4370 dictus
1508 4304 1704 4370 Folleredus
1728 4305 1845 4390 abbas,
1874 4316 1911 4371 ut
1932 4305 1981 4371 illi
2009 4314 2042 4372 et
2069 4304 2347 4371 successoribus¹

692 4411 770 4493 suis,
793 4408 991 4496 ubicumque
1014 4407 1068 4473 vel
1090 4410 1124 4473 in
1148 4428 1372 4495 quoscumque
1394 4431 1500 4495 pagos
1523 4409 1688 4475 valuerint
1703 4418 1737 4475 et
1759 4411 1943 4476 invenerint
1960 4410 2215 4499 oportunitatem
2239 4431 2294 4474 res
2312 4420 2347 4475 et

691 4514 876 4599 mancipia⁰
891 4512 1152 4598 comparandum
1165 4512 1456 4579 commutandump
1471 4512 1524 4578 vel
1540 4536 1583 4579 ex
1600 4534 1806 4599 quocumque
1822 4515 1954 4599 ingenio
1971 4516 2148 4600 impetrare
2163 4513 2346 4599 potuerint,

691 4619 857 4685 licentiam
873 4618 1152 4682 etauctoritatem
1176 4616 1332 4703 deinceps
1349 4641 1391 4683 ex
1415 4628 1509 4703 parte
1525 4626 1641 4684 nostra
1665 4640 1793 4705 semper
1809 4619 1964 4686 babeant.
1993 4620 2087 4685 Haeo
2103 4627 2212 4683 autem
2229 4620 2348 4684 omnia
2371 4636 2410 4686 ae

692 4724 842 4809 superius
866 4721 1091 4805 denominata,
1126 4719 1261 4808 [quod]‘¹
1289 4731 1358 4786 tam
1381 4720 1422 4786 de
1451 4721 1685 4787 donationibus
1715 4745 1830 4807 regum
1858 4745 1957 4809 quam
1980 4731 2013 4789 et
2036 4722 2077 4789 de
2099 4722 2261 4789 bonorum
2286 4722 2347 4789 bo-

691 4829 815 4894 minum
838 4826 1073 4893 traditionibus
1096 4825 1148 4891 vel
1172 4825 1213 4892 de
1236 4824 1385 4912 qualibet
1408 4836 1553 4892 attractu
1577 4825 1620 4892 ad
1642 4827 1716 4912 ipso
1732 4827 1909 4893 Follerado
1935 4828 2119 4893 dinoscitur
2141 4827 2347 4913 pervenisse,

692 4933 736 4998 ad
751 4932 937 5018 praefatum
954 4932 1061 4996 sancti
1076 4930 1218 4996 Dionisii
1234 4931 1472 4996 monasterium
1488 4931 1540 4997 vel
1556 4930 1791 4997 monachorum
1809 4932 1974 5017 stipendia
1989 4939 2024 4996 et
2038 4947 2180 4999 luminario
2195 4940 2349 4998 eeclesiae*

693 5057 719 5103 et
734 5051 931 5117 susceptionem
945 5050 1081 5116 hospitum
1104 5056 1143 5099 att
1159 5065 1308 5115 pauperum
1332 5035 1527 5101 omnimodis
1544 5035 1736 5121 delegamus
1760 5044 1860 5122 atque
1877 5036 2166 5122 perpetualiter'in
2189 5035 2347 5102 omnibus

693 5141 937 5224 confirmamus,
962 5142 1049 5206 sicut
1070 5142 1103 5205 in
1128 5142 1335 5206 testamentis
1359 5141 1463 5227 ipsius
1486 5140 1653 5207 Folleradi
1676 5139 1809 5207 abbatis
1832 5141 2016 5206 continetur
2040 5148 2073 5206 et
2094 5141 2128 5204 in
2150 5139 2348 5227 privilegio·
2372 5160 2411 5210 to

693 5244 806 5311 domni
829 5245 952 5311 Leonis
981 5244 1158 5330 apostolici
1182 5244 1312 5330 plenius
1343 5244 1402 5309 sub
1427 5244 1557 5309 vinculo
1586 5244 1808 5310 anathematis
1837 5246 1996 5330 scriptum
2018 5243 2167 5310 habetur.
2212 5244 2348 5311 Consti·

771 5468 831 5525 2³8.
849 5472 877 5536 a)
895 5468 987 5523 duret
1004 5468 1103 5523 Rosur
1130 5468 1179 5522 des
1198 5467 1338 5522 Sublato-s
1355 5484 1427 5523 corr.
1447 5484 1500 5523 csse
1519 5473 1640 5537 patronis
1659 5470 1694 5534 A,
1713 5474 1833 5537 patronis
1851 5471 1887 5524 A'
1975 5472 2004 5537 b)
2021 5472 2184 5538 depraecans
2202 5469 2238 5523 A'

847 5538 1086 5601 oldarchosar
1099 5537 1147 5591 des
1161 5537 1314 5591 Sublato-m
1327 5553 1398 5592 corr.
1411 5540 1560 5592 curtalem
1572 5538 1703 5601 Atatem
1716 5540 1751 5594 A'
1804 5542 1832 5607 d)
1843 5543 1955 5609 perenni
1968 5541 2005 5594 A<
2055 5541 2081 5609 e)
2093 5554 2124 5593 so
2136 5540 2171 5593 A'
2183 5538 2348 5608 operosus.

847 5607 985 5673 Morcalfi
1003 5607 1028 5674 Ι,
1047 5610 1081 5661 19
1100 5606 1136 5660 N.
1148 5623 1169 5659 ss
1188 5606 1229 5660 Μ.
1247 5606 1278 5659 G.
1292 5607 1388 5661 Form.
1403 5610 1447 5670 56,
1464 5607 1496 5661 ε’νι
1515 5608 1565 5662 ἄεν
1584 5608 1732 5675 Absclsrist
1751 5608 1799 5663 ἄεε
1818 5614 1858 5663 11.
1873 5610 1917 5664 Jt.
1937 5612 2071 5677 petosiris,
2089 5609 2122 5663 ta
2138 5609 2166 5661 A
2184 5624 2237 5662 voss
2250 5609 2348 5666 Hand

848 5676 1106 5731 des11.-12.Jt.
1129 5676 1180 5729 mit
1204 5676 1326 5730 ανιᾶενεν
1345 5677 1428 5731 Tirrte
1450 5677 1512 5731 ιενιᾶ
1535 5678 1634 5733 Rosos
1657 5679 1734 5733 siries
1759 5678 1911 5748 Obcrtctnpe
1935 5694 2006 5733 corr.
2028 5679 2060 5732 ν’νι
2079 5680 2243 5746 praeceptis-
2274 5680 2347 5735 stbsr
2371 5686 2410 5735 to

846 5749 969 5815 puletum
987 5768 1019 5793 =
1038 5747 1186 5813 poleticum
1204 5768 1237 5791 =
1256 5748 1420 5815 polypticum
1439 5746 1490 5815 opt.
1510 5746 1649 5817 Daconpe
1671 5764 1699 5801 ss.
1719 5748 1760 5801 έᾶ.
1779 5751 1805 5815 6,
1827 5752 1881 5803 100
1984 5750 2185 5815 ι’)ΗεΙιιεῐιιιιο
2202 5747 2238 5801 A'

847 5818 876 5885 g)
892 5816 962 5882 fehlt
974 5815 1010 5868 A'
1080 5815 1109 5879 h)
1127 5815 1228 5867 Salona
1240 5816 1275 5869 A'
1349 5818 1369 5883 i)
1388 5816 1441 5869 das
1462 5814 1602 5870 Soletum-s
1621 5833 1692 5872 corr.
1712 5834 1796 5885 aasg
1813 5819 1840 5871 A
1911 5818 1941 5887 k)
1959 5820 2069 5870 donatio
2083 5816 2118 5871 A'
2187 5817 2208 5881 l)
2227 5819 2349 5873 aliorum

848 5902 943 5954 rogum
960 5886 1005 5937 vel
1022 5884 1055 5938 ia
1073 5880 1107 5938 A¹
1126 5884 1158 5938 s'rs
1176 5883 1347 5940 tirorss'sclscsr
1365 5885 1460 5939 Noton
1478 5886 1545 5939 oter
1563 5886 1614 5939 ἄεν
1632 5886 1707 5941 Zeila
1723 5888 1931 5957 stocbpetropso
2003 5889 2041 5953 m)
2058 5888 2219 5939 Alamannis
2237 5888 2274 5940 A'

848 5958 876 6023 ιι)
895 5970 968 6010 εονν.
987 5970 1040 6008 aas
1058 5956 1226 6006 successibus
1245 5954 1279 6008 A'
1353 5956 1380 6021 ο)
1396 5971 1440 6007 res
1458 5962 1486 6006 et
1503 5959 1639 6023 mancipia
1656 5956 1688 6009 s'rs
1707 5956 1878 6011 tironiscbsss
1897 5957 1990 6011 Noton
2008 5956 2076 6010 uter
2094 5956 2143 6011 der
2161 5954 2237 6010 Zstlc
2254 5959 2349 6013 nocts-

846 6030 981 6146 qetropcss
998 6024 1035 6077 A'
1112 6024 1140 6091 p)
1158 6027 1329 6090 comparandi
1347 6026 1528 6076 commutandi
1546 6025 1581 6077 A'
1663 6027 1691 6093 q)
1709 6026 1740 6079 irs
1758 6026 1785 6079 A
1803 6026 1864 6080 smd
1881 6025 1917 6079 A'
1935 6026 1989 6080 wol
2007 6025 2097 6081 durch
2117 6024 2255 6081 Versstes
2274 6042 2348 6084 asts·
2374 6032 2413 6085 60

849 6092 926 6164 ysfal
937 6110 971 6147 en
1041 6095 1065 6160 r)
1083 6094 1230 6146 aecclesias
1248 6094 1284 6147 A'
1353 6094 1377 6162 s)
1394 6095 1535 6161 plivilegio
1553 6095 1580 6147 A
