5642 7159
1349 765 1778 830 Knlssuuusuubns.

841 967 1020 1042 Ripcmcnti
1043 965 1124 1024 Hist.
1149 961 1216 1022 3331.
1240 960 1406 1021 Mediolcu.
1431 965 1462 1030 1,
1493 961 1554 1020 581
1585 954 1806 1028 aasfdhrlictes
1834 956 1941 1028 Repest
1977 977 2015 1008 =
2050 954 2095 1012 Lc
2125 950 2235 1012 Ouinia
2264 949 2355 1009 Ana.
2384 953 2416 1028 7,

755 1100 758 1106 ·
842 1075 906 1132 144
933 1089 974 1130 aa
996 1072 1059 1130 810
1085 1073 1121 1126 re⁰
1140 1068 1192 1128 48.
1227 1100 1268 1110 -
1307 1064 1421 1138 Uphclli
1448 1063 1542 1123 Italia
1569 1079 1658 1122 sacru
1680 1065 1710 1132 4,
1740 1063 1784 1121 97
1810 1067 1845 1118 n⁰
1865 1061 1916 1131 51,
1946 1064 1976 1120 2.
2000 1059 2043 1120 cd.
2069 1063 2099 1130 4,
2123 1061 2165 1119 70
2194 1063 2232 1115 rt⁰
2255 1057 2302 1115 48
2334 1054 2417 1112 ohne

844 1174 1079 1253 Qsellaecuycbc
1102 1172 1157 1252 (B)
1182 1193 1222 1225 =
1247 1171 1410 1229 Heumann
1434 1164 1544 1227 03333.
1568 1166 1605 1225 dc
1627 1182 1660 1223 re
1683 1163 1755 1238 dipl.
1773 1165 1990 1238 imperatorum
2013 1169 2044 1235 1,
2070 1165 2131 1223 163
2155 1158 2413 1232 3333131313ᾱὶ3,

843 1301 884 1335 .-..-
906 1280 1010 1352 Misce
1033 1275 1146 1335 Pcirol.
1170 1278 1224 1345 97,
1247 1276 1333 1333 1038
1354 1273 1456 1331 3126.
1480 1303 1522 1314 -
1545 1269 1835 1343 110313333331133.
1860 1271 1922 1330 440
1947 1267 2048 1347 (432).

773 1425 776 1431 ·
813 1382 816 1387 ’
841 1401 939 1458 Keinc
960 1395 1225 1469 huudschriftlictc
1252 1390 1507 1466 Uebcrlicferuup.
1529 1423 1572 1436 —
1596 1389 1768 1463 1101333333
1790 1390 1864 1449 obre
1886 1390 1963 1449 echte
1991 1388 2112 1462 Verlupe
2142 1388 2210 1466 (331.
2237 1387 2452 1450 1133313νὶ3

841 1501 1061 1572 13111316,
1092 1504 1145 1571 37,
1175 1499 1366 1571 8133311133.
1390 1499 1455 1557 269
1483 1495 1519 1554 K
1538 1497 1611 1565 125,
1643 1495 1739 1553 Bcitr.
1762 1512 1790 1553 3.
1814 1492 1899 1565 Dipi.
1928 1493 1956 1553 V
1985 1493 2104 1554 Wiener
2130 1493 2196 1554 SB.
2222 1498 2281 1564 49,
2313 1493 2412 1571 331),

841 1625 904 1666 aur
925 1609 967 1665 im
992 1606 1069 1665 Titel
1097 1607 1145 1664 eis
1169 1603 1358 1664 Bruchstaclc
1385 1601 1437 1660 des
1460 1598 1650 1660 Kaisertitels
1674 1598 1767 1658 Kurls
1790 1597 1819 1658 d.
1847 1597 1901 1658 (ir.
1946 1596 2005 1656 Die
2032 1598 2144 1656 Kirche
2171 1615 2231 1656 con
2256 1599 2412 1658 Muilaad

842 1713 947 1770 besitct
975 1709 1060 1768 heire
1087 1707 1200 1766 dltcren
1222 1704 1504 1775 Kaiserurleaudeu,
1538 1720 1567 1762 es
1596 1701 1695 1776 fetlcn
1723 1703 1786 1762 also
1816 1702 1893 1761 cuch
1920 1703 2117 1761 bestimmtere
2146 1703 2413 1779 Autcltspaalete

841 1832 901 1873 eur
922 1812 1121 1885 Feststeilunp
1143 1811 1196 1871 der
1218 1809 1481 1882 Entsteharipsecit
1503 1808 1557 1866 der
1579 1807 1762 1880 Fdlschuuc.
1807 1805 1891 1880 dec
1918 1807 1966 1865 dic
1993 1807 2176 1880 Vermaiuup
2198 1809 2292 1880 nahe,
2334 1809 2411 1870 dass

844 1917 969 1976 dieselbe
992 1915 1166 1974 eatstuuden
1187 1915 1240 1984 sei,
1263 1912 1405 1972 rachelem
1429 1913 1477 1971 die
1491 1911 1668 1971 Maildrooler
1682 1914 1768 1972 1158
1791 1912 1839 1969 die
1861 1911 2007 1984 Repulicu
2028 1913 2237 1986 eumeeeeeen
2261 1919 2408 1974 massica
2433 1930 2463 1977 ιο

844 2023 901 2099 (M.
921 2021 958 2084 G.
975 2020 1102 2080 0333111.
1120 2024 1150 2090 1,
1165 2022 1231 2079 243
1246 2037 1269 2079 c.
1287 2023 1306 2078 9
1322 2017 1377 2091 ecl.
1394 2017 1504 2076 Ficlccr
1518 2016 1731 2089 Forschuricea
1745 2015 1906 2074 31131313-
1923 2015 1987 2074 aad
2001 2014 2202 2090 Rechtspesct.
2219 2017 2360 2078 Italicres
2376 2025 2408 2089 1,

842 2125 931 2201 235),
954 2143 987 2185 33
1002 2124 1104 2184 warde
1126 2123 1205 2182 diese
1220 2123 1377 2180 Aunahme
1400 2121 1495 2180 durch
1510 2120 1567 2179 deu
1582 2121 1648 2180 tier
1662 2119 1824 2193 cllerdinps
1840 2120 1874 2177 in
1895 2119 1948 2178 der
1962 2121 2156 2194 11333ρηί1133
2178 2120 2407 2193 cuftrctendcu

848 2231 924 2291 Titel
947 2229 1129 2307 imperatoris
1153 2245 1263 2303 semper
1285 2226 1402 2300 augusti
1434 2223 1594 2298 hinstlli9‚·
1631 2224 1684 2284 der
1708 2224 1824 2284 Zasutr
1851 2240 1964 2301 semper
1986 2229 2127 2300 augustus
2150 2227 2193 2284 im
2216 2227 2410 2286 Kaisertitel

797 2365 800 2371 ,
844 2334 920 2394 wird
942 2338 1002 2393 ersi
1023 2336 1113 2392 auter
1134 2331 1278 2390 Heinrich
1305 2330 1352 2389 VI
1368 2329 1497 2409 sidndiy.
1541 2329 1640 2389 Allem
1663 2328 1814 2389 Auscheiu
1841 2330 2408 2408 33333133133133313131333333

843 2441 924 2499 nicht
936 2456 1027 2513 puceu
1042 2437 1096 2497 das
1112 2438 1213 2508 Reich,
1237 2435 1367 2495 sondcru
1379 2452 1472 2510 cepere
1488 2436 1536 2494 die
1551 2432 1738 2508 Melicerten
1765 2433 1865 2493 diescit
1881 2434 2004 2493 wardan
2019 2437 2104 2495 1185
2126 2451 2183 2494 oon
2198 2435 2372 2496 Friedrich
2388 2438 2408 2497 l
2430 2453 2459 2502 33

847 2545 944 2604 omnia
959 2542 1078 2618 regalia,
1102 2559 1175 2618 quae
1190 2540 1339 2616 imperium
1354 2541 1441 2600 habet
1457 2540 1487 2600 in
1503 2538 1751 2615 archiepiscopatu
1766 2538 1974 2599 Mediolanensi
1990 2539 2144 2610 cerlielocu,
2160 2556 2408 2616 auscencmmeu

847 2649 942 2708 omnia
965 2647 1049 2721 feuda
1072 2650 1100 2707 et
1123 2646 1259 2706 beneficia
1281 2645 1402 2721 antiqua
1425 2646 1460 2704 ab
1484 2643 1712 2705 antecessoribus
1736 2643 1845 2704 nostris
1867 2644 2072 2720 deregalibus
2100 2661 2241 2704 concessa
2266 2645 2407 2707 ecclesiis

845 2754 889 2813 331
911 2753 1135 2829 quibuscumque
1157 2750 1287 2828 personis
1388 2751 1423 2810 de
1445 2748 1549 2825 quibus
1571 2764 1721 2825 possessor
1743 2747 1923 2808 manifestam
1948 2748 2033 2808 habet
2055 2748 2281 2824 possessionem,
2307 2752 2408 2810 Puri·

845 2859 910 2918 eelli
932 2859 1151 2917 Ambrosianus
1173 2856 1258 2936 basil.
1282 2859 1529 2926 33333131029,
1554 2852 1685 2927 Siumps
1703 2857 1787 2914 4409
1810 2852 1866 2926 ccl.
1883 2855 1968 2913 4458
1993 2852 2140 2933 (tecturae
2163 2871 2220 2912 ocu
2249 2853 2322 2914 Otto
2346 2857 2407 2928 IV,

844 2963 1182 3036 3033333-3131331133.
1199 2963 1271 3035 imp.
1294 2958 1467 3037 1731410).
1491 2958 1592 3016 111333
1614 2958 1785 3031 decorticare
1798 2957 1973 3017 Rectistitcl
1986 2957 2070 3017 sollte
2085 2957 2140 3016 wei
2154 2957 2203 3016 dic
2217 2959 2408 3034 Fdlschreap
2430 2979 2461 3025 so

843 3066 983 3138 33331133,
1017 3066 1162 3126 3131131331
1184 3067 1256 3125 uber
1277 3068 1337 3124 erst
1359 3067 1401 3123 im
1424 3066 1474 3124 13.
1500 3064 1553 3125 Jh.
1598 3063 1657 3121 Die
1681 3059 1934 3122 Constantinisclee
1957 3060 2131 3135 3333313333
2153 3080 2218 3121 war
2241 3064 2339 3122 seleon
2365 3068 2410 3124 ius

845 3175 897 3232 12.
921 3170 975 3231 Jh.
1003 3173 1039 3230 ire
1064 3169 1176 3230 1131133
1204 3170 1361 3244 3113333313
1387 3169 1516 3228 bekannt
1547 3165 1668 3245 (Ficter
1690 3167 1709 3227 l.
1733 3186 1756 3228 c.
1779 3171 1811 3239 2,
1834 3164 1922 3244 328),
1957 3168 2011 3226 wie
2038 3166 2104 3225 dori
2132 3167 2210 3226 cuch
2238 3167 2335 3227 seleon
2367 3188 2411 3228 aa

845 3256 941 3336 dieser
966 3275 1032 3334 Zeit
1060 3274 1228 3334 Beincmeu
1256 3277 1310 3333 wie
1333 3275 1475 3334 Oldradus
1504 3271 1560 3344 fiir
1590 3272 1645 3331 den
1668 3270 1852 3344 Erebisetof
1869 3272 1978 3331 Peiros
2006 3272 2101 3331 313313
2136 3271 2409 3346 Unchdhuliches

764 3453 768 3461 ι
847 3397 947 3438 waren
972 3377 1384 3457 (claraevallensis,
1409 3376 1496 3456 771).

845 3549 885 3614 Iu
907 3551 1038 3614 nomine
1063 3549 1296 3614 sanctissimae
1319 3556 1352 3613 31
1374 3547 1567 3614 individuae
1590 3548 1760 3615 trinitatis.
1797 3545 1937 3614 Carolus
1962 3547 2072 3614 divino
2103 3558 2187 3614 nutu
2212 3561 2407 3618 coronatus
2430 3569 2462 3617 33

743 3654 928 3718 Romanum
944 3675 1061 3739 regens
1078 3653 1249 3740 imperium
1266 3675 1305 3718 33
1322 3675 1381 3739 per
1397 3652 1656 3719 misericordiam
1674 3653 1726 3718 dei
1742 3677 1801 3718 rex
1817 3653 2021 3719 Francorum
2036 3664 2069 3719 et
2080 3654 2408 3742 Langobardorum,

746 3759 978 3824 serenissimus
1001 3757 1185 3824 catholicus
1216 3759 1378 3843 pacificus
1401 3767 1572 3844 augustus,
1604 3757 1756 3823 omnibus
1779 3756 1955 3824 comitibus
1986 3756 2157 3823 castaldiis
2182 3780 2243 3823 seu
2268 3764 2408 3827 cunctis

743 3863 790 3927 rei
818 3860 972 3948 publicae
995 3884 1054 3947 per
1081 3863 1287 3947 provinciam
1310 3861 1429 3928 Italiae
1455 3869 1571 3927 nostra
1593 3861 1846 3927 mansuetudine
1873 3863 2070 3948 praepositis
2101 3864 2347 3947 sempiternam
2372 3867 2408 3930 in

744 3963 877 4031 domino
908 3964 1057 4030 salutem.
1162 3965 1324 4031 Noverint
1357 3988 1469 4031 omnes
1501 3975 1533 4030 at
1567 3963 1700 4051 singuli,
1734 3965 2011 4053 quemadmodum
2046 3966 2247 4031 venerabilis
2281 3969 2407 4035 Petrus

745 4066 911 4134 Oldradus
935 4069 1095 4135 ecclesiae
1112 4070 1370 4136 Mediolanensis
1394 4071 1664 4158 archiepiscopus
1681 4078 1826 4136 nostram
1851 4070 1932 4137 adiit
1954 4069 2182 4137 celsitudinem
2206 4082 2341 4158 petens,
2368 4086 2406 4141 ut
2427 4093 2459 4142 33

743 4195 805 4260 pro
828 4194 940 4238 amoro
970 4173 1022 4238 dei
1046 4184 1079 4239 et
1108 4174 1214 4241 salute
1243 4177 1372 4241 animae
1408 4184 1543 4241 nostrae
1573 4176 1683 4240 omnia
1711 4184 1847 4247 sanctae
1876 4174 2133 4241 Mediolanensis
2168 4175 2338 4244 ecclesiae
2370 4181 2406 4244 in

744 4277 902 4343 honorem
926 4280 1031 4343 sancti
1055 4277 1245 4344 Ambrosii⁸
1275 4280 1474 4346 confessoris
1500 4279 1622 4344 Christi
1654 4287 1687 4344 31
1710 4290 1845 4345 3333133
1869 4280 2029 4346 333133133
2059 4279 2189 4347 dicatae
2212 4303 2233 4346 a
2258 4284 2405 4367 praede-

745 4381 931 4448 cessoribus
955 4384 1077 4450 nostris
1107 4383 1360 4469 imperatoribus
1383 4394 1483 4471 atqua
1509 4382 1672 4469 religiosis
1698 4382 1849 4450 omnibus
1874 4409 1894 4449 a
1916 4385 2022 4451 felicis
2046 4382 2258 4452 Constantini
2282 4387 2405 4474 Magni

745 4496 778 4551 et
799 4487 938 4552 aliorum
961 4488 1196 4573 imperatorum
1219 4487 1450 4554 recordatione
1472 4487 1603 4569 3311313,
1620 4498 1737 4573 postea
1761 4511 1781 4553 a
1803 4489 1942 4574 perfidia
1964 4511 2078 4573 regum
2095 4489 2404 4576 Lougobardorum

746 4589 878 4655 turbata
901 4600 933 4656 et
956 4590 1088 4658 sublata
1118 4602 1233 4658 nostra
1256 4592 1417 4678 imperiali
1449 4593 1646 4658 auctoritate
1668 4595 1851 4678 restituere,
1885 4594 2109 4679 redintegrare
2133 4604 2166 4660 et
2196 4596 2401 4664 confirmare
2424 4613 2455 4662 33

746 4693 912 4760 vallemus.
960 4693 1060 4762 Cuius
1083 4699 1159 4782 piae
1183 4695 1398 4782 postulationi
1428 4699 1646 4762 assentientes
1670 4695 1817 4762 eiusdem
1848 4697 2027 4764 beatissimi
2052 4696 2217 4764 Ambrosii
2246 4701 2404 4789 episcopi

745 4808 778 4865 et
794 4797 916 4865 Christi
931 4801 1131 4866 confessoris
1146 4801 1387 4889 implorandam
1404 4824 1534 4887 semper
1556 4823 1651 4888 opem
1668 4811 1848 4868 statuentes
1865 4801 1927 4866 hoc
1944 4802 2161 4869 decretumst
2179 4817 2403 4891 praeceptum

745 4905 815 4970 fieri
839 4903 1067 4970 mandavimus
1090 4905 1187 4970 Petro
1212 4904 1360 4970 Oldrado
1391 4905 1652 4992 archiepiscopo,
1688 4928 1752 4991 quo
1783 4908 1813 4970 ei
1843 4907 2053 4974 concedimus
2084 4917 2116 4972 et
2144 4911 2405 4978 successoribus

746 5011 817 5075 eius
839 5007 984 5093 legitime
1007 5007 1216 5094 intrantibus,
1252 5010 1409 5096 quidquid
1441 5009 1483 5074 ad
1513 5019 1662 5075 nostram
1684 5011 1943 5078 iurisdictionem
1975 5013 2136 5096 pertinere
2158 5015 2193 5077 in
2220 5011 2404 5081 33133113-

746 5111 869 5179 diolani
892 5112 1031 5188 videtur,
1066 5121 1171 5178 terras
1196 5113 1322 5180 scilicet
1350 5122 1451 5201 atque
1482 5135 1611 5184 omnem
1642 5114 1836 5199 districtum,
1871 5115 1986 5181 domos
2017 5114 2167 5200 publicas
2199 5138 2402 5207 murumque
2424 5137 2457 5185 4ο

745 5217 848 5303 ipsius
879 5214 971 5281 urbis
994 5238 1068 5281 eum
1099 5217 1180 5283 fisco
1204 5228 1237 5284 et
1267 5217 1396 5283 teloneo
1420 5220 1547 5305 integro
1579 5227 1708 5285 etcum
1741 5222 1827 5285 omni
1860 5223 1929 5284 iure
1960 5220 2047 5285 civili
2077 5222 2165 5285 intus
2193 5229 2227 5286 st
2259 5223 2405 5290 1331313.

747 5324 887 5387 circuitu
909 5342 1013 5408 usque
1036 5320 1080 5386 ad
1102 5320 1196 5386 fines·
1241 5320 1358 5387 Cortes
1381 5324 1481 5388 etiam
1505 5325 1608 5408 ipsius
1632 5325 1775 5388 civitatis
1799 5346 1839 5388 33
1862 5325 2029 5390 civitatem
2053 5325 2230 5410 propriam,
2256 5327 2405 5395 castella

746 5424 843 5490 villas
873 5421 1042 5508 mansoni,
1076 5446 1191 5490 servos
1215 5435 1246 5489 et
1277 5425 1429 5510 ancillas,
1464 5428 1618 5493 criminos
1643 5436 1675 5492 et
1704 5429 1887 5513 criminas⁰,
1923 5428 2038 5494 domos
2069 5431 2302 5515 possessiones
2332 5434 2404 5520 pis·

746 5531 891 5594 cationes
921 5550 1058 5615 campos
1092 5538 1221 5594 montes
1254 5529 1355 5595 silvas
1389 5551 1493 5617 aquas
1525 5554 1747 5619 aquarumque
1782 5533 1938 5598 decursus
1968 5541 2002 5598 et
2035 5532 2174 5618 paludes
2204 5531 2345 5603 habitas
2371 5549 2408 5604 st

746 5657 918 5721 possessas
942 5657 962 5699 a
985 5632 1293 5720 praedecessoribus
1325 5635 1394 5700 eius
1419 5635 1660 5721 archiepiscopi
1692 5645 1768 5701 ante
1791 5636 1962 5722 perfidiam
1986 5646 2019 5702 et
2047 5635 2256 5720 tyrannidem
2280 5662 2405 5725 regum
2428 5657 2459 5707 lb

746 5738 1042 5825 Longobardorum
1074 5749 1170 5832 atque
1195 5738 1306 5805 omnia
1335 5740 1407 5803 iura
1430 5738 1539 5824 aliquo
1571 5741 1792 5826 inscriptionis
1824 5740 1918 5806 titulo
1952 5763 2009 5805 seu
2039 5741 2254 5806 investiturae
2288 5744 2407 5812 adhuc

748 5843 871 5910 donata
902 5852 934 5908 et
957 5843 1087 5922 tradita,
1120 5841 1233 5909 oblata
1256 5866 1314 5909 sau
1344 5853 1558 5930 praesentata
1589 5854 1724 5910 sanctae
1755 5843 1996 5910 Mediolanensi
2025 5844 2186 5910 ecclesiae
2209 5867 2230 5910 a
2262 5849 2407 5934 quibus·

823 6013 883 6068 277.
903 6015 929 6080 a)
946 6016 1032 6066 hmsii
1052 6014 1078 6068 B
1157 6014 1184 6080 b)
1201 6030 1308 6066 manses
1327 6014 1354 6067 Β
1433 6016 1459 6080 3)
1476 6029 1507 6068 33
1526 6015 1560 6078 Β,
1580 6013 1812 6071 secederemus
1830 6019 1984 6069 arimannos
2002 6018 2177 6084 (arimannos)
2195 6023 2224 6069 et
2241 6023 2410 6078 erimannus

901 6083 953 6151 391.
973 6083 1122 6137 Marciori
1140 6083 1256 6149 Antiqui.
1277 6084 1386 6146 11311,
1408 6087 1467 6149 739,
1485 6088 1541 6138 810
