5642 7159
945 687 1064 747 utun
1089 688 1175 746 nnn
1198 688 1362 747 onossn
1389 682 1596 766 [roo-7741.
2036 676 2095 740 109

449 896 546 959 supra
569 873 709 940 basilica
732 877 838 940 sancti
859 874 1031 940 Medardi¹¹
1054 874 1215 939 iudicaria
1231 882 1377 960 potestas
1402 873 1524 938 ibidem
1547 873 1743 959 ingrederc'
1766 880 1924 958 quoque'
1946 881 2094 957 tempore

447 1000 510 1041 non
534 976 703 1061 deberet¹,
738 981 804 1043 nisi
828 1000 956 1044 omnem
992 978 1184 1044 facultatem
1213 978 1336 1043 ibidem
1366 977 1544 1042 collatamy
1572 1000 1650 1062 pars
1680 978 1745 1041 iam
1776 977 1884 1041 dictae
1913 975 2094 1040 basilicaez

447 1082 496 1146 vel
531 1083 745 1167 congregatio
780 1082 902 1148 ibidem
933 1085 1139 1148 consistens*
1169 1084 1357 1168 perenniter
1391 1081 1452 1146 sub
1481 1078 1690 1147 emunitatisl
1717 1082 1847 1145 nomine
1882 1101 1957 1144 curn
1989 1081 2093 1144 omnis

447 1185 578 1252 fredus⁰
599 1208 779 1252 concessus
803 1188 937 1253 deberet
958 1186 1138 1275 possidere.
1167 1186 1262 1253 Unde
1278 1196 1310 1251 et
1334 1188 1405 1273 ipsa
1420 1186 1652 1271 praeceptione
1676 1182 1922 1271 suprascriptod
1944 1185 2093 1270 principe

412 1306 427 1355 ⁵
450 1314 507 1356 seu
530 1292 778 1357 confirmatione
795 1291 835 1357 de
859 1291 933 1356 aliis
948 1290 1048 1357 rebus
1073 1299 1126 1357 se⁰
1149 1314 1191 1357 ex
1214 1290 1276 1356 hoc
1299 1292 1370 1376 ipse
1386 1288 1491 1355 abbas
1513 1312 1594 1375 prae
1610 1286 1783 1354 manibus‘
1803 1288 1924 1355 habere
1939 1290 2093 1355 adfirmat

446 1396 572 1481 etipse
595 1395 798 1461 beneficiusss
819 1417 997 1461 concessus
1021 1396 1061 1460 de
1079 1417 1117 1459 eo
1141 1406 1287 1481 tempore
1303 1416 1408 1481 usque
1431 1416 1518 1459 nunc
1536 1392 1605 1459 itah
1628 1395 1699 1481 ipso
1723 1394 1795 1458 loco
1820 1404 1935 1459 sancto
1959 1391 2092 1459 asserit¹

445 1521 518 1564 esse
534 1510 783 1582 conservatum3
808 1500 866 1565 sed
882 1521 941 1585 pro
957 1497 1147 1564 firmitatis*
1172 1500 1316 1565 studium
1332 1500 1427 1586 petiit
1450 1498 1654 1565 celsitudini¹
1676 1508 1818 1583 nostrae,
1844 1508 1880 1564 ut
1895 1498 1957 1564 hoc
1975 1501 2091 1564 circam

445 1602 517 1688 ipso
542 1612 657 1668 sancto
681 1603 778 1668 loeo¹¹
800 1626 859 1690 pro
891 1612 1006 1668 nostra
1030 1606 1226 1668 auctoritate
1255 1603 1383 1689 plenius
1407 1604 1601 1668 confirmare
1631 1602 1834 1668 deberemus.
1879 1602 1982 1668 Cuius
2008 1604 2089 1687 peti-

445 1707 588 1771 tionem⁰
610 1729 670 1793 pro
693 1710 878 1773 reverentia
908 1707 1011 1794 ipsius
1036 1710 1141 1772 sancti
1165 1707 1229 1772 loci
1253 1707 1305 1773 vel
1329 1708 1513 1773 mercedisp
1543 1717 1675 1772 nostrae
1698 1715 1898 1791 augmento‘¹
1925 1708 1972 1770 ita
1997 1728 2090 1791 prae-

378 1827 423 1875 10
446 1812 570 1876 stitisse
593 1813 673 1877 etin
697 1812 848 1878 omnibus
865 1812 1080 1877 confirmasse
1097 1815 1296 1897 cognoscite.
1321 1812 1564 1898 Praecipientes
1581 1812 1695 1894 eninr,
1719 1823 1764 1894 ut,
1789 1810 1944 1898 quicquid
1960 1818 2090 1876 constat

443 1937 502 2002 per
523 1917 614 2001 ipsas
648 1917 896 2004 praeceptiones
923 1916 988 2001 [ab]
1026 1915 1222 1982 antedictis·
1244 1915 1446 2002 principibus
1476 1915 1516 1981 de
1539 1917 1613 2001 ipsa
1642 1917 1839 1981 emunitate*
1861 1916 1902 1980 de
1936 1913 2088 1980 omnibus

443 2018 531 2084 villis
555 2020 607 2085 vel
630 2022 731 2086 curtis
746 2021 936 2108 praedictae
958 2020 1117 2085 basilicae
1136 2022 1241 2085 sancti
1255 2019 1416 2095 Medardi,
1433 2021 1519 2085 sicut
1542 2021 1690 2105 superius
1711 2030 1783 2086 estu
1806 2019 2087 2105 comprehensum,

444 2124 523 2190 inibi
547 2126 609 2190 fuit
631 2148 826 2193 concessum
845 2128 897 2194 vel
921 2127 1149 2193 confirmatum
1172 2136 1205 2192 et
1228 2126 1268 2191 de
1292 2147 1330 2191 eo
1354 2136 1499 2212 tempore
1522 2148 1627 2212 usque
1650 2147 1737 2190 nunc
1759 2133 2018 2207 conservatum',
2042 2125 2089 2188 ita

443 2228 530 2293 etin
565 2239 663 2295 antea
685 2253 744 2317 per
777 2240 925 2299 nostrum
950 2242 1160 2319 praeceptum
1197 2231 1324 2316 plenius
1352 2232 1383 2295 in
1417 2231 1468 2296 dei
1498 2232 1630 2296 nomine
1664 2230 1892 2295 confirmatum
1920 2231 2088 2313 inspectas

366 2343 421 2398 ιε»
443 2331 534 2416 ipsas
557 2336 806 2419 praeceptiones
829 2345 1078 2401 antecessorum
1111 2343 1326 2400 nostrorumw
1349 2338 1423 2422 ipso
1457 2335 1530 2401 loco
1557 2336 1667 2400 valeat
1700 2356 1773 2400 esse
1796 2341 2027 2397 conservatum
2055 2342 2088 2397 et

442 2437 700 2524 omnitempore
729 2450 863 2505 maneat
885 2440 1124 2513 inconvulsum,
1160 2441 1207 2504 ita
1230 2449 1266 2505 ut
1294 2441 1404 2506 nullus
1438 2441 1539 2507 iudex
1561 2439 1715 2526 publicus
1749 2459 1810 2504 nec
1831 2437 1875 2501 ad
1903 2436 1996 2501 freda
2019 2438 2086 2501 exi·

440 2539 603 2623 gendum¹
635 2563 696 2607 neo
729 2543 773 2609 ad
807 2566 927 2609 causas
962 2544 1144 2611 audiendas
1179 2553 1236 2609 aut
1269 2545 1474 2611 fideiussoris
1503 2545 1684 2611 tollendum
1714 2565 1778 2609 nec
1809 2544 1995 2607 mansiones
2029 2552 2087 2605 aut

441 2652 575 2727 paratas
591 2645 761 2712 faciendas
777 2669 838 2713 nec
853 2648 1002 2713 homines
1026 2670 1125 2734 super
1139 2656 1245 2714 terras
1268 2650 1371 2735 ipsius
1387 2650 1546 2716 basilicae
1569 2657 1810 2715 commorantes
1832 2644 2084 2731 distringendos,

441 2769 545 2833 neque
567 2750 727 2833 ingenuos
755 2774 863 2838 neque
887 2760 1031 2829 servos&
1067 2774 1129 2816 nec
1152 2751 1320 2818 teloneos²
1348 2755 1558 2840 accipiendos
1586 2776 1647 2819 neo
1672 2753 1755 2818 ullas
1782 2752 2016 2817 redibitiones·
2036 2771 2084 2814 re-

357 2864 425 2921 20
444 2853 634 2937 quirendum
656 2877 718 2920 nec
741 2856 964 2921 exactandum
988 2858 1120 2942 penitus
1143 2855 1314 2941 ingredere
1337 2878 1402 2921 non
1427 2867 1625 2944 praesumat,
1657 2859 1718 2922 uisi
1743 2879 1801 2943 per
1823 2865 1969 2921 nostram
1993 2878 2085 2942 prae·

444 2958 635 3041 ceptionem,
672 2961 757 3024 sicut
779 2960 821 3024 ab
852 2970 950 3025 antea
984 2958 1026 3025 ab
1045 2960 1118 3024 aliis
1145 2960 1279 3046 regibus
1314 2961 1579 3026 antecessoribus
1601 2962 1724 3026 nostris
1758 2962 1820 3026 fuit
1845 2959 2084 3043 confirmatum,

444 3059 509 3145 [ita]
532 3061 689 3127 moderno
722 3074 871 3149 tempore
894 3066 926 3128 in
955 3062 1011 3129 idb
1045 3066 1119 3151 ipsa
1140 3065 1281 3131 basilica
1303 3066 1355 3130 vel
1390 3066 1546 3152 deinceps
1578 3074 1800 3142 conservetur,
1834 3074 1870 3130 ut
1898 3064 2086 3129 monachis⁰

443 3162 558 3230 ibidem
580 3166 836 3233 consistentibus
859 3167 976 3234 melius
1000 3167 1141 3234 delectet
1162 3191 1221 3255 pro
1246 3169 1427 3235 stabilitate
1444 3171 1534 3255 regni
1558 3171 1662 3235 nostri
1680 3169 1802 3234 domini
1825 3168 2083 3233 misericordiam

442 3270 594 3337 attentius
617 3269 818 3356 deprecarid.

365 3576 407 3625 ²⁶
1227 3569 1286 3642 ⁷6.

425 3722 527 3795 Korl
554 3728 617 3797 der
649 3726 777 3799 Grossc
817 3728 976 3821 bestrite'pl
1011 3732 1089 3801 dem
1115 3730 1260 3801 Kloster
1292 3728 1433 3801 Gerae
1465 3731 1522 3802 dic
1548 3729 1885 3819 Stitlurrosurlrunde
1918 3731 1993 3800 uod
2025 3730 2082 3800 die

421 3843 676 3939 &telloneos
702 3850 762 3921 dos
789 3849 1014 3939 Iar-abiecturi
1044 3850 1117 3923 017
1117 3854 1269 3943 odepoop
1294 3874 1360 3923 v⁰ll
1388 3851 1498 3922 Mem·
1828 3951 1906 4035 [772
1949 3960 1970 4016 7
1992 3952 2023 4036 4]

1905 3988 1948 3998 ..
1971 3961 1992 4015 7
2029 4002 2036 4015 ,

536 4144 700 4205 Gloriatur
721 4163 779 4205 uus
802 4146 855 4205 der
876 4148 998 4205 eweiterr
1013 4145 1121 4219 Hu'lfte
1144 4145 1261 4206 (16312.
1279 4146 1437 4219 Ju.p.29
1463 4144 1530 4224 (mit
1547 4145 1738 4205 Correeterers
1760 4164 1816 4205 ooo
1838 4146 1966 4204 crederer
1987 4146 2081 4205 Hand

366 4248 396 4297 ³⁰
536 4251 597 4309 und
619 4254 675 4309 mit
696 4252 824 4310 auderer
848 4252 946 4326 Tinte)
969 4254 1003 4310 in
1025 4252 1076 4309 der
1099 4250 1342 4311 Stodtbibliolbelr
1363 4269 1404 4309 ru
1426 4252 1509 4309 Meta
1530 4251 1592 4327 (Β).

533 4391 682 4449 Meurrsse
704 4390 785 4451 Hist.
809 4392 845 4450 de
860 4392 944 4451 Meta
961 4395 1023 4453 183
1047 4408 1102 4451 sur
1116 4387 1210 4463 l’orip.
1229 4389 1282 4467 (Β)
1301 4412 1341 4445 =
1366 4388 1478 4449 Culmet
1500 4389 1582 4448 Hist.
1598 4389 1633 4446 de
1651 4390 1800 4447 Lorroine
1816 4384 1863 4459 1⁶,
1885 4393 1960 4460 283,
1983 4390 2077 4450 2611.

532 4487 578 4564 2⁶,
602 4498 676 4565 107,
701 4516 742 4550 =
758 4495 896 4569 Bouquet
911 4498 941 4566 5,
967 4499 1028 4555 714
1044 4501 1078 4553 πθ
1092 4500 1112 4555 3
1135 4516 1177 4549 =
1192 4494 1294 4569 Mipne
1309 4494 1421 4553 Patrol.
1440 4498 1491 4564 97,
1508 4498 1572 4553 913
1594 4499 1628 4551 n⁰
1642 4499 1671 4553 1.
1691 4527 1727 4535 -
1750 4493 1853 4553 Gallio
1868 4494 1967 4552 christ.
1983 4498 2014 4553 2.
2032 4494 2077 4555 cd.

534 4593 602 4670 13⁶,
623 4600 687 4660 377
715 4603 784 4660 n⁰8
813 4618 869 4660 uus
892 4600 930 4659 B.
953 4633 995 4643 -
1018 4599 1224 4659 D'Herbomee
1254 4598 1335 4659 Cart.
1360 4599 1394 4657 de
1416 4597 1501 4658 rabo.
1533 4599 1569 4656 de
1594 4598 1690 4658 Gerae
1711 4602 1753 4658 39
1782 4598 2077 4658 191719311-

536 4703 727 4762 Mdblbuelrer
749 4704 822 4777 Rep.
846 4706 908 4764 154
934 4703 1033 4781 (151).

533 4841 593 4901 Der
608 4844 727 4904 Selrluss
749 4845 789 4903 ist
805 4844 900 4903 duret
922 4843 1116 4917 Weplossunp
1138 4843 1191 4902 der
1207 4840 1559 4916 corroborationsformel
1581 4842 1645 4901 uod
1660 4844 1709 4902 des
1725 4842 1927 4901 Erelrotolrolls
1940 4842 2075 4914 peroret.

533 4950 675 5009 Dableis
695 4968 766 5008 eum
782 4950 874 5009 Reiels
890 4944 1214 5021 Korlmunns‘oelrdrte,
1239 4950 1320 5007 kann
1336 4949 1383 5007 die
1404 4947 1546 5009 Urlrende
1566 4948 1647 5005 nieht
1661 4964 1713 5005 eor
1729 4949 1792 5006 772
1812 4947 1942 5005 classen
1958 4946 2076 5005 worden

531 5056 602 5125 sein,
639 5054 877 5114 wclrrsclser'nlr'elr
897 5054 1021 5126 qescuau
1055 5054 1127 5124 dies,
1163 5053 1202 5112 da
1230 5054 1277 5111 die
1310 5057 1459 5113 desacrata
1495 5052 1666 5124 Zeityrerrae
1689 5054 1751 5111 774
1785 5051 1878 5110 duret
1912 5051 1968 5109 den
1999 5051 2076 5111 Tuo

530 5159 652 5231 yepeben
674 5158 722 5227 ist,
756 5176 808 5217 vor
834 5158 927 5218 Karls
949 5156 1109 5228 Aufbruelr
1136 5158 1213 5217 nuel
1241 5157 1352 5217 Itolr'en
1375 5160 1440 5219 773
1469 5157 1524 5230 ool.
1549 5155 1643 5217 sulcu
1664 5156 1736 5228 Rey.
1759 5157 1823 5216 234
1847 5155 1882 5214 K
1898 5159 1951 5216 23.
1996 5156 2077 5216 Kurl

533 5261 680 5321 retundet
703 5265 767 5321 772
788 5262 885 5335 April,
910 5263 980 5320 Mai
1001 5264 1035 5320 io
1056 5262 1123 5320 dem
1149 5262 1244 5323 Goree
1265 5263 1362 5321 neuen
1385 5259 1601 5332 Diedenlrofm
1631 5265 1666 5317 n⁰
1686 5261 1737 5331 66,
1762 5262 1813 5333 67,
1842 5261 1907 5321 uod
1928 5260 1990 5319 uolt
2012 5263 2074 5321 siclt

522 5443 559 5497 75.
578 5445 606 5511 u)
624 5444 753 5498 damueli
770 5460 820 5497 neo
839 5446 973 5513 quandam
991 5448 1147 5502 facultatem
1165 5449 1196 5503 E
1304 5448 1333 5517 v)
1350 5449 1431 5516 gredo
1453 5448 1505 5503 mit
1523 5448 1767 5517 Krtrzurrpsstricb
1786 5447 1822 5511 E,
1851 5446 1921 5511 fehlt
1939 5445 1969 5499 D

578 5518 612 5581 w)
630 5531 765 5583 quoquam
783 5513 814 5567 E
898 5516 925 5580 x)
943 5517 1071 5569 deberent
1088 5518 1156 5583 DE,
1174 5519 1271 5573 ebertso
1289 5518 1357 5571 Ζ.4
1443 5520 1473 5585 y)
1490 5520 1590 5571 collata
1607 5518 1670 5573 DE
1754 5517 1780 5583 a)
1797 5519 1870 5567 dicta
1887 5515 2000 5566 basilica
2013 5514 2075 5569 DE

579 5586 604 5651 u)
623 5586 776 5635 consisterit
795 5583 857 5637 DE
959 5587 986 5652 b)
1004 5589 1153 5639 divinitatis
1172 5589 1234 5642 DE
1334 5590 1359 5653 c)
1376 5587 1479 5639 fruetus
1498 5588 1560 5642 DE
1661 5590 1688 5655 d)
1706 5590 1877 5655 perceptione
1895 5585 1958 5653 (wie
1976 5588 2073 5650 spdtcr

579 5655 774 5721 perceptiones)
785 5655 1009 5721 suprascriptaD
1079 5658 1104 5723 e)
1117 5660 1139 5709 si
1153 5658 1215 5711 DE
1273 5658 1498 5724 ilpermanentcr
1511 5657 1541 5711 D
1601 5659 1629 5724 g)
1641 5658 1770 5710 vereficus
1782 5656 1863 5709 DE⁴
1911 5653 2028 5720 h)tsuta
2042 5655 2072 5707 D

580 5724 600 5790 i)
617 5724 703 5774 adfert
715 5721 775 5776 DE
843 5724 1039 5789 infirmitatum
1053 5726 1114 5779 DE
1181 5729 1202 5793 l)
1220 5727 1379 5779 celsitudine
1391 5726 1453 5780 DE
1520 5729 1556 5794 m)
1574 5735 1647 5779 certa
1665 5726 1727 5781 DE
1813 5727 1841 5789 n)
1858 5726 1918 5776 loco
1937 5731 2030 5775 sancto
2043 5724 2073 5776 E

576 5794 605 5859 o)
622 5794 752 5859 petitione
771 5791 809 5855 D,
828 5795 935 5861 petione
953 5794 982 5846 E
1084 5795 1111 5862 p)
1129 5797 1249 5849 mercede
1267 5796 1297 5849 D
1402 5797 1431 5864 q)
1448 5805 1621 5864 augmentum
1640 5795 1669 5850 D
1774 5796 1797 5859 r)
1814 5797 1920 5846 demum
1938 5793 1969 5846 E

576 5863 600 5928 s)
616 5864 764 5915 antedictas
783 5860 845 5915 DE
947 5864 968 5928 t)
985 5864 1128 5917 divinitate
1147 5865 1208 5919 DE
1292 5865 1320 5933 u)
1338 5864 1408 5930 fehlt
1426 5865 1457 5918 D
1561 5868 1589 5932 v)
1606 5866 1792 5918 confirmatum
1810 5865 1840 5918 E
1942 5863 1978 5931 w)
1997 5870 2070 5914 ants·

576 5933 726 5983 sessoribus
745 5933 843 5983 uostris
863 5931 924 5986 DE
1026 5935 1053 6001 x)
1071 5936 1237 6003 exugendum
1251 5934 1280 5988 D
1372 5936 1401 6001 y)
1420 5937 1657 6002 ingenuusserrus
1668 5935 1730 5989 DE
1830 5934 1856 5999 n)
1873 5932 1996 5988 teloneus
2010 5933 2071 5991 DE

576 6000 603 6068 a)
620 6002 808 6053 retributiones
827 6000 889 6055 DE
992 6003 1018 6068 b)
1036 6005 1068 6055 sd
1087 6004 1149 6059 DE
1255 6004 1280 6071 c)
1298 6004 1331 6056 ad
1349 6007 1539 6063 monasterium
1557 6004 1618 6061 DE
1720 6008 1748 6072 d)
1766 6006 1908 6074 deprecare
1927 6002 1962 6061 E.

411 5758 434 5809 lb
