5642 7159
629 774 693 838 388
1240 773 1667 834 KAISERURKUNDEN.

630 961 809 1028 hostilense
832 962 940 1027 idest
963 961 1004 1027 de
1026 961 1134 1029 bobus
1157 972 1191 1028 et
1212 963 1361 1028 coniecto
1385 960 1429 1026 ad
1452 981 1565 1025 carros
1581 959 1831 1026 construendos.
1857 960 1908 1024 De
1923 959 1974 1026 his
1998 968 2118 1026 autem
2139 955 2314 1022 omnibus

630 1067 840 1152 precipimus,
873 1074 911 1130 nt
937 1087 1073 1132 censum
1101 1065 1282 1154 legitimum
1313 1075 1346 1131 et
1368 1086 1476 1130 nonas
1505 1074 1537 1130 et
1561 1065 1708 1130 decimas
1737 1065 1832 1130 annis
1861 1063 1997 1150 singulis
2027 1061 2200 1150 partibus
2232 1083 2314 1146 pre·

631 1171 754 1256 scripte
775 1170 888 1235 matris
911 1168 1073 1256 aecclesie
1096 1169 1223 1258 absque
1245 1169 1314 1236 nlla
1335 1171 1533 1236 marricioue
1549 1167 1601 1234 vel
1625 1169 1784 1235 dilatione
1806 1169 1944 1234 reddere
1966 1178 2024 1234 aut
2051 1165 2223 1253 [absque]
2250 1166 2314 1230 mi-

630 1273 802 1339 noratione
824 1273 964 1358 pleniter
985 1274 1175 1359 persolvere
1198 1275 1335 1339 faciant.
1372 1274 1514 1358 Insuper
1534 1273 1794 1339 restaurationes
1817 1282 1883 1338 tam
1908 1275 1942 1337 in
1965 1273 2099 1358 prefixa
2127 1270 2315 1338 aecclesia

631 1400 730 1465 quam
753 1388 786 1443 et
807 1379 842 1442 in
866 1377 1018 1443 domibus
1042 1380 1137 1445 iuxta
1159 1401 1233 1444 eam
1255 1376 1497 1460 ediscentibus,
1527 1377 1560 1442 in
1585 1375 1821 1461 teguminibus·
1844 1386 1877 1442 et
1899 1376 2219 1443 restaurationibus
2247 1397 2313 1462 pro
2338 1395 2354 1440 o

631 1482 854 1571 possibilitate
877 1506 995 1567 rerum,
1031 1505 1113 1570 quas
1143 1486 1176 1549 in
1198 1483 1394 1549 beneficium
1423 1481 1544 1547 exinde
1572 1481 1770 1568 possident‘,
1805 1483 1915 1549 facere
1943 1502 2009 1547 non
2039 1481 2243 1568 negligant,
2284 1482 2313 1546 si

631 1588 771 1673 gratiam
794 1597 942 1653 nostram
965 1597 998 1653 et
1013 1588 1128 1653 eadem
1151 1587 1313 1653 beneficia
1326 1587 1554 1673 unusquisque
1576 1585 1698 1652 habere
1714 1587 1863 1653 voluerit.
1887 1589 2076 1672 Prescripta
2092 1607 2183 1651 vero
2202 1584 2312 1650 bene-

630 1693 707 1757 ficia
729 1690 804 1757 volo
829 1701 866 1757 ut
888 1692 1003 1758 fideles
1027 1694 1131 1758 nostri
1155 1692 1216 1757 sub
1239 1691 1388 1778 predicto
1412 1712 1516 1756 censu
1539 1713 1613 1755 cum
1637 1712 1801 1756 consensu
1825 1700 1858 1756 et
1879 1689 2108 1756 benivolentia
2144 1689 2312 1755 eiusdem

631 1794 790 1861 aecclesie
820 1797 966 1883 episcopi
989 1805 1133 1881 teneant,
1169 1795 1375 1884 usquedum
1406 1793 1464 1859 illa
1486 1815 1560 1860 cum
1584 1796 1642 1878 cis,
1678 1795 1795 1881 quiea
1823 1804 1937 1859 nostra
1966 1793 2105 1860 datione
2139 1795 2313 1860 videntur

629 1899 763 1978 habere,
787 1908 938 1965 mutuare
960 1902 1126 1985 possimus
1149 1909 1183 1965 et
1206 1921 1285 1986 sepe
1309 1899 1395 1965 dicte
1420 1899 1589 1984 aecclesie,
1614 1901 1666 1964 cui
1690 1900 1774 1964 iuste
1795 1909 1827 1964 et
1849 1898 2004 1985 legitime,
2028 1908 2065 1964 ut
2088 1901 2307 1986 inquisitum
2334 1916 2366 1964 10

630 2003 801 2077 habemus,
819 2002 990 2086 debentur,
1007 2004 1190 2070 auxiliante
1208 2005 1340 2070 domino
1357 2003 1486 2069 restitui
1503 2012 1603 2090 atque
1619 2001 1759 2068 reddere
1774 2024 1967 2068 mereamur.
1990 2003 2036 2067 Et
2051 2003 2120 2068 hoc
2138 2002 2310 2068 omnibus

629 2107 725 2173 vobis
748 2116 863 2173 notum
887 2108 938 2182 sit,
969 2109 1067 2194 quod,
1098 2110 1125 2173 si
1150 2108 1270 2195 aliquis
1293 2118 1441 2174 vestrum
1464 2108 1620 2188 extiterit,
1656 2107 1711 2193 qui
1733 2106 1820 2171 hanc
1849 2107 2028 2172 iussionem
2051 2116 2219 2173 nostram
2247 2118 2310 2174 aut

630 2211 894 2297 contempnendo
918 2220 976 2277 aut
990 2211 1188 2297 negligendo
1212 2211 1393 2298 adimplere
1410 2211 1587 2294 distulerit,
1611 2210 1785 2276 volumusu
1808 2219 1907 2297 atque
1922 2211 2143 2297 precipimus,
2169 2221 2213 2277 ut
2230 2236 2310 2299 pre·

632 2317 756 2401 scripte
779 2315 869 2381 urbis
893 2316 1069 2402 episcopus
1094 2318 1126 2381 in
1149 2317 1219 2382 iure
1243 2316 1389 2382 eiusdem
1405 2317 1546 2401 ecclesie
1569 2315 1637 2380 sive
1655 2317 1689 2380 in
1713 2337 1805 2380 snam
1822 2314 1873 2379 vel
1897 2315 2141 2381 canonicorum
2159 2337 2309 2382 sucrum

631 2428 830 2506 potestatem
846 2418 898 2484 vel
923 2419 1178 2485 dominationem
1196 2419 1330 2485 easdem
1346 2443 1398 2486 res
1422 2441 1579 2485 revocare
1596 2419 1709 2502 faeiat,
1734 2418 1933 2505 usquedum
1950 2418 2005 2502 illi,
2030 2420 2088 2506 qui
2108 2422 2180 2485 iam
2210 2421 2308 2487 dicte
2333 2443 2361 2489 ιι

628 2523 789 2606 aecclesie
812 2544 865 2588 res
889 2522 941 2588 vel
964 2521 1126 2589 beneficia
1148 2533 1262 2589 nostra
1285 2524 1461 2610 largitione
1486 2523 1663 2607 habebant,
1687 2524 1720 2588 in
1744 2533 1891 2588 nostram
1914 2524 2049 2588 veniant
2072 2527 2308 2609 presentiam.

631 2625 696 2708 Qui
719 2627 859 2712 negligit
881 2649 1027 2711 censum,
1051 2629 1170 2713 perdat
1192 2650 1307 2714 agrum
1332 2637 1365 2692 et
1387 2651 1446 2715 per
1469 2627 1555 2693 hanc
1578 2628 1822 2710 auctoritatem,
1852 2627 1921 2692 sive
1944 2647 2058 2692 eorum
2080 2629 2308 2716 negligentia

630 2728 683 2794 vel
706 2738 909 2816 contemptu,
933 2732 1008 2816 ipsa
1031 2732 1172 2818 perdant
1185 2731 1358 2797 beneficia.
1388 2732 1434 2797 Et
1448 2741 1486 2797 ut
1507 2732 1567 2817 hec
1589 2732 1693 2797 iussio
1716 2740 1831 2796 nostra
1855 2732 1963 2797 verius
1987 2731 2150 2798 credatur
2175 2744 2214 2800 et
2231 2734 2307 2800 dili·

631 2835 762 2920 gentius
786 2846 1000 2901 conservetur
1022 2846 1121 2923 atque
1143 2859 1203 2922 per
1226 2838 1335 2902 omnia
1359 2858 1380 2900 a
1402 2835 1499 2901 vobis
1523 2837 1716 2921 perficiatur
1731 2845 1764 2901 et
1781 2835 1911 2901 firmius
1935 2835 2053 2901 futuris
2078 2838 2307 2923 temporibus

633 2947 793 3022 teneatur,
817 2961 916 3005 manu
940 2942 1075 3027 propria
1098 2941 1212 3006 subter
1234 2940 1437 3006 firmavimus
1463 2950 1494 3005 et
1518 2939 1558 3005 de
1582 2938 1681 3005 anulo
1705 2950 1818 3005 nostro
1842 2938 1987 3022 sigillare
2010 2939 2191 3006 iussimus.
2331 2962 2363 3010 ao

737 3093 874 3180 Signum
897 3101 963 3175 (ll.)
985 3096 1102 3163 Karoli
1125 3096 1359 3184 gloriosissimi
1381 3099 1599 3184 imperatoris.

736 3235 899 3303 Genesins
923 3238 1075 3303 advicem
1098 3237 1346 3304 Erchembaudi
1368 3239 1544 3323 recognovi
1569 3248 1602 3304 et
1624 3237 1836 3324 subscripsi'.

735 3377 825 3442 Data
848 3378 882 3442 in
905 3399 1016 3443 mense
1040 3378 1154 3464 aprilis
1170 3397 1248 3443 v1111
1270 3379 1403 3445 kalend.
1422 3379 1497 3445 mai.
1515 3399 1600 3444 anno
1621 3395 1648 3442 11
1671 3376 1802 3443 Christo
1827 3377 1968 3463 propitio
1992 3375 2140 3460 gloriosi
2167 3379 2313 3466 imperii

631 3481 735 3547 nostri
760 3490 792 3545 et
815 3498 946 3546 xxxnn
969 3482 1062 3567 regni
1084 3483 1189 3547 nostri
1212 3483 1246 3547 in
1269 3484 1412 3549 Francia
1436 3492 1468 3549 et
1484 3500 1612 3548 xxvnu
1636 3483 1669 3548 in
1693 3481 1807 3565 Italia3
1832 3483 1865 3546 in
1888 3481 1940 3547 dei
1963 3481 2133 3546 nominew
2159 3483 2313 3552 feliciter

631 3607 736 3650 amen.
2335 3606 2367 3656 st

1415 3880 1502 3954 266.

1370 4039 1552 4119 (Uneoht.)

632 4192 728 4265 Karl
754 4195 818 4266 dor
850 4191 979 4266 Grosec
1009 4194 1082 4286 piot
1115 4198 1193 4267 dem
1220 4196 1374 4285 Bieobof
1392 4196 1552 4289 Iliadum
1585 4220 1650 4269 ooo
1684 4197 1852 4269 Mnester
1885 4197 1940 4269 die
1974 4195 2188 4273 Ericobnc's
2227 4229 2316 4277 aum

633 4315 718 4386 Bou
745 4316 841 4386 cister
867 4315 998 4388 Kissie
1025 4320 1064 4388 io
1099 4317 1297 4405 Werctco,
1326 4320 1453 4390 oimmt
1479 4321 1571 4391 diosc
1598 4322 1636 4391 to
1663 4320 1781 4391 setosa
1799 4317 1925 4390 Sedete
1951 4319 2026 4389 aad
2054 4321 2213 4396 eclecakt
2244 4352 2318 4400 aser

639 4436 858 4530 Vollceduup
876 4440 935 4510 dee
963 4441 1043 4511 dort
1060 4464 1104 4510 rs
1123 4441 1364 4513 crsicbtcudeu
1381 4441 1543 4514 Kloetcrs
1561 4442 1628 4513 oea
1646 4440 1771 4512 Fiscus
1790 4439 1948 4512 Lethaeo
1967 4439 2016 4509 ine
2036 4440 2313 4541 Brabcatyou.
2338 4474 2370 4523 so

1851 4580 1966 4640 Wcrms
1989 4583 2056 4642 802
2078 4581 2185 4658 April
2209 4593 2271 4652 26.

736 4770 928 4844 Anoebtiches
955 4769 1094 4845 Oricinol
1115 4789 1172 4832 aas
1196 4774 1262 4831 dem
1286 4771 1411 4847 Anfoap
1435 4774 1485 4834 des
1508 4779 1559 4834 11.
1585 4773 1638 4834 Jh.
1663 4773 1705 4830 tm
1729 4769 1935 4831 Staatsorclrtv
1957 4787 1997 4829 ru
2020 4769 2139 4832 Berlin
2166 4774 2240 4857 (A).

737 4908 893 4984 Staayefol
907 4908 988 4968 Ana.
1009 4911 1168 4984 Westplrol.
1187 4915 1218 4982 2,
1243 4914 1305 4972 105
1329 4935 1371 4967 .-.-
1393 4913 1498 4986 Laterio
1519 4914 1586 4971 BA.
1611 4915 1662 4982 18,
1688 4914 1750 4971 691
1772 4915 1807 4969 a⁰
1822 4915 1852 4981 1,
1877 4931 1917 4963 =
1944 4909 2210 4976 Tereteamocuer
2227 4920 2319 4984 Ana.

738 5013 851 5072 Cliniae
871 5018 903 5073 2.
927 5015 970 5077 cd,
993 5013 1060 5073 OD.
1085 5018 1125 5075 51
1148 5020 1184 5074 a⁰
1198 5018 1249 5087 59,
1284 5039 1325 5072 =
1353 5018 1523 5077 Rehtmeier
1545 5015 1980 5089 Brauaectweio·Lttaebaro.
2004 5012 2123 5080 caron.
2152 5026 2238 5096 149,
2274 5049 2319 5082 =

736 5118 1039 5192 miraeus-soporas
1066 5119 1120 5193 op.
1150 5124 1180 5191 3,
1217 5124 1237 5181 8
1266 5125 1333 5182 o.6
1367 5145 1409 5177 =
1442 5123 1576 5181 Durnoat
1606 5119 1697 5195 corps
1727 5122 1799 5194 dipl.
1829 5126 1859 5200 1,
1894 5123 1957 5181 369
1985 5125 2020 5178 πθ
2040 5125 2072 5193 1,
2113 5146 2161 5180 =
2199 5128 2318 5205 1119ηο
2340 5149 2372 5198 35

736 5221 850 5284 Potrot.
867 5225 919 5294 97,
943 5226 1026 5283 1071
1050 5229 1085 5282 a⁰
1098 5227 1150 5285 21.
1175 5259 1217 5268 -
1240 5226 1405 5285 Baceliaus
1425 5225 1589 5286 Gerosoaia
1612 5243 1700 5286 sacra
1720 5229 1751 5286 2.
1769 5225 1812 5285 ed.
1829 5229 1861 5295 2,
1885 5228 1958 5285 307.
1990 5255 2028 5266 -—
2054 5223 2198 5289 acumen
2227 5235 2317 5297 Hist.

745 5325 921 5398 Westfcliae
944 5329 1003 5387 691
1029 5327 1099 5406 (aas
1122 5329 1162 5407 Α)
1187 5352 1228 5384 =
1251 5330 1384 5390 Behrens
1407 5332 1498 5390 Fasti
1521 5327 1618 5391 Oarol.
1636 5333 1686 5390 48.
1711 5363 1751 5372 -
1777 5327 1906 5402 eonriaq
1933 5327 1986 5402 op.
2004 5329 2034 5398 5,
2059 5331 2132 5392 888
2160 5334 2242 5412 (aas
2261 5339 2319 5420 A).

738 5463 777 5474 -
814 5430 896 5505 Orio.
922 5432 1025 5505 Guelf.
1048 5435 1078 5504 5,
1107 5437 1150 5494 20
1177 5451 1234 5493 aas
1257 5434 1286 5493 A
1314 5438 1370 5494 mit
1397 5434 1602 5508 Schriftprobe
1630 5435 1694 5492 aad
1721 5433 1983 5508 Sieyelcbtilduny
2011 5431 2078 5504 aas
2101 5439 2171 5499 tab.
2196 5445 2232 5504 6,
2273 5479 2321 5491 -.

735 5537 861 5596 Kremer
882 5536 981 5600 Akra.
999 5539 1093 5598 Beitr.
1110 5557 1169 5598 aar
1194 5539 1304 5598 Geticis·
1320 5539 1383 5598 aad
1405 5539 1586 5613 Berqisolrea
1612 5535 1712 5598 (lescle.
1729 5533 1814 5608 3⁶‚3
1837 5542 1871 5596 n⁰
1886 5541 1915 5597 1.
1935 5569 1973 5578 -
1996 5535 2124 5598 Niesae
2149 5543 2321 5613 Munster,

740 5641 1020 5701 Urlruaoleusomml.
1036 5644 1067 5714 2,
1084 5648 1104 5702 4
1126 5647 1197 5704 a⁰2
1218 5660 1275 5702 aus
1292 5641 1446 5715 Absctrist
1462 5642 1667 5717 Kindliaqers.
1696 5675 1732 5685 —
1756 5642 1925 5701 LacombIet
1948 5640 2171 5710 Nicderrlres'a.
2195 5650 2272 5714 ΠΒ,
2289 5661 2321 5728 1,
2345 5671 2377 5720 40

734 5749 774 5804 14
796 5752 831 5804 a⁰
844 5749 887 5807 26
910 5764 968 5806 aas
991 5745 1029 5806 A.
1059 5781 1099 5791 -
1128 5747 1323 5806 Mullbaoher
1345 5749 1418 5819 Rea.
1443 5750 1508 5807 387
1531 5745 1627 5824 (880).

705 5929 765 5986 285.
784 5932 808 5992 s)
824 5933 1010 5998 teguminibus
1023 5931 1058 6000 B,
1076 5930 1109 5984 in
1121 5929 1164 5983 Μ.
1177 5932 1232 5984 912
1244 5932 1319 5998 (883)
1332 5935 1495 5998 tegumentis
1565 5934 1586 5998 t)
1604 5933 1677 5998 possi
1695 5946 1741 5984 am
1753 5929 1867 5984 Scblass
1885 5930 1962 5982 einer
1975 5929 2060 5998 Zeita,
2081 5935 2090 5982 i
2106 5949 2170 5991 aue
2191 5956 2209 5992 e
2226 5958 2319 6007 corr,

783 6000 913 6054 darstcols
930 6000 974 6054 bie
992 6017 1055 6054 ram
1073 5999 1162 6054 Rarsd
1180 6001 1279 6055 sacar
1366 6003 1395 6067 n)
1414 6004 1477 6068 qnia
1496 6002 1620 6053 volumus
1639 6000 1672 6065 B,
1698 5999 1794 6053 edeam
1813 5998 1855 6052 M.
1874 6000 1928 6053 912
1945 6000 2029 6068 (883),
2050 6005 2120 6068 quis
2141 6011 2229 6065 stacte
2251 6013 2320 6068 dem

783 6070 1012 6139 vororrpelscadea
1030 6071 1101 6139 quod
1119 6067 1305 6124 Pleoaosmus
1375 6072 1403 6136 v)
1422 6073 1552 6138 subsripsi
1571 6070 1598 6122 B
1668 6073 1702 6136 w)
1721 6085 1819 6122 nomen
1837 6069 1872 6123 B.
