5642 7159
682 751 747 816 246
1282 756 1720 816 Kalsusuuxuuouu.

682 950 797 1007 notum
826 941 869 1005 sit
891 941 1034 1005 omnium
1063 939 1211 1006 fidelium
1234 951 1421 1008 nostrorum
1451 941 1668 1028 magnitudini
1691 944 1893 1028 presentium
1922 942 2049 1008 scilicet
2076 951 2109 1008 et
2135 942 2330 1026 futurorum,

684 1045 826 1132 qualiter
847 1042 1085 1129 Anghilbertua
1108 1044 1307 1111 venerabilis
1330 1044 1436 1111 abbas
1460 1069 1502 1111 ex
1524 1047 1724 1111 monasterio
1745 1044 1895 1130 Centulo,
1920 1045 2009 1132 quod
2032 1055 2082 1112 est
2104 1055 2329 1112 constructum

683 1149 863 1216 inhonore
893 1149 1015 1215 domini
1038 1158 1070 1215 et
1099 1149 1275 1214 salvatoris
1307 1151 1409 1216 nostri
1439 1151 1514 1215 lesu
1539 1147 1660 1215 Christi
1685 1150 1819 1235 eiusque
1848 1159 1985 1216 sanctae
2012 1150 2178 1236 genitricis
2201 1172 2332 1237 semper

682 1254 818 1339 virginis
841 1251 968 1318 Mariae
991 1261 1025 1317 et
1047 1252 1154 1318 sancti
1176 1253 1263 1318 Petri
1287 1263 1534 1339 ceterorumque
1557 1254 1702 1319 omnium
1726 1252 1951 1339 apostolorum
1974 1263 2006 1319 et
2034 1253 2211 1319 multorum
2237 1275 2330 1320 sanc·

683 1368 801 1439 torum,
834 1356 868 1421 in
893 1376 956 1442 quo
988 1356 1085 1421 etiam
1110 1364 1246 1422 sanctus
1268 1356 1443 1423 Richarius
1471 1356 1756 1444 praeclarissimus
1780 1356 1903 1424 Christi
1931 1359 2101 1423 consessor
2124 1379 2259 1444 corpore
2281 1371 2370 1423 ret

683 1462 832 1549 quiescit,
856 1461 955 1525 situm
977 1461 1011 1525 in
1034 1482 1121 1546 pago
1138 1461 1287 1544 Pontivo,
1312 1460 1355 1526 ad
1370 1463 1522 1527 notitiam
1539 1462 1726 1527 serenitatis
1749 1459 1882 1527 nostrae
1898 1462 2063 1548 perduxit,
2088 1484 2126 1528 eo
2149 1462 2238 1548 quod
2260 1463 2331 1548 ipse

683 1575 817 1631 sanctus
833 1563 1008 1629 Richarius
1024 1563 1133 1628 adhuc
1148 1565 1181 1629 in
1204 1566 1370 1650 praesenti
1388 1566 1521 1632 saeculo
1545 1567 1660 1631 vivens
1676 1567 1709 1631 in
1733 1566 1807 1652 ipsa
1823 1564 1907 1630 silva
1923 1587 2009 1652 quae
2027 1575 2165 1632 vocatur
2180 1565 2330 1631 Forestis

681 1692 785 1758 prope
808 1671 995 1750 cisternam,
1025 1689 1111 1754 quae
1134 1679 1186 1733 eat
1208 1668 1304 1735 iuxta
1325 1669 1435 1735 locum
1458 1678 1668 1757 nuncupante
1691 1669 1889 1757 Argubium,
1924 1671 1958 1735 in
1982 1672 2055 1758 ipso
2079 1693 2166 1758 pago
2191 1672 2330 1736 Pontiro

681 1774 745 1840 sibi
768 1774 812 1840 ad
833 1771 1050 1839 habitandum
1073 1771 1183 1838 locum
1205 1773 1358 1860 elegisset
1388 1774 1439 1858 (et
1455 1775 1542 1840 circa
1565 1776 1673 1862 ipsam
1690 1777 1866 1841 cisternam
1888 1774 1968 1840 bina
1983 1775 2036 1841 vel
2052 1785 2146 1842 terna
2168 1775 2331 1841 bunuaria

682 1880 863 1949 secundum
897 1876 966 1942 eius
995 1877 1188 1962 petitionem
1218 1898 1239 1941 a
1268 1877 1373 1962 regali
1403 1877 1564 1964 dignitate
1592 1889 1731 1965 accepta
1761 1881 1842 1944 satis
1871 1879 1936 1944 vile
1966 1881 2134 1966 tugurium
2163 1889 2330 1946 amatores
2354 1896 2388 1944 10

683 2005 852 2053 servorum
882 1978 934 2046 dei
958 1980 987 2045 ei
1017 1979 1061 2045 ad
1083 1978 1290 2046 militandum
1319 1981 1533 2067 omnipotenti
1558 1982 1619 2048 deo
1643 1983 1818 2049 aedificare
1844 1982 2058 2069 studuerunt>
2084 1983 2195 2070 ibique
2219 1983 2332 2049 divina

680 2090 855 2157 vocatione
878 2108 921 2151 ex
943 2082 1007 2149 boo
1023 2083 1157 2149 mundo
1170 2084 1214 2149 ad
1236 2085 1404 2150 dominum
1420 2087 1605 2171 migrasset.
1632 2087 1695 2170 <Et
1710 2108 1775 2152 non
1799 2096 1875 2172 post
1897 2087 2037 2152 multum
2059 2096 2189 2172 tempus
2212 2087 2330 2153 iratres

681 2217 702 2260 a
724 2191 873 2280 praelato
901 2188 1101 2254 monasterio
1127 2187 1266 2254 Centulo
1294 2189 1440 2255 tulerunt
1463 2211 1595 2256 sacrum
1625 2192 1696 2256 eius
1720 2212 1841 2276 corpus
1869 2200 1903 2256 et
1925 2191 2125 2277 sepelierunt
2152 2190 2233 2257 illud
2256 2212 2330 2255 cum

681 2319 803 2384 magna
816 2294 1001 2361 reverentia
1015 2294 1048 2358 in
1064 2293 1235 2379 praedicto
1252 2295 1464 2377 monasterio,
1488 2316 1547 2380 per
1562 2295 1656 2361 ouius
1672 2296 1790 2361 merita
1806 2296 2030 2382 omnipotente
2046 2294 2107 2361 deo
2129 2303 2330 2383 cooperante

681 2405 715 2469 in
739 2405 814 2489 ipsa
837 2400 902 2465 duo
933 2399 1007 2464 loca
1031 2397 1134 2464 multa
1158 2397 1326 2464 declarata
1351 2408 1428 2464 sunt
1450 2399 1627 2483 magnalia,
1662 2422 1740 2464 nam
1763 2408 1796 2464 et
1818 2398 1879 2466 sub
1909 2400 2005 2464 unius
2029 2398 2160 2464 abbatia
2184 2398 2329 2464 dominio
2354 2411 2387 2463 ιδ

681 2506 792 2572 multis
807 2502 1010 2592 temporibus
1033 2524 1099 2568 una
1113 2501 1232 2568 fuisset
1246 2501 1386 2568 fratrum
1402 2523 1541 2569 concors
1564 2505 1598 2568 in
1615 2502 1667 2569 dei
1683 2501 1840 2569 laudibus
1864 2502 1966 2588 digna
1981 2501 2221 2586 conversatio.)
2255 2502 2330 2583 Qua

681 2635 723 2677 ex
746 2634 781 2676 re
808 2608 903 2696 petiit
925 2607 1133 2673 clementiam
1154 2606 1246 2692 regni
1270 2608 1384 2690 nostri,
1408 2608 1499 2672 utin
1524 2629 1636 2673 amore
1660 2607 1782 2673 domini
1804 2608 1910 2672 nostri
1925 2607 2002 2672 Iesu
2019 2605 2142 2672 Christi
2166 2615 2200 2671 et
2222 2607 2329 2673 sancti

680 2715 823 2781 Richarii
853 2721 1099 2797 oeterorumque
1130 2720 1319 2777 sanctorum
1349 2732 1408 2797 pro
1438 2719 1614 2796 augmento
1644 2709 1806 2776 mercedis
1835 2721 1969 2776 nostrae
1998 2711 2106 2797 ipsam
2134 2709 2262 2792 cellam,
2295 2709 2328 2774 in

680 2841 746 2905 qua
769 2815 830 2883 deo
863 2824 997 2881 sanctus
1020 2814 1196 2880 Richarius
1225 2814 1367 2880 militare
1390 2814 1528 2891 studuit,
1562 2836 1621 2900 per
1643 2825 1858 2902 praeceptum
1888 2815 2096 2880 auctoritatis
2125 2824 2258 2881 nostrae
2285 2813 2329 2879 ud

681 2922 941 3009 suprascriptum
964 2920 1200 2985 monasterium
1217 2919 1403 3001 Centulum,
1427 2917 1484 2983 ubi
1508 2917 1578 2983 eius
1603 2939 1736 2983 sacrum
1759 2919 1957 3005 requiescit·
1979 2940 2112 3005 corpus,
2137 2918 2329 3005 plenissima
2351 2933 2387 2984 20

680 3024 916 3091 deliberatione
939 3021 1054 3088 cedere
1070 3030 1103 3087 et
1124 3021 1314 3088 condonare
1331 3021 1536 3087 deberemus.
1561 3022 1663 3089 Cuius
1678 3022 1869 3108 petitionem
1893 3023 1964 3088 eius
1988 3024 2124 3090 servitio
2148 3032 2181 3088 et
2203 3023 2327 3088 meritis

678 3125 952 3214 compellentibus
976 3126 1139 3211 denegare
1155 3124 1329 3209 noluimus,
1354 3125 1414 3191 sed
1429 3147 1489 3212 pro
1513 3126 1636 3192 honore
1652 3135 1686 3190 et
1708 3149 1819 3193 amore
1836 3127 1959 3193 domini
1983 3137 2016 3193 et
2032 3127 2207 3194 salvatoris
2222 3126 2327 3193 nostri

678 3233 754 3299 Iesu
771 3230 892 3297 Christi
916 3229 968 3295 vel
992 3251 1052 3316 pro
1076 3239 1211 3295 aeterna
1233 3232 1495 3296 remuneratione
1510 3233 1557 3297 ita
1581 3233 1790 3296 concessisse
1813 3233 1894 3297 etin
1918 3232 2070 3298 omnibus
2093 3227 2327 3298 confirmassel

680 3336 879 3422 cognoscite.
909 3332 1099 3400 Statuentes
1116 3356 1193 3420 ergo
1210 3334 1371 3418 iubemus,
1395 3333 1485 3421 quod
1500 3334 1734 3422 perpetualiter
1757 3335 1845 3400 circa
1860 3346 2077 3402 memoratum
2092 3337 2327 3402 monasterium

680 3439 855 3507 (lentulum
888 3439 959 3506 iure
991 3439 1181 3505 firmissimo
1215 3461 1408 3506 mansurum
1442 3461 1515 3505 ease
1549 3439 1712 3524 volumus,
1746 3448 1783 3504 ut
1816 3441 2060 3526 suprascriptus
2090 3439 2326 3526 Anghilbertus
2349 3455 2384 3504 ao

679 3546 795 3632 suique
818 3546 851 3610 in
875 3554 1070 3630 perpetuum
1094 3565 1316 3626 successores,
1349 3545 1405 3630 qui
1429 3542 1550 3608 luerint
1573 3566 1632 3629 per
1655 3552 1805 3630 tempora
1828 3552 1975 3609 rectores
1998 3545 2101 3630 ipsius
2124 3543 2325 3626 monasterii,

679 3648 906 3734 supradictam
930 3647 1048 3714 cellam
1070 3647 1209 3714 Foreste
1232 3671 1306 3714 oum
1331 3649 1419 3713 omni
1444 3657 1561 3713 ornatu
1586 3646 1744 3713 ecclesiae
1768 3658 1800 3712 et
1823 3647 1974 3714 omnibus
2006 3648 2105 3715 rebus
2129 3649 2181 3714 vel
2204 3670 2327 3735 appen-

678 3754 774 3820 diciis
791 3775 850 3818 seu
864 3753 1061 3819 adiacentiis
1078 3752 1157 3835 suis,
1182 3752 1339 3839 quicquid
1354 3753 1398 3819 ad
1414 3774 1572 3839 praesens
1588 3754 1673 3817 iuste
1690 3760 1722 3817 et
1736 3750 1976 3819 rationabiliter
1999 3755 2170 3839 possidere
2185 3753 2324 3832 videtur,

677 3866 736 3922 aut
756 3858 890 3922 inantea
913 3856 1045 3923 domino
1069 3855 1233 3921 tribuente
1249 3854 1371 3921 ibidem
1395 3855 1544 3922 additum
1567 3856 1619 3921 vel
1637 3854 1825 3940 delegatum
1847 3877 1922 3921 cum
1946 3857 2070 3921 iustitia
2093 3866 2127 3921 et
2149 3857 2326 3943 aequitatis

678 3960 792 4027 ordine
815 3961 922 4044 fuerit,
946 3983 1004 4047 per
1025 3959 1089 4025 boc
1105 3969 1239 4025 nostrae
1262 3961 1448 4025 serenitatis
1465 3958 1689 4025 concessionis
1712 3969 1812 4046 atque
1831 3960 2089 4025 confirmationis
2113 3969 2324 4046 praeceptum
2349 3975 2384 4025 uo

678 4073 813 4130 teneant
835 4073 935 4150 atque
963 4063 1166 4151 possideant,
1194 4065 1242 4129 ita
1264 4073 1301 4129 ut
1323 4063 1444 4131 amodo
1469 4072 1501 4129 et
1525 4063 1681 4148 deinceps
1709 4062 1798 4147 (laus
1823 4061 1876 4128 dei
1900 4074 1932 4129 et
1955 4063 2133 4130 eoncordia
2157 4085 2325 4130 servorum

679 4169 803 4235 domini
823 4189 883 4254 pro
906 4167 1057 4234 mercede
1080 4168 1210 4233 animae
1233 4177 1367 4233 nostrae
1390 4166 1451 4232 sub
1475 4188 1591 4232 norma
1613 4166 1819 4233 rectitudinis
1843 4177 1875 4232 et
1898 4169 1993 4233 unius
2016 4167 2148 4233 abbatis
2173 4169 2321 4251 nomine)

676 4274 799 4339 nostris
828 4272 890 4338 deo
913 4272 1045 4336 favente
1074 4271 1258 4358 futurisque
1286 4270 1491 4358 temporibus
1521 4273 1707 4358 perenniter
1735 4280 1868 4337 maneat
1896 4271 2135 4354 inconvulsum,
2172 4273 2325 4358 quatinus

675 4376 793 4443 melius
817 4374 958 4441 delectet
980 4377 1071 4460 ipsos
1096 4374 1288 4456 servusdei,
1313 4376 1369 4461 qui
1393 4375 1516 4441 ibidem
1533 4375 1595 4440 deo
1618 4374 1772 4441 famulari
1788 4375 1950 4450 videntur,
1974 4398 2033 4462 pro
2050 4375 2147 4440 nobis
2164 4385 2196 4440 et
2212 4374 2324 4440 liberis

677 4504 736 4547 seu
758 4489 877 4546 cuncta
901 4479 1019 4545 domo⁶
1041 4489 1155 4545 nostra
1178 4489 1211 4545 et
1233 4502 1292 4565 pro
1316 4478 1498 4545 stabilitate
1520 4480 1612 4566 regui
1635 4482 1739 4545 nostri
1762 4481 1884 4566 iugiter
1918 4480 2041 4544 domini
2069 4479 2323 4544 misericordiam
2348 4493 2382 4544 tt

677 4606 826 4650 exorare.
873 4583 917 4649 Et
939 4592 976 4648 ut
997 4583 1080 4649 haec
1101 4585 1281 4649 auotoritas
1304 4584 1428 4648 firmior
1451 4582 1613 4648 habeatur
1635 4592 1668 4648 et
1690 4582 1854 4648 diuturnis
1878 4581 2079 4669 temporibus
2107 4582 2224 4649 melius
2248 4604 2323 4648 oon-

678 4699 835 4763 servetur‚
859 4710 958 4753 manu
974 4689 1110 4775 propria
1126 4686 1239 4753 subter
1254 4687 1410 4753 roborare
1427 4687 1634 4752 decrevimus
1651 4696 1684 4752 et
1700 4686 1740 4752 de
1756 4686 1855 4752 anulo
1872 4697 1985 4752 nostro
2003 4686 2138 4774 sigillari
2157 4688 2323 4753 iussimus.

781 4827 917 4915 Signum
941 4826 1050 4893 Caroli
1072 4827 1303 4932 gloriosissimi
1326 4829 1423 4912 regis.

779 4944 1032 5016 Ercanbaldus‘l
1055 4948 1155 5032 relegi
1175 4958 1208 5014 et
1231 4947 1423 5034 subscripsi.

779 5072 871 5138 Data
885 5090 940 5136 1111
962 5071 1030 5137 kal.
1047 5071 1123 5136 maii
1140 5091 1227 5136 anno
1244 5088 1370 5134 xxvnu
1387 5078 1420 5134 et
1435 5088 1507 5134 xxv
1523 5071 1614 5156 regni
1630 5071 1752 5151 nostri;
1776 5079 1887 5135 actum
1904 5069 2009 5158 Aquis
2025 5071 2150 5157 palatio
2173 5070 2322 5157 publi003
2345 5090 2381 5141 40

675 5177 709 5243 in
733 5178 785 5242 dei
808 5178 939 5243 nomine
962 5175 1102 5241 feliciter
1123 5198 1228 5240 amen.

1457 5418 1543 5495 183.

675 5564 771 5635 Kurl
797 5565 860 5634 der
883 5561 1012 5635 Crasse
1038 5561 1195 5654 bestdtipt
1222 5565 1299 5635 dem
1318 5564 1463 5636 Kloster
1489 5563 1532 5634 N
1535 5563 1749 5636 canetulo
1776 5565 1843 5635 deu
1870 5586 1936 5634 eoa
1963 5565 2040 5634 dem
2068 5561 2323 5654 Luupoburrlen

676 5684 795 5756 Adule
821 5684 1003 5774 verpubteu
1029 5685 1151 5756 Besitz
1176 5686 1226 5755 im
1250 5684 1368 5756 Gehiet
1395 5678 1461 5758 oon
1487 5684 1646 5772 Vicenzu,
1682 5685 1819 5757 Vareno
1846 5686 1921 5756 trud
1947 5686 2102 5756 auderes
2124 5683 2231 5756 Orteu
2250 5685 2324 5755 raud

675 5805 813 5877 scheulrt
839 5805 1019 5897 Fisculput
1045 5808 1094 5876 im
1127 5806 1246 5878 Gebiet
1273 5831 1338 5878 nou
1365 5806 1535 5898 Boloprru.
2345 5825 2379 5875 rs
2476 5805 2479 5812 ’

1808 5912 1928 5972 Aeeten
1953 5916 2016 5972 797
2041 5904 2279 5990 [Jun-Junq.

754 6057 813 6115 182.
831 6058 858 6126 a)
875 6061 1052 6128 requescitC
1152 6063 1180 6130 b)
1197 6063 1397 6118 confirmaroC
1499 6065 1524 6131 c)
1541 6063 1665 6117 domuC
1765 6067 1793 6132 d)
1811 6063 1981 6117 Eranbaldus
2001 6061 2028 6115 C.

1848 6149 1864 6186 a
