5642 7159
1051 712 1171 773 uini
1192 710 1281 772 DBR
1303 710 1471 773 osossii
1495 707 1567 773 iio.
2071 712 2133 778 301

485 899 553 977 iin]¹’
576 921 680 966 unium
695 917 780 979 abuti,
803 921 841 979 ui,
865 922 940 965 cnm
956 914 1085 966 deberent
1100 901 1302 966 simoniacae
1318 900 1465 966 haeresis
1489 900 1558 964 veri
1575 900 1813 986 exstirpatores
1831 932 1896 980 esse,
1919 932 1936 965 s
1950 912 2137 983 impudsnisr⁰

486 1020 573 1071 effecti
596 1025 659 1071 sunt
680 1038 697 1069 s
719 1020 842 1071 iniuriosi
865 1003 1067 1069 defensores.
1105 1004 1192 1070 Nam
1215 1005 1249 1069 in
1273 1004 1407 1069 datione
1430 1001 1693 1090 praebendarum
1718 1004 1778 1070 sub
1802 1004 1982 1072 oblationis
2005 1009 2138 1074 nomine

486 1111 580 1196 quasi
597 1130 656 1195 pro
680 1110 843 1175 communi
861 1108 1004 1173 utilitate
1027 1107 1188 1173 infinitam
1204 1110 1378 1194 pecuniam
1402 1108 1591 1195 exigebant,
1616 1132 1714 1194 quam
1737 1130 1813 1193 non,
1837 1120 1933 1197 prout
1950 1132 2032 1198 opus
2056 1121 2138 1196 erat,

485 1213 656 1296 fratribus,
687 1212 747 1279 sed
771 1212 952 1278 secundum
981 1232 1159 1297 pancorum
1183 1211 1428 1298 praedictorum
1456 1212 1663 1277 voluntatem
1687 1211 1750 1277 sibi
1773 1223 1902 1279 tantum
1926 1215 2138 1303 providentes

447 1320 570 1383 sinter
593 1341 628 1384 se
651 1316 791 1383 latenter
821 1315 1025 1381 dividebant.
1071 1315 1138 1381 Sed
1167 1317 1344 1401 quoniam·
1372 1338 1468 1382 omne
1491 1339 1595 1401 genus
1624 1319 1787 1383 simoniae
1811 1318 1853 1384 ab
1877 1316 2024 1385 Adriano
2050 1342 2138 1407 papa

487 1422 620 1508 suisque
649 1419 961 1509 praedecessoribus
991 1419 1206 1506 dampnatum
1236 1442 1275 1485 ac
1305 1420 1502 1486 omnimodis
1537 1431 1743 1508 amputatum
1778 1424 2003 1508 cognovimus,
2038 1440 2141 1506 placuit

486 1547 593 1593 nostras
621 1536 655 1591 et
682 1527 863 1591 astantium
893 1539 1078 1605 providentias
1108 1556 1124 1588 a
1152 1540 1266 1605 praefati
1295 1522 1437 1589 Ethonis
1472 1525 1620 1612 episcopi
1650 1525 1817 1611 querelam
1847 1527 1894 1591 sic
1928 1528 2077 1594 modesta
2108 1538 2141 1595 et

486 1629 610 1695 utiliter
625 1638 821 1715 temperare,
844 1650 886 1693 ne
901 1628 1062 1693 utilitates
1079 1626 1239 1693 eeclesiae
1255 1649 1390 1713 prorsus
1405 1626 1578 1693 videamur
1592 1628 1761 1695 destruere
1780 1629 1832 1694 vel
1850 1630 1989 1696 decretis
2009 1641 2141 1718 patrum

487 1743 609 1800 temere
624 1734 799 1800 contraire.
822 1734 955 1819 Rogata
970 1734 1070 1819 igitur
1092 1732 1231 1797 fratrum
1247 1731 1394 1797 eiusdem
1418 1728 1589 1817 episcopi‘¹
1604 1741 1637 1798 et
1659 1733 1797 1798 consilio
1821 1736 2008 1821 principum
2023 1758 2140 1822 pacem

432 1855 464 1903 io
487 1847 521 1904 et
543 1838 757 1905 concordiam
773 1836 978 1923 diligentium
995 1859 1035 1902 ac
1058 1835 1198 1922 provido
1215 1857 1380 1901 consensu
1396 1836 1638 1922 episcoporum,
1663 1834 1750 1901 Lnlli
1773 1836 1927 1903 videlicet
1942 1839 2141 1924 Moguntini,

488 1941 629 2007 Ethonis
659 1951 692 2007 et
714 1942 882 2025 lobannis,
919 1943 1094 2007 statuimus
1119 1949 1153 2004 et
1175 1938 1281 2025 regali
1305 1949 1418 2004 nostra
1447 1940 1644 2004 auctoritate
1668 1940 1947 2025 confirmavimus,
1977 1952 2141 2028 quatenus

488 2045 720 2132 ingredientes,
755 2046 783 2111 si
808 2044 918 2131 digni⁰
940 2044 1125 2112 indicentur
1155 2048 1295 2110 scientia
1316 2044 1464 2111 moribus
1488 2055 1521 2110 et
1543 2066 1673 2131 genere,
1707 2068 1749 2110 ne
1772 2056 1959 2132 appareant
1986 2050 2083 2114 vacui
2108 2052 2142 2114 in

489 2160 670 2235 conspectu
694 2149 828 2233 domini,
853 2150 893 2215 de
917 2149 1036 2224 allode,
1060 2159 1221 2237 quantum
1244 2150 1305 2216 deo
1321 2150 1504 2235 inspirante
1526 2148 1700 2233 voluerint,
1723 2152 1821 2215 matri
1838 2151 1998 2218 ecclesiae
2022 2152 2142 2219 devote

489 2254 637 2321 tribuant
653 2254 717 2331 vel,
745 2255 773 2318 si
795 2253 857 2319 hoc
887 2253 1037 2337 defuerit,
1072 2264 1200 2341 septem
1222 2254 1324 2319 libras
1354 2254 1444 2320 illius
1466 2263 1620 2319 monetae
1649 2254 1682 2318 in
1706 2241 1879 2319 caritatem
1909 2264 1943 2320 et
1969 2276 2142 2324 commune

436 2375 467 2425 io
490 2359 628 2424 fratrum
655 2357 865 2424 commodum
895 2358 1084 2424 voluntarie
1113 2358 1262 2440 offerant,
1297 2368 1333 2425 ut
1362 2358 1439 2425 inde
1468 2359 1573 2424 nostri
1608 2360 1799 2429 memoriam
1833 2369 1969 2445 agentes
1998 2362 2142 2428 alacrius

491 2462 714 2545 consolentur,
750 2462 926 2548 episcopus
956 2484 1034 2528 vero
1065 2472 1098 2528 et
1124 2464 1347 2549 praepositus,
1381 2485 1423 2528 ne
1451 2463 1547 2529 huius
1579 2463 1728 2529 caritatis
1756 2464 1918 2530 immunes
1945 2464 2139 2550 habeantur,

491 2590 567 2634 cum
592 2568 657 2633 sint
680 2567 805 2633 domini
828 2578 862 2633 et
883 2569 1043 2654 magistri,
1067 2569 1173 2635 tribus
1195 2570 1308 2635 unceis
1331 2570 1403 2633 auri
1427 2567 1599 2634 donentur.
1626 2568 1852 2653 Praecipimus
1868 2589 2009 2655 quoque,
2032 2602 2067 2637 ns
2089 2571 2142 2636 de-

491 2673 605 2738 functo
628 2674 737 2758 priore
765 2688 874 2739 aliunde
897 2690 1015 2752 veniens,
1051 2673 1174 2739 sedda
1202 2674 1308 2759 ipsius
1331 2673 1492 2738 ecclesiae
1514 2672 1650 2759 granno,
1686 2673 1713 2737 si
1738 2673 1901 2758 reperitur
1922 2689 2042 2753 idoneus,
2076 2677 2192 2762 epi-11

494 2798 614 2864 scopus
638 2792 768 2859 eligatnr3
802 2777 861 2843 sed
883 2794 906 2843 si
928 2810 946 2842 s
967 2793 1058 2844 nullus
1080 2794 1118 2843 ibi
1141 2794 1247 2860 dignus,
1281 2792 1354 2859 quod
1376 2778 1509 2842 minimo
1537 2775 1710 2857 oredimus,
1744 2792 1904 2855 inveniatur,
1938 2799 2003 2845 tnnc
2030 2796 2144 2860 primum

436 2898 471 2948 to
493 2897 561 2947 siser
582 2914 599 2946 s
621 2896 735 2955 sitientis¹
753 2904 912 2961 assumatur,
947 2884 994 2947 ita
1016 2892 1137 2965 tamen,
1172 2906 1213 2947 ne
1237 2883 1386 2947 Romana
1412 2882 1570 2946 maiestas
1593 2878 1646 2943 vel
1672 2879 1794 2964 regalis
1816 2878 1921 2946 bonor
1944 2882 2143 2967 offendatur3

492 3007 589 3071 quem
604 2985 705 3051 talem
729 3006 802 3051 esse
816 3008 1000 3069 censemus,
1025 2987 1080 3071 qui
1098 2985 1219 3051 babeat
1234 2988 1324 3051 vitae
1338 2986 1500 3066 meritum,
1525 2983 1707 3069 sapientiae
1727 2981 1921 3059 doctrinam,
1945 2989 2143 3071 castitatem,

492 3087 716 3171 sobrietatem,
739 3112 807 3155 non
822 3091 866 3154 sit
881 3088 1099 3170 turbulentus,
1122 3110 1188 3154 non
1204 3088 1383 3154 iracundus
1400 3096 1434 3153 et
1449 3095 1572 3173 quanto
1589 3087 1695 3170 magis
1711 3096 1901 3170 extraneus,
1917 3097 2010 3154 tanto
2027 3092 2144 3158 melius

492 3202 650 3276 moratus,
672 3192 832 3280 providus
849 3202 883 3259 et
897 3192 1126 3259 consideratus
1143 3213 1204 3257 nec
1227 3201 1359 3278 patrum
1375 3191 1573 3256 traditiones
1590 3190 1789 3255 destruendo
1813 3190 1911 3257 alicui
1926 3192 1984 3259 fiat
2000 3194 2144 3263 offensus

492 3295 545 3362 vel
559 3296 730 3363 molestus.
753 3297 914 3363 Volumus
931 3306 1104 3383 praeterea
1124 3317 1178 3362 res
1195 3296 1379 3383 praesentis
1402 3296 1549 3382 episcopi
1574 3316 1773 3380 suorumque
1792 3316 2020 3363 successorum
2043 3316 2072 3365 in
2090 3316 2144 3367 siio

438 3417 472 3465 to
494 3417 570 3467 bravi
593 3400 828 3467 determinatas
851 3422 872 3467 a
894 3402 1022 3466 cunctis
1046 3400 1313 3487 possessionibus
1335 3400 1475 3465 fratrum
1492 3400 1693 3485 sequestrari
1715 3408 1748 3465 et
1770 3420 1837 3464 non
1859 3401 1893 3465 in
1917 3405 2144 3472 mansionibus

493 3505 546 3572 vel
568 3504 874 3591 pernoctationibus
896 3508 1028 3592 uspiam
1051 3505 1093 3571 ab
1118 3506 1165 3571 eis
1189 3505 1376 3591 inquietari,
1407 3504 1466 3569 sed
1490 3505 1559 3569 sine
1583 3506 1671 3568 omni
1695 3503 1806 3569 futura
1828 3506 2090 3575 contradictione
2111 3511 2145 3575 in

493 3611 675 3698 praepositi
699 3621 732 3676 et
760 3611 897 3676 fratrum
927 3610 1146 3697 dispositione
1176 3631 1229 3673 res
1251 3608 1449 3675 claustrales
1477 3607 1692 3673 inconvulsas
1720 3628 1863 3673 manere.
1902 3624 1930 3674 si
1953 3628 2013 3691 quis
2035 3623 2144 3680 autem

493 3716 668 3801 opiscopus
692 3714 761 3781 dux
784 3714 899 3797 iudex,
934 3736 1030 3796 potens
1052 3730 1096 3781 vel
1118 3731 1262 3794 impotens,
1296 3728 1424 3793 spiritalis
1446 3727 1490 3777 vel
1513 3726 1641 3778 secularis
1663 3726 1715 3777 hoc
1736 3732 1844 3778 nostrae
1866 3711 2090 3799 dispositionis
2114 3727 2146 3783 et

492 3819 750 3884 confirmationis
767 3819 934 3886 decretum
957 3830 1086 3885 mutare
1101 3828 1135 3884 et
1156 3818 1281 3884 violare
1296 3834 1486 3898 praesumserit
1507 3836 1534 3882 ai
1556 3816 1729 3881 memorati
1746 3816 1894 3903 episcopi
1917 3823 2145 3904 possessiones

439 3939 473 3989 so
495 3923 641 3988 minuere
663 3932 722 3989 aut
744 3923 828 3989 ullas
844 3923 1022 3989 violentias
1045 3923 1098 3988 vel
1121 3921 1386 4008 perturbationes
1408 3919 1537 4007 probis
1561 3921 1696 3984 statutis
1720 3920 1843 3985 nostris
1865 3919 2020 3988 inchoare
2043 3934 2146 3992 tenta·

493 4027 589 4108 verit,
623 4035 755 4092 conium
777 4043 860 4093 libras
890 4028 961 4092 auri
992 4028 1106 4113 opiimi
1129 4042 1271 4107 persolvat,
1306 4041 1475 4092 medietatem
1497 4040 1564 4090 fisco
1587 4044 1688 4101 nostro,
1711 4024 1848 4108 triginta
1870 4023 2146 4096 archimandritae

494 4131 700 4217 Moguntino,
735 4132 851 4217 viginti
877 4131 1151 4215 Argentoratensi
1179 4130 1349 4197 ecclesiae.
1394 4145 1431 4195 Et
1459 4150 1490 4195 ut
1518 4144 1584 4195 hasa
1611 4137 1744 4194 nostrae
1771 4128 1936 4195 firmitatis
1965 4134 2145 4209 auctoritas
2168 4152 2182 4201 1

494 4234 611 4301 molius
635 4234 838 4319 observetur,
862 4266 944 4300 mann
966 4252 1075 4316 propria
1097 4252 1188 4302 subter
1210 4250 1373 4300 firmavimus
1396 4253 1423 4300 et
1445 4231 1536 4298 bulla
1557 4240 1672 4297 nostra
1695 4248 1795 4314 signari
1816 4250 1951 4301 iussimus.

598 4389 769 4440 amalbertus
792 4389 968 4440 cancellarius
990 4390 1111 4441 advicem
1133 4390 1267 4455 Luitperti
1289 4387 1518 4439 archicancellarii
1541 4388 1697 4452 recognovit
1719 4392 1746 4437 et
1768 4388 1934 4453 subscripsit.
2167 4393 2195 4443 ΙΙ

440 4508 474 4558 35
599 4511 677 4562 Anno
700 4512 849 4563 dominicae
871 4513 1064 4563 incarnationis
1086 4513 1276 4573 Dccuxxiii,
1309 4510 1456 4561 indictione
1477 4512 1523 4571 xi,
1558 4523 1628 4558 anno
1651 4492 1880 4578 gloriosissimi
1902 4510 1991 4561 Caroli
2014 4498 2145 4583 quini03

496 4618 585 4664 actum
599 4615 701 4666 Romae
715 4616 744 4666 in
766 4621 859 4666 sancto
876 4617 919 4667 die
934 4616 1049 4681 paschae
1071 4602 1143 4685 ipso
1167 4630 1239 4681 papa
1255 4614 1373 4665 Adriano
1397 4598 1532 4665 sedente
1548 4599 1581 4662 in
1606 4596 1683 4663 sada
1699 4618 1776 4681 sust3
1802 4614 1831 4663 iu
1854 4614 1896 4663 dei
1912 4616 2018 4665 nomine
2034 4614 2148 4666 feliciter

495 4732 586 4783 amen;
610 4701 689 4768 (laia
711 4721 811 4770 Romae
834 4722 912 4768 x1111
935 4704 1002 4770 kal.
1025 4706 1116 4770 maii.

600 4839 711 4907 Signum
734 4841 824 4892 domni
847 4823 954 4892 Cassiis
974 4830 1084 4912 magni
1108 4834 1141 4891 oi
1163 4842 1323 4893 serenissimi
1344 4826 1433 4912 rogis
1454 4825 1669 4890 Francorum.

1285 5119 1373 5195 225.

444 5275 478 5323 40
1232 5260 1412 5340 (Uuecht).

499 5382 595 5453 Korl
620 5383 686 5453 der
715 5380 843 5454 Grosse
877 5381 1034 5473 bestotipt
1060 5384 1138 5454 dem
1165 5382 1310 5454 Kioster
1336 5383 1380 5454 N
1382 5383 1479 5456 coel
1486 5404 1552 5453 ese
1578 5384 1635 5454 die
1661 5406 1738 5454 vom
1764 5382 1945 5455 Patricius
1972 5383 2069 5456 Abho
2092 5407 2149 5476 pe-

499 5504 681 5576 scbenkten
708 5504 944 5595 Bcsitruuperi
976 5512 1105 5575 sommi
1136 5503 1403 5577 Gereolitsomeri
1436 5506 1512 5576 uad
1545 5504 1763 5593 Zollfrcilecit
1802 5506 1903 5577 seroie
1937 5507 1992 5577 die
2025 5505 2149 5579 Soban-

500 5628 635 5719 tarpeii
668 5628 779 5700 seinos
812 5626 937 5699 Vetera
964 5626 1108 5720 Eppia,
1149 5628 1288 5699 schenkl
1320 5626 1423 5698 selbsi
1456 5628 1520 5699 dos
1546 5627 1691 5698 Klostcr
1722 5624 1772 5697 St.
1802 5625 1959 5698 Meidord
1984 5651 2019 5699 a.
2049 5650 2082 5700 o.
2109 5630 2149 5699 iri

499 5748 678 5821 Francius
706 5750 781 5821 osci
807 5750 950 5820 erimirt
976 5771 1012 5820 es
1038 5772 1105 5822 voa
1127 5750 1231 5838 jede-r·
1263 5746 1397 5819 Geeoolt
1423 5770 1545 5820 ausser
1571 5750 1634 5821 dor
1660 5748 1897 5819 koiscrlioieu.

445 5884 480 5932 to
1812 5867 1908 5928 Porio
1931 5872 1993 5929 774
2016 5867 2106 5930 Jaai.

580 6019 641 6076 Μ
659 6023 884 6090 humanitatis
896 6022 1002 6076 u⁰282
1065 6022 1091 6089 c)
1105 6022 1288 6089 imprudenter
1301 6020 1328 6075 Β
1397 6021 1425 6088 d)
1437 6024 1568 6089 episcopii
1582 6020 1609 6075 Β
1673 6020 1793 6088 s)digne
1806 6019 1833 6073 Β
1903 6018 2005 6087 odom.
2018 6018 2101 6071 Karol
2114 6020 2148 6073 B.
