5642 7159
1296 757 1719 817 KAlSERURKUNDllN.

781 947 940 1006 Deserere
965 945 1048 1006 roeo
1070 945 1123 1004 der
1151 946 1291 1006 Urkoode
1312 964 1368 1006 voa
1390 947 1537 1007 oredimus
1559 947 1642 1007 nobis
1675 979 1717 990 -
1751 948 1916 1006 deberemus
1938 948 2120 1023 praeceptum
2143 947 2256 1004 etimmt
2278 945 2324 1003 bis

779 1049 843 1122 auf
867 1049 915 1108 die
943 1050 1163 1109 obweiobendea
1191 1052 1355 1110 soolslieben
1377 1041 1477 1113 Dotem
1506 1053 1560 1108 mit
1588 1051 1640 1108 der
1667 1050 1809 1110 ortanae
1831 1050 1960 1123 Pelopiae
1982 1056 2017 1107 πθ
2040 1053 2060 1108 7
2083 1048 2139 1119 for
2161 1048 2204 1108 St.
2228 1048 2323 1106 Derris

780 1156 911 1224 ethereis,
946 1153 1000 1212 der
1026 1156 1128 1214 sweite
1153 1155 1245 1226 lircil,
1281 1155 1441 1228 ollerdo‘aps
1470 1156 1525 1212 mit
1553 1154 1681 1212 andero·
1703 1154 1891 1225 Einreilronp
1921 1153 1971 1212 des
2000 1156 2097 1211 ersten
2121 1151 2232 1222 Sotsee,
2266 1169 2323 1210 oon

779 1257 854 1318 siout
882 1275 900 1316 a
929 1257 1082 1319 Bacchoue
1116 1291 1158 1301 —
1191 1258 1320 1333 sigillare
1344 1258 1505 1318 studuimus
1538 1258 1602 1316 aad
1636 1260 1690 1316 mit
1718 1258 1894 1316 Einsolrlsaes
1928 1257 1978 1314 dee
2007 1255 2208 1315 mclmtotolls
2237 1256 2323 1314 bietet

777 1362 932 1422 ‹lenselben
964 1363 1114 1422 Woetlout
1144 1363 1327 1423 11111122.
1363 1364 1480 1420 Korsote
1508 1362 1586 1421 disse
1617 1363 1921 1435 Zusommeasetstmp
1955 1361 2096 1420 Verdoott
2126 1377 2255 1432 meyero,
2289 1367 2357 1418 eoo

776 1465 852 1524 eoird
867 1466 1066 1525 dissererem
1081 1469 1114 1524 in
1137 1467 1288 1539 feroseller
1303 1467 1475 1540 Berietunq
1498 1467 1592 1525 durch
1606 1466 1702 1524 tisim
1716 1466 1780 1524 aad
1796 1466 2070 1524 eboroloteristiecte
2085 1464 2321 1535 Abweiclrunpea

776 1571 840 1629 aad
873 1571 966 1629 dorolr
996 1572 1043 1629 die
1073 1572 1222 1631 elorolroos
1256 1573 1447 1644 seitpemdsse
1472 1569 1690 1641 Formoliruny
1718 1569 1770 1627 der
1798 1569 2016 1640 seltetdndioen
2037 1567 2151 1626 Stellas
2179 1568 2319 1639 beseitipt.

775 1675 837 1732 Eia
855 1672 965 1732 Grand
985 1693 1025 1732 ru
1049 1676 1129 1732 einer
1149 1675 1319 1747 Fdlscbuap
1341 1674 1389 1747 leq
1411 1676 1626 1746 omeoweaioer
1647 1690 1706 1742 eor,
1735 1673 1781 1730 als
1804 1674 1953 1731 Essonnes
1976 1672 2081 1730 nereos
2102 1672 2137 1728 iss
2158 1676 2193 1727 πθ
2214 1669 2257 1728 22
2280 1687 2321 1726 an

776 1777 818 1837 St.
849 1777 943 1836 Denis
968 1779 1121 1851 rescientes
1150 1779 1235 1837 wir-d.
1272 1778 1348 1835 Eine
1375 1778 1592 1849 Interpolotios
1620 1776 1672 1834 der
1700 1777 1783 1834 daea
1816 1776 1981 1834 eoetlioten
2014 1775 2221 1846 Ersoeitemoq
2256 1791 2318 1832 oum

773 1881 906 1941 omnibus
934 1881 1052 1941 teloneis
1082 1881 1207 1958 publicis
1242 1884 1281 1940 ist
1304 1900 1344 1940 on
1365 1882 1429 1940 siclo
1457 1880 1750 1950 unwolrsolreialiolr,
1785 1880 1824 1936 da
1848 1878 1892 1940 St.
1917 1878 2012 1937 Derris
2034 1880 2077 1936 im
2099 1879 2222 1936 Poriser
2247 1877 2318 1936 Geso
2339 1889 2370 1936 ιο

773 1985 848 2044 ouolr
870 1984 918 2043 die
944 1985 1023 2044 Zoilo
1046 1985 1095 2042 des
1118 1985 1416 2059 Dionysiasmorlrtes
1439 1986 1537 2043 oesoss
1561 1982 1607 2062 (πθ
1631 1982 1742 2056 6‚12).
1767 1983 1857 2040 Diese
1878 1982 2019 2042 Urlososde
2040 1981 2132 2053 findet
2152 1982 2319 2053 premetter

771 2094 806 2146 n⁰
828 2088 870 2147 22
894 2088 949 2147 wel
971 2088 1060 2146 dorin
1085 2090 1146 2147 ilrre
1169 2090 1353 2162 tortiorum,
1378 2089 1448 2147 dass
1471 2089 1525 2146 dos
1550 2089 1669 2146 Kloster
1697 2087 1777 2145 Wert
1800 2084 1863 2158 aas
1874 2085 2097 2157 Assertenaoay
2119 2087 2217 2142 seinos
2239 2085 2318 2142 alten

771 2193 938 2251 Beeitetitel
961 2193 1032 2264 lepte
1055 2193 1118 2249 ond
1140 2191 1204 2265 aas
1225 2193 1335 2252 Grund
1357 2193 1508 2252 desselben
1530 2194 1594 2250 eine
1616 2192 1781 2250 seueritate
1804 2190 2032 2268 Bearloaodmsp
2054 2189 2197 2249 erwirlote.

770 2344 929 2430 pippinus
952 2367 1010 2408 rex
1028 2344 1229 2409 Francorum
1253 2346 1303 2408 vil·
1318 2343 1455 2410 illuster.
1556 2359 1694 2410 Credimus
1709 2361 1787 2410 nobie
1803 2359 1875 2425 apud
1891 2365 2009 2410 eternum
2025 2358 2140 2409 iudicem
2156 2361 2184 2406 in
2196 2357 2317 2408 mercede

667 2464 777 2524 sociare,
810 2464 833 2512 si
856 2463 906 2512 hoc
929 2464 1121 2528 cognoscimus,
1150 2463 1221 2529 quod
1244 2463 1278 2512 ad
1300 2464 1361 2514 loca
1383 2471 1535 2514 sanctorum
1558 2465 1641 2514 fuisse
1665 2465 1823 2531 delegatum,
1858 2471 1884 2515 et
1906 2457 2123 2530 preceptionem*
2153 2464 2315 2513 anteriorum
2338 2457 2368 2505 15

666 2582 757 2633 regum
780 2582 860 2617 manu
889 2567 1039 2630 subscripta
1062 2567 1128 2616 inibi
1156 2567 1355 2618 confirmatione
1379 2585 1425 2632 per
1448 2570 1545 2618 nostrie
1573 2569 1689 2619 oraculis
1712 2585 1760 2634 pro
1783 2585 1872 2619 amore
1895 2568 1937 2619 dei
1961 2576 1987 2619 et
2009 2569 2210 2617 retributionem
2240 2582 2315 2616 sauc-

666 2675 752 2719 torum
782 2670 952 2720 affirmamus.
986 2671 1102 2735 ideoque
1132 2672 1290 2722 venerabilis
1314 2674 1354 2721 vir
1377 2673 1509 2721 Folradns
1532 2673 1603 2722 abba
1626 2673 1658 2722 de
1682 2673 1794 2722 basilica
1822 2673 1966 2737 peculiaris
1993 2673 2100 2736 patroni
2123 2672 2206 2720 nostri
2229 2671 2314 2719 sancti

665 2773 798 2836 Dyonisii‚
832 2774 878 2823 ubi
901 2775 958 2838 ipse
985 2775 1121 2837 preciosus
1151 2777 1241 2824 rrrartir
1264 2791 1323 2826 oum
1347 2778 1428 2825 sociis
1450 2779 1505 2825 suis
1528 2777 1555 2825 in
1578 2792 1688 2840 corpore
1711 2779 1847 2841 quiescere
1870 2777 1975 2826 videtur
1998 2776 2040 2826 vel
2064 2777 2120 2840 ipse
2143 2775 2213 2825 abba
2234 2781 2314 2824 una·

665 2893 724 2927 cum
748 2884 835 2928 turma
856 2878 971 2943 plurima
993 2879 1181 2928 inonaclrorum
1205 2879 1300 2946 degere
1323 2881 1447 2930 videntur
1469 2879 1512 2928 vel
1534 2880 1640 2929 domino
1664 2881 1777 2930 militare
1800 2886 1954 2941 noscuntur,
1978 2882 2058 2929 missa
2081 2880 2212 2942 peticione
2235 2878 2313 2928 nobie

664 2988 862 3047 suggesserunt,
890 2999 921 3032 eo
944 2982 1015 3048 quod
1039 2964 1203 3032 Olotariue
1226 2992 1285 3032 rex
1310 2968 1512 3032 Francorum
1541 2990 1599 3053 per
1623 2991 1682 3032 sua
1705 2969 1915 3053 preceptione
1939 2967 1983 3032 ad
2003 2968 2077 3052 ipsa
2099 2988 2178 3030 caea
2201 2965 2312 3030 domni
2331 2983 2366 3031 ao

664 3069 817 3150 Dyonisii
852 3070 1038 3155 delegasset
1068 3069 1146 3134 villa
1180 3075 1436 3156 cognominante
1468 3072 1585 3136 Exona
1620 3073 1717 3136 sitam
1753 3095 1850 3156 super
1883 3071 1983 3134 fluvio
2007 3070 2125 3134 Exone
2160 3070 2192 3131 in
2226 3089 2312 3154 pago

662 3173 830 3238 Parisiaoo
854 3185 887 3238 et
909 3184 1024 3260 postea
1045 3172 1269 3240 Chlodouiusb
1292 3200 1352 3241 rex
1369 3177 1573 3241 Francorum
1598 3178 1714 3240 iterum
1738 3174 1781 3238 ad
1798 3173 1937 3238 basilica
1961 3175 2033 3259 ipsa
2049 3172 2313 3236 reconfirmasset

663 3301 720 3364 per
737 3301 796 3344 sua
820 3280 1038 3365 preceptione.
1064 3279 1159 3344 Unde
1176 3290 1209 3345 et
1225 3281 1313 3364 ipsas
1338 3282 1565 3365 preceptiones
1589 3280 1683 3345 nobis
1708 3280 1850 3344 ostendit
1873 3295 1907 3345 ed
1923 3293 2086 3359 relegendas,
2109 3276 2164 3340 ubi
2189 3276 2310 3340 inveni-

662 3405 744 3464 111118,
769 3383 857 3468 quod
880 3415 927 3463 per
942 3400 1034 3464 iniqua
1056 3399 1202 3464 eupiditate
1225 3400 1379 3465 arnalignie
1401 3401 1555 3452 hominibus
1578 3395 1694 3470 postea
1717 3403 1775 3464 ipsa
1792 3400 1856 3448 villa
1880 3384 1999 3448 Exona
2022 3398 2054 3447 de
2070 3399 2127 3460 ipsa
2144 3411 2206 3446 casa
2226 3397 2311 3446 sancti

661 3503 783 3566 Dyonisii
808 3503 859 3552 fuit
889 3502 1024 3552 abstracta
1045 3502 1087 3551 vel
1112 3504 1251 3552 inminuta.
1280 3504 1361 3554 Petiit
1383 3506 1440 3568 ipse
1463 3505 1534 3555 abba
1556 3504 1599 3553 vel
1622 3506 1680 3568 ipsa
1710 3505 1881 3568 corrgregatio
1911 3502 2095 3552 celsitudinem
2118 3502 2192 3566 regni
2217 3501 2309 3561 nostri,
2328 3497 2362 3545 26

661 3611 690 3654 ut
712 3621 759 3671 per
782 3605 1008 3656 confirmationem
1031 3611 1146 3656 nostram
1172 3606 1213 3656 vel
1237 3606 1455 3658 deliberationem
1479 3600 1623 3656 nostram
1648 3590 1713 3655 tale
1737 3598 1877 3656 emanare⁶
1900 3606 2056 3656 deberemus
2078 3609 2240 3670 preceptum,
2263 3596 2310 3668 ut,

660 3712 729 3760 sicut
751 3727 767 3761 a
789 3711 934 3761 Rauchone
957 3711 1053 3760 comite
1076 3725 1123 3773 per
1145 3715 1262 3759 nostrum
1286 3710 1445 3760 beneficium
1466 3727 1551 3776 nsque
1574 3711 1652 3761 modo
1674 3711 1726 3760 fuit
1749 3726 1872 3775 possessa
1894 3727 1954 3760 cum
1977 3710 2101 3761 omnibus
2123 3710 2243 3759 terminis
2267 3705 2308 3756 vel

659 3814 806 3878 apendiciis
828 3815 892 3876 suis,
926 3799 973 3862 118
1000 3829 1059 3863 cum
1083 3816 1153 3862 omni
1183 3815 1335 3880 integritate
1358 3815 1392 3864 ad
1415 3816 1473 3879 ipso
1501 3817 1662 3866 monasterio
1685 3816 1728 3866 vel
1757 3815 1901 3865 monachos
1930 3814 2029 3865 ibidem
2059 3813 2238 3863 deservientes
2261 3827 2308 3862 seu

659 3917 801 3968 luminaria
822 3919 907 3983 ipsine
930 3917 1042 3967 ecclesie
1064 3917 1260 3981 procurandum
1277 3919 1319 3968 vel
1342 3918 1474 3983 stipendia
1496 3936 1644 3985 pauperum
1666 3919 1765 3968 ibidem
1788 3918 1908 3983 predicta
1931 3919 1995 3968 villa
2017 3915 2145 3983 proficere
2168 3916 2265 3966 debeat
2280 3917 2308 3966 in

658 4027 837 4086 augrnentum,
871 4028 898 4071 et
921 4026 950 4070 ut
977 4021 1073 4070 molius
1101 4021 1215 4072 delectet
1243 4024 1315 4087 ipsos
1344 4024 1488 4074 monachos
1516 4040 1564 4088 pro
1588 4024 1666 4073 nobis
1688 4023 1731 4073 vel
1754 4007 1840 4072 bone
1874 4009 2029 4072 memorie
2063 4035 2189 4087 germano
2216 4024 2308 4070 nostro
2327 4023 2361 4072 30

657 4109 879 4194 Kallomegno
903 4111 1069 4196 quondam
1094 4142 1141 4176 seu
1157 4127 1335 4192 subsequente
1358 4130 1485 4194 proganie
1500 4135 1592 4178 nostra
1607 4127 1650 4178 die
1672 4134 1808 4192 noctuque
1823 4125 1922 4176 domini
1946 4125 2154 4177 misericordiam
2178 4126 2308 4174 attentius

657 4228 807 4294 deprecare.
829 4230 915 4296 igitur
937 4228 1057 4294 predicta
1079 4229 1145 4279 villa
1177 4237 1252 4280 eum
1287 4216 1440 4282 omuibus
1469 4217 1608 4281 teloneis
1639 4215 1781 4302 publicio
1804 4225 1837 4280 et
1859 4246 1919 4280 cum
1941 4232 2019 4280 terris
2042 4230 2165 4280 domibus
2194 4227 2307 4279 edificiis

656 4332 800 4382 accolabus
823 4333 963 4397 mancipiis
986 4334 1071 4382 vineis
1093 4332 1168 4382 silvis
1191 4336 1292 4398 campie
1315 4336 1397 4399 pratis
1420 4337 1527 4399 pascuis
1550 4336 1627 4400 aquis
1649 4350 1813 4400 aquarumve
1836 4333 1992 4384 decursibus
2015 4335 2160 4384 mobilibus
2181 4339 2208 4384 et
2222 4336 2307 4384 inmo-

655 4436 755 4485 bilibus
782 4436 924 4499 iarinariis,
952 4438 1022 4487 sicut
1043 4451 1125 4501 snpra
1146 4436 1269 4500 diximus,
1293 4454 1352 4488 cum
1374 4441 1446 4489 omni
1470 4439 1723 4504 integritatespars
1746 4439 1857 4503 predicti
1881 4439 2032 4488 monasterii
2057 4440 2167 4503 eiusque
2189 4444 2306 4489 rectores

409 4546 410 4550 ’
509 4573 511 4578 ,
611 4587 614 4592 Α
654 4538 779 4602 babeant,
811 4543 920 4590 teneant
942 4545 1022 4605 atque
1044 4539 1198 4604 possideant
1221 4541 1303 4590 etad
1325 4543 1385 4606 ipsa
1407 4542 1534 4592 casadei
1557 4544 1698 4591 innostra
1721 4542 1867 4592 elemosina
1888 4542 1929 4592 vel
1952 4557 2078 4607 germano
2107 4546 2197 4590 nostro
2220 4556 2305 4606 usque
2323 4540 2357 4588 ae

566 4687 568 4690 .
655 4643 682 4691 in
705 4649 863 4708 perpetuum
890 4644 991 4709 absque
1020 4644 1101 4693 ullius
1127 4644 1290 4708 repeticione
1313 4646 1410 4697 debeat
1432 4662 1489 4697 esse
1512 4648 1570 4696 iure
1592 4647 1695 4712 integro
1719 4645 1883 4695 confirmata.
1916 4645 1953 4694 Et
1975 4651 2005 4695 ut
2027 4645 2076 4694 hoc
2099 4646 2184 4695 cessio
2206 4643 2307 4695 tirmior

654 4746 792 4810 habeatur,
816 4763 864 4797 noe
887 4753 960 4797 eem
984 4749 1075 4798 subter
1098 4747 1260 4798 firmavimus
1284 4750 1325 4800 vel
1350 4750 1382 4801 de
1406 4751 1486 4800 anulo
1509 4756 1600 4800 nostro
1623 4750 1740 4816 sigillare
1763 4749 1923 4799 studuimus.

757 4843 896 4929 Signum
921 4847 986 4922 (11.)
1010 4845 1141 4930 Pippini
1165 4845 1394 4930 gloriosissimi
1418 4849 1515 4932 regis.

756 4947 795 5012 In
819 4948 872 5013 dei
895 4950 1025 5013 nomine
1048 4947 1189 5014 Baddilo
1212 4951 1415 5036 recognovit.

754 5059 880 5124 Datum
902 5062 935 5124 in
958 5083 1070 5126 mense
1092 5061 1173 5126 iulio
1189 5084 1277 5128 anno
1295 5081 1342 5126 xv
1365 5064 1456 5148 regni
1481 5064 1599 5144 nostri3
1623 5062 1810 5127 Aurelianis
1833 5063 1967 5126 civitate
1989 5061 2135 5147 publice3
2160 5061 2301 5126 Ithorius
2320 5076 2355 5124 so

652 5164 799 5248 scripsit;
823 5163 964 5229 feliciter
987 5186 1092 5229 amen.

1447 5357 1508 5430 21.

649 5485 783 5578 Pr'ppo'oo
811 5485 967 5577 desidiosi
994 5489 1071 5558 (loon
1098 5489 1245 5561 Kloslov·
1272 5487 1328 5560 St.
1350 5487 1393 5558 H
1396 5487 1431 5558 tl
1438 5488 1532 5559 aire
1558 5490 1596 5559 iro
1624 5490 1686 5558 der
1704 5489 1804 5558 Sindi
1824 5488 1976 5558 Polliam
2003 5490 2058 5559 dio
2076 5478 2323 5560 Imrarsm'tdl.v

1938 5620 2066 5677 Poitiers
2090 5620 2153 5678 768
2176 5619 2256 5681 Juli.

752 5805 905 5878 Alrsrlrrift
929 5809 961 5864 iss
985 5807 1187 5880 Diplomform
1210 5809 1260 5866 des
1283 5812 1420 5871 9.-10.
1445 5809 1498 5868 Jo.
1523 5811 1566 5866 ior
1588 5808 1930 5882 demtementolorrlrio
1950 5827 1991 5866 su
2014 5809 2142 5867 Poilirss
2167 5808 2232 5886 (B).
2315 5820 2351 5867 to

735 5990 775 6044 tt.
804 5993 831 6058 ι)
850 6007 895 6056 per
912 5995 1110 6060 preceptionem
1129 5992 1401 6063 baeterrae
1507 5995 1534 6059 b)
1552 5993 1578 6046 B
1669 5998 1694 6057 c)
1712 5996 1830 6044 emanire
1850 5993 1883 6056 R,
1903 5995 2006 6044 ninnire
2023 6004 2056 6045 sev
2072 5997 2100 6056 73
2119 6008 2154 6045 aa
2172 6009 2299 6044 enrsnsre

804 6060 854 6128 opt.
875 6060 916 6112 M.
938 6059 969 6113 G.
991 6061 1059 6114 Dl').
1080 6061 1194 6116 Meroe.
1214 6065 1260 6124 28,
1279 6067 1315 6116 85
1333 6067 1427 6126 11128,
1445 6066 1488 6114 95.
