5642 7159
1067 750 1185 809 KARL
1207 748 1296 809 ΗΕΒ
1318 751 1487 813 5150885
1510 748 1583 813 773.
2091 754 2154 819 297

604 940 727 998 eweiten
742 936 850 1010 Hatris
872 938 1078 1000 des10.oder
1099 940 1166 1000 dem
1188 945 1239 1001 11.
1258 940 1310 1001 55.
1334 943 1509 1016 55555555·
1536 942 1591 1003 dos
1606 945 1718 1019 tetrior
1731 944 2067 1019 Ileeopnitionsreioben,
2091 947 2156 1007 dem

606 1044 660 1104 dos
676 1044 754 1103 eebte
767 1044 861 1104 Karls
876 1044 937 1124 ΠΙ
953 1046 987 1103 55
1004 1050 1039 1102 n⁰
1052 1047 1117 1107 223
1133 1045 1254 1104 Mnster
1266 1061 1397 1118 oenesen
1410 1064 1451 1105 an
1467 1048 1532 1105 sein
1546 1047 1666 1119 seber'nt,
1689 1048 1765 1108 stebt
1779 1066 1850 1107 rsnn
1870 1048 1953 1109 ibeil
1967 1048 2031 1122 aas
2041 1051 2155 1110 Rosor.

607 1149 654 1207 Ins
677 1147 859 1221 Kernptener
881 1146 1048 1207 Obortnler
1075 1151 1115 1208 ist
1143 1148 1224 1209 diese
1244 1148 1417 1223 Fblsebnnp
1447 1148 1471 1221 s.
1494 1142 1525 1209 3'
1553 1152 1630 1211 5555
1663 1152 1716 1211 der
1743 1154 1798 1211 mit
1828 1154 1877 1211 iltr
1905 1155 1938 1212 in
1965 1154 2155 1229 7555555555

603 1252 762 1310 stebenden
789 1249 987 1323 oersltbcbten
1008 1252 1243 1325 Popstnrlcnnde
1264 1251 1327 1323 ons
1350 1252 1408 1312 den
1429 1255 1549 1314 Nomen
1570 1254 1729 1315 Hadriane
1752 1257 1779 1327 I,
1814 1254 1898 1329 Jofft
1919 1257 2098 1331 1555555.
2122 1262 2153 1319 5.

604 1357 648 1416 55.
671 1362 706 1414 5ο
719 1358 815 1427 2406,
838 1356 1071 1429 Mittlseilnnoen
1093 1357 1144 1417 555
1166 1357 1308 1417 Institnts
1332 1355 1357 1429 f.
1381 1362 1436 1421 bst.
1456 1358 1522 1421 (tlt.
1537 1361 1591 1431 51,
1615 1363 1688 1429 104,
1713 1359 1776 1432 aas
1794 1363 1890 1420 einen
1911 1362 2153 1435 serpebandenen

604 1462 768 1537 Quaternio
796 1478 852 1520 oon
883 1462 963 1519 einer
985 1462 1079 1521 Hand
1105 1462 1230 1522 55512.
1255 1460 1308 1522 Jb.
1333 1461 1420 1541 (5555
1442 1462 1529 1523 Mitte
1553 1462 1714 1542 desselben)
1749 1465 1979 1540 obqescbrieben.
2002 1496 2045 1511 -
2072 1464 2154 1526 Olane

604 1565 681 1624 eclde
708 1564 847 1638 Vorlnpe3
869 1564 925 1624 555
940 1565 1100 1637 Protolooll,
1123 1567 1179 1623 nit
1194 1566 1368 1625 Ansnolome
1391 1567 1444 1626 der
1464 1567 1619 1641 Dctirnnp
1638 1567 1733 1641 pletcb
1747 1570 1850 1641 jenenr
1872 1568 1925 1627 der
1950 1567 2152 1643 Urfblsobnnp

603 1672 726 1740 n⁰282,
755 1670 793 1728 ist
816 1669 899 1727 einer
925 1669 1068 1730 Urknnde
1088 1669 1180 1729 Korts
1201 1670 1265 1741 ΠΙ,
1301 1669 1365 1728 555
1385 1687 1469 1730 55555
1490 1672 1566 1730 narb
1587 1670 1721 1730 Asaweis
1744 1670 1797 1729 der
1818 1688 1880 1730 nnr
1901 1673 2012 1745 scenice
2031 1671 2153 1731 Monate

602 1775 637 1832 55
662 1772 791 1845 (belluno
812 1773 999 1845 qebliebenen
1021 1774 1218 1846 Recopnition
1241 1771 1309 1851 (ayt.
1341 1774 1461 1834 Wiener
1483 1773 1544 1834 ΕΒ.
1569 1776 1621 1854 92,
1644 1775 1718 1845 357,
1742 1771 1818 1849 501)
1850 1790 1907 1833 uon
1929 1776 1994 1835 887
2017 1775 2088 1834 Jnli
2111 1806 2152 1819 -

604 1876 774 1951 September
795 1881 991 1948 entnornmen,
1026 1878 1075 1937 die
1096 1878 1253 1951 Dnttrnnn
1276 1875 1363 1949 snbrt
1385 1876 1450 1950 ans
1468 1879 1516 1937 555
1539 1876 1669 1937 0555555
1691 1879 1863 1939 Hermenns
1892 1897 1949 1938 ron
1970 1879 2153 1950 Retobenca,

603 1983 650 2044 M.
677 1979 715 2043 5.
738 1980 794 2043 55.
818 1982 848 2051 5,
873 1984 945 2053 100,
972 1982 1097 2051 sardot,
1133 1982 1186 2039 der
1213 1981 1292 2040 Korl
1314 1981 1343 2043 5.
1371 1980 1425 2042 Gr.
1450 1983 1527 2057 55555
1554 1984 1644 2043 sebon
1667 1986 1730 2044 773
1760 1982 1845 2061 (stati
1869 1984 1945 2061 774)
1980 2001 2034 2043 oon
2058 1983 2154 2044 Pooio

603 2085 679 2145 noeb
701 2085 778 2143 Rom
800 2084 903 2143 eielren
924 2086 991 2143 555
1012 2084 1078 2144 dori
1098 2083 1204 2145 Ostern
1227 2083 1325 2157 feiern
1347 2086 1439 2158 tltsst;
1465 2103 1523 2145 ons
1545 2086 1695 2146 dersctben
1715 2086 1816 2163 Qnelle
1837 2092 1984 2147 55555555
2006 2088 2083 2147 anob
2104 2088 2153 2146 555

603 2191 645 2247 tn
663 2189 737 2248 seat
752 2191 939 2247 oenoerteten
955 2188 1073 2249 Nomen
1088 2186 1306 2266 (Abt-Btscbof
1317 2189 1443 2249 Jobonn
1458 2192 1497 2249 ist
1512 2191 1643 2251 erwdbnt
1659 2195 1731 2263 759,
1756 2191 1887 2265 Biselrof
1897 2192 2067 2266 55555555
2079 2192 2151 2262 765,

602 2294 662 2353 Abt
685 2292 803 2353 Sterni
826 2290 913 2369 779),
936 2293 985 2351 dle
1006 2293 1097 2354 Nolle
1119 2296 1194 2353 siber
1215 2294 1343 2367 555555
1364 2312 1404 2353 55
1429 2296 1494 2355 755
1514 2294 1534 2355 t.
1558 2313 1582 2355 c.
1606 2299 1665 2356 99:
1691 2296 1886 2371 Andogarius‚
1909 2297 2019 2371 primns
2042 2296 2153 2372 (lampi-

603 2397 739 2457 bonensis
766 2396 895 2457 coenobii
923 2396 1059 2457 fundator
1087 2400 1115 2457 ot
1143 2400 1247 2470 abbas,
1282 2398 1375 2457 locum
1403 2397 1483 2457 illum
1512 2397 1636 2459 incolere
1664 2400 1757 2475 coepit
1790 2399 1884 2473 55595
1913 2416 2001 2473 sopor
2034 2416 2075 2459 on
2103 2400 2152 2458 die

602 2501 774 2575 55555555
796 2518 846 2563 55.
870 2501 909 2560 In
928 2502 1071 2576 pleiobern
1094 2501 1243 2562 Wortlont
1265 2503 1305 2561 r'st
1327 2519 1390 2561 nnr
1411 2501 1460 2560 555
1481 2499 1788 2574 lmmnnitdtsforrnel
1808 2502 1874 2562 555
1896 2502 1945 2561 555
1968 2502 2056 2563 Stella
2077 2504 2152 2561 liber

602 2605 650 2663 die
668 2605 821 2665 Zinslente
835 2624 892 2666 555
908 2608 990 2666 einer
1004 2607 1117 2667 litteren
1131 2607 1336 2667 lteiclrenoner
1350 2606 1524 2680 Felsobnnp
1539 2606 1588 2665 des
1604 2610 1655 2667 10.
1673 2606 1737 2677 55,
1755 2606 1950 2666 Mdlrlbocloer
1965 2607 2040 2679 Rea.
2056 2609 2150 2678 1699,

500 2760 511 2768 ,
602 2711 823 2783 5555555555,
853 2710 900 2769 555
923 2712 977 2770 555
998 2711 1141 2771 Fttlseber
1162 2712 1240 2771 5555
1261 2712 1335 2770 noeto
1365 2708 1422 2783 fdr
1443 2712 1491 2769 ein
1513 2710 1639 2769 anderes
1668 2711 1768 2769 seiner
1788 2710 1973 2770 Mocbroerloe
1994 2710 2150 2784 laeroneoy,

602 2813 757 2874 Nocloroets
780 2813 834 2873 der
856 2813 1027 2888 Fblscbnnp
1043 2831 1106 2873 555
1127 2814 1260 2875 Leobner
1281 2816 1317 2874 55
1336 2814 1568 2889 Mittbeilnnyen
1590 2814 1641 2875 555
1662 2814 1805 2873 Institnls
1829 2811 1853 2885 s.
1871 2818 1926 2873 bst.
1945 2814 2013 2876 GF.
2028 2817 2082 2886 21,
2106 2817 2149 2873 45

602 2917 658 2991 roi.
682 2922 735 2989 37,
759 2922 800 2978 90
823 2918 898 2977 r'l-ber
920 2917 968 2977 die
992 2918 1129 2977 Tendens
1151 2918 1248 2978 dieser
1269 2919 1490 2990 5555555555,
1525 2919 1573 2979 555
1594 2920 1648 2978 me‘t
1677 2918 1731 2979 der
1753 2918 1909 2978 besonders
1932 2920 1966 2978 in
1989 2918 2149 2979 Sebwoben

601 3020 813 3096 ersolpretclren
835 3022 1002 3096 55555555
1024 3022 1077 3082 der
1099 3022 1286 3083 Hirseloaner
1306 3023 1383 3082 5555
1405 3022 1541 3083 15555555
1563 3023 1617 3082 der
1632 3023 1754 3084 Klbster
1775 3040 1831 3082 oon
1853 3023 2011 3082 nettlr'cber
2036 3023 2151 3082 Gewolt

599 3126 882 3200 susannenbbnpt5
904 3127 978 3185 dber
1000 3127 1049 3186 die
1071 3128 1163 3186 55555
1185 3126 1502 3188 055555555555555555
1522 3128 1718 3189 5555555555
1732 3129 1804 3201 lien.
1821 3130 1882 3189 161
1909 3126 2010 3205 (157),
2034 3128 2083 3186 555
2106 3144 2150 3186 er-

602 3227 735 3301 fandene
756 3231 935 3304 Kenptener
952 3230 1120 3304 55555555,
1144 3230 1215 3291 dass
1238 3232 1285 3291 die
1306 3233 1442 3305 Kontpin
1457 3231 1625 3305 Hildepcrd
1646 3233 1695 3292 die
1709 3231 1853 3305 Stifterin
1876 3231 1927 3292 des
1942 3232 2079 3293 chsters
2095 3233 2147 3303 sei,

600 3334 765 3393 Bannsunn
788 3336 1000 3409 Forsclrnnnen
1020 3354 1048 3397 e.
1073 3336 1293 3397 555555555555
1318 3336 1421 3397 55555.
1447 3338 1519 3397 115.

442 3516 476 3567 eo
601 3507 660 3583 (c.)
681 3504 749 3589 {In
765 3505 896 3570 nomine
920 3514 1056 3573 sanotae
1072 3516 1105 3571 et
1127 3506 1317 3573 individuae
1332 3506 1501 3572 trinitatis.
1527 3504 1673 3571 Karolus
1690 3504 1802 3570 divina
1825 3505 1957 3570 favente
1974 3504 2150 3572 clementia

496 3608 674 3693 imperator
688 3617 860 3694 augustus.
966 3608 1002 3675 Si
1017 3620 1167 3676 sanctam
1190 3610 1242 3676 dei
1259 3611 1455 3678 aecclesiam
1480 3610 1580 3695 digno
1597 3608 1833 3693 magnitudinis
1856 3617 1991 3674 nostrae
2014 3632 2149 3675 munere

498 3710 676 3777 sublimare
692 3722 907 3799 augmentare
923 3713 1029 3779 ditare
1042 3714 1275 3798 studuerimus,
1292 3714 1467 3802 plurimum
1479 3713 1576 3779 nobis
1590 3712 1633 3779 ad
1645 3720 1812 3778 aeternam
1824 3712 2123 3778 remunerationem
2136 3710 2152 3793 ξ

497 3823 529 3878 et
553 3816 647 3902 regni
669 3819 774 3882 nostri
799 3816 1014 3884 stabilitatem
1037 3818 1194 3904 prodesse
1217 3818 1423 3885 confidimus.
1462 3818 1608 3904 ideoque
1630 3818 1759 3883 noverit
1787 3819 1933 3882 omnium
1958 3825 2071 3883 sancte
2095 3817 2148 3883 dci

497 3919 681 3985 aecclesiae
709 3920 855 3986 fidelium
884 3931 1138 4008 nostrorumque
1167 3924 1368 4008 presentium
1399 3922 1528 4011 scilicet
1554 3932 1587 3987 et
1614 3921 1798 3987 futurorum
1828 3920 1943 3987 sollers
1973 3921 2148 4003 industria,

441 4038 475 4088 5ο
498 4022 640 4109 qualiter
672 4045 733 4090 nos
763 4023 804 4090 ob
833 4026 1053 4109 interventum
1081 4027 1283 4093 sanctissimi
1312 4028 1416 4113 patris
1443 4022 1569 4091 nostri·
1591 4023 1729 4089 Adriani
1759 4045 1867 4112 papae
1895 4046 1935 4089 ac
1965 4024 2149 4112 supplicem

497 4136 650 4213 rogatum
678 4128 820 4194 dilectae
843 4132 995 4217 coniugis
1022 4140 1156 4196 nostrae
1179 4129 1391 4215 Hildegardis
1420 4149 1569 4195 necnon
1598 4137 1734 4214 propter
1756 4127 1900 4194 nobilem
1928 4126 1989 4194 acl
2018 4128 2148 4195 fidelem

497 4230 693 4298 famulatum
715 4232 884 4319 Iohannis,
908 4234 1084 4319 Angiensis
1108 4244 1141 4299 et
1164 4234 1270 4299 sancti
1294 4231 1384 4299 Galli
1413 4232 1585 4299 reverendi
1608 4230 1742 4297 abbatis
1765 4231 1978 4317 eiusdemque
2002 4233 2148 4319 episcopi

498 4335 775 4421 Constantiensis,
798 4349 948 4425 preterca
971 4340 1012 4405 ob
1038 4341 1189 4406 meritum
1212 4338 1409 4425 Rnodgangi
1426 4337 1584 4403 Metensis
1608 4336 1755 4424 episcopi
1778 4345 1811 4400 et
1830 4334 1953 4401 Sturmi
1969 4336 2148 4403 Uuldensis

497 4441 629 4509 abbatis
643 4466 701 4509 seu
712 4452 895 4510 ceterorum
907 4445 1091 4532 principum
1104 4441 1393 4509 innumerabilium
1405 4441 1503 4507 nobis
1517 4442 1724 4506 asistentium
1739 4439 1968 4526 Audogarium
1982 4440 2147 4527 quendam

441 4559 477 4610 so
497 4546 641 4613 nobilem
663 4569 704 4613 ac
727 4569 867 4633 magnae
889 4550 1078 4633 religionis⁰
1099 4551 1204 4615 virum
1228 4558 1262 4614 et
1284 4548 1427 4635 primum
1448 4545 1725 4633 campidonensis
1747 4544 1877 4611 cenobii
1898 4544 1942 4610 ad
1964 4544 2149 4630 regularem

498 4651 708 4738 disciplinam
731 4652 951 4719 institutorem
975 4653 1220 4739 adsumpsimus
1243 4673 1283 4717 ac
1305 4654 1339 4717 in
1362 4651 1478 4717 eodem
1501 4650 1576 4715 loco
1593 4646 1861 4735 Campidonensi,
1886 4650 1941 4736 qui
1965 4647 2007 4713 ab
2032 4648 2148 4715 eodem

497 4756 531 4820 in
555 4754 712 4822 bonorem
744 4765 880 4821 sanctae
903 4755 956 4820 dei
986 4758 1155 4841 genitricis
1179 4757 1306 4823 Mariae
1335 4764 1547 4821 constructus
1570 4764 1676 4819 estet
1705 4755 1788 4819 situs
1810 4754 1844 4818 in
1868 4775 1954 4839 pago
1978 4753 2149 4838 Ilregowe,

497 4858 653 4925 abbatem
675 4879 751 4924 eum
779 4859 1009 4924 constituimus
1032 4868 1065 4923 et
1086 4882 1107 4923 a
1135 4881 1225 4945 papa
1247 4858 1394 4925 Adriano
1416 4860 1451 4923 in
1481 4867 1596 4923 sancto
1621 4857 1673 4923 die
1701 4879 1802 4944 pasce
1824 4866 2053 4923 consecratum
2076 4880 2147 4946 pre·

497 4964 692 5030 otiosissimis
716 4972 903 5030 sanctorum
932 4973 1114 5051 martyrum
1138 4964 1299 5029 Gordiani
1328 4973 1361 5030 et
1384 4964 1558 5051 Epimachi
1587 4963 1780 5049 corporibus
1809 4964 1966 5030 donatum
1994 4964 2146 5029 insuam

442 5083 476 5134 40
498 5067 674 5133 abbaciam
689 5067 827 5133 honeste
840 5068 1089 5135 transmisimus.
1107 5067 1165 5134 Set
1176 5070 1331 5155 quoniam
1347 5068 1497 5155 predicta
1513 5070 1660 5135 coniunx
1676 5077 1791 5134 nostra
1807 5070 1840 5133 in
1857 5068 1974 5135 codem
1986 5067 2144 5134 coenobio

497 5172 607 5239 locum
631 5172 799 5259 sepulture
822 5195 857 5238 se
879 5171 1067 5237 habituram
1090 5172 1255 5238 ordinavit
1277 5172 1416 5238 diversis
1434 5173 1624 5239 muneribus
1649 5172 1796 5256 ditando,
1821 5172 1977 5259 quioquid
1999 5174 2033 5237 in
2057 5194 2144 5259 pago

496 5275 654 5361 Ilregowe
683 5284 717 5341 et
744 5274 924 5362 Albegowe
952 5285 986 5341 et
1013 5273 1258 5362 0535555555ά
1286 5287 1437 5343 materna
1471 5278 1655 5343 hereditate
1690 5278 1850 5362 legittime
1885 5277 2035 5362 obtinuit,
2071 5299 2144 5343 cum

496 5388 611 5445 nostra
626 5381 826 5467 potestativa
842 5401 942 5445 manu
958 5388 990 5444 et
1002 5379 1164 5466 imperiali
1186 5378 1365 5465 largicione
1381 5380 1460 5445 illuc
1476 5380 1613 5447 tradidit
1628 5403 1669 5446 ac
1691 5383 1726 5446 in
1740 5382 1908 5468 proprium
1924 5383 1975 5447 ius
1995 5382 2143 5448 eiusdem

497 5486 687 5549 monasterii
722 5483 900 5549 transfudit
928 5492 961 5548 et
994 5484 1228 5570 perpetualiter
1261 5483 1509 5570 possidendum,
1545 5485 1630 5549 sicut
1658 5486 1692 5549 in
1725 5482 1790 5549 alio
1824 5484 1916 5550 brevi
1945 5486 2141 5568 continetur,

441 5603 475 5652 45
499 5588 644 5671 donavit,
668 5610 728 5654 nos
752 5589 852 5673 igitur
875 5587 1013 5654 eundem
1035 5588 1145 5655 locum
1169 5598 1283 5675 utpote
1298 5588 1330 5652 in
1353 5598 1466 5655 nostro
1491 5596 1524 5652 et
1547 5586 1587 5651 de
1606 5596 1720 5651 nostro
1744 5587 1916 5653 fundatum
1940 5609 1979 5652 ao
2003 5588 2142 5653 ditatum

496 5694 529 5757 in
558 5702 671 5758 nostro
694 5700 947 5779 nostrorumque
977 5714 1206 5758 successorum
1229 5690 1463 5757 mundiburdio
1493 5692 1561 5755 sive
1585 5691 1776 5757 defensione
1804 5692 1874 5756 fore
1905 5693 2144 5758 constituentes
2239 5764 2240 5769 γ

496 5819 555 5885 per
577 5807 688 5863 nostre
711 5798 918 5863 auctoritatis
947 5798 1161 5864 munitionem
1190 5797 1423 5861 confirmamus
1455 5805 1487 5861 et
1516 5797 1726 5883 precipimus,
1751 5817 1781 5861 uc
1804 5812 1893 5862 nullus
1916 5812 2040 5877 puplicae
2062 5812 2143 5863 iudex

573 5985 633 6043 222.
653 5988 680 6048 5)
698 5986 767 6040 aber
784 5986 835 6040 der
853 5987 929 6041 Zes‘le
946 6002 999 6041 oon
1018 5984 1160 6041 55555555
1173 5985 1264 6040 Hand
1281 5985 1490 6055 noobpetrnpen
1559 5986 1588 6052 b)
1605 5984 1729 6037 solbere
1745 5998 1800 6036 555
1801 5982 1952 6107 petrcgen
2022 5984 2047 6049 c)
2037 5984 2143 6049 )relio·

651 6059 742 6125 monis
759 6057 787 6111 A
856 6057 884 6124 5)
902 6063 930 6109 et
947 6056 1157 6125 Ongsstgowa
1146 6072 1178 6108 55
1194 6054 1365 6125 pedrbnpter
1377 6054 1487 6122 Sobrift
1505 6070 1558 6109 oon
1578 6054 1720 6108 derselben
1734 6053 1803 6107 Han
1844 6052 1902 6120 anf
1915 6052 2027 6107 starker
2045 6052 2143 6107 Rasnr

550 6160 788 6213 Kaisarurknnden
808 6160 831 6211 1.
