5642 7159
637 728 702 794 204
1243 735 1683 797 Kslsnuunxuunuu.

638 921 879 987 coniunctionis
902 917 1073 1004 nostrae>3
1097 932 1210 988 actum
1235 919 1539 1006 [Th]eudonevilla¹
1561 920 1685 1008 palatio
1708 930 1837 1002 nostr03
1860 921 1894 985 in
1918 920 1969 987 dei
1992 921 2123 986 nomine
2146 920 2285 988 feliciter

642 1022 840 1108 <indictione
863 1022 990 1109 sexta).

1425 1266 1511 1343 150.

639 1410 735 1482 Korl
761 1411 825 1481 der
854 1406 982 1482 Grosse
1008 1408 1166 1501 bestbtipt
1192 1411 1256 1482 der
1280 1407 1414 1482 Kircbe
1440 1433 1506 1482 coa
1533 1408 1699 1483 Arcaea
1727 1412 1795 1482 dea
1821 1410 1950 1482 Besitr.

1840 1532 1957 1592 Worma
1980 1535 2043 1593 783
2068 1530 2190 1592 October
2211 1537 2241 1594 9.
2308 1548 2325 1595 ι
2362 1573 2383 1611 ,

746 1686 884 1762 Oriciaol
905 1689 948 1747 im
973 1685 1189 1762 Capitelcrcbio
1209 1705 1251 1746 ιιι
1272 1687 1388 1747 Arme
1411 1685 1475 1766 (A).

743 1828 899 1887 Maratori
916 1825 989 1889 Act.
1004 1825 1074 1887 Ital.
1092 1830 1122 1897 6,
1145 1829 1209 1886 359
1226 1843 1283 1886 aas
1299 1825 1327 1885 A
1342 1827 1397 1884 mit
1414 1826 1672 1900 Siccelabbildaay
1687 1849 1729 1882 =
1752 1826 1845 1886 Lami
1859 1827 1939 1889 Eccl.
1956 1826 2085 1888 Floreat.
2103 1827 2239 1887 Monam.
2255 1832 2287 1898 1,

743 1936 804 1993 321
831 1954 872 1986 =
901 1931 1045 1991 Braactti
1068 1930 1130 1990 OD.
1156 1931 1286 1990 Toscano
1309 1932 1339 2002 2,
1370 1934 1444 2002 257,
1474 1953 1515 1984 =
1544 1930 1647 2004 Mipnc
1668 1931 1781 1991 Potrol.
1805 1936 1857 2004 97,
1882 1935 1966 1992 1014
1994 1939 2029 1990 n⁰
2048 1936 2079 1992 8.
2108 1965 2148 1976 -
2172 1932 2288 2007 Pcsqai

743 2035 923 2095 Doaameatt
945 2034 978 2093 di
999 2035 1113 2093 Arcaea
1138 2038 1167 2107 1,
1189 2038 1234 2096 28
1254 2041 1289 2092 n⁰
1303 2036 1344 2094 15
1367 2036 1423 2092 md
1445 2034 1533 2096 Face.
1563 2068 1595 2079 -
1622 2034 1819 2094 Mbblbocber
1839 2036 1912 2109 Rae.
1935 2037 2000 2096 265
2023 2036 2124 2114 (256).

747 2173 835 2234 Goba
855 2191 911 2232 aon
933 2173 1115 2233 Ercambcld
1139 2173 1333 2247 cerebriebca,
1368 2173 1417 2232 die
1438 2174 1540 2233 Reate
1568 2175 1611 2232 im
1633 2173 1840 2248 Monopramm
1865 2174 1919 2234 mit
1947 2173 2165 2234 verschiedeacr
2190 2175 2286 2246 Time,
2311 2187 2344 2236 lo

745 2277 800 2337 doe
823 2276 918 2352 διομεῖ
936 2281 992 2350 cat
1015 2276 1153 2336 erboltca.

747 2449 805 2527 (0.)
826 2446 840 2528 fi
862 2444 1003 2512 Carolus
1024 2447 1131 2530 gratia
1155 2444 1207 2511 dei
1231 2468 1290 2512 rex
1313 2447 1517 2511 Francorum
1546 2455 1579 2511 et
1602 2445 1899 2532 Langobardorum
1925 2467 1966 2510 ac
1988 2447 2147 2534 patricius
2170 2447 2286 2512 Roma·

642 2573 769 2618 norum.
874 2549 909 2617 Si
924 2550 1138 2638 petitionibus
1155 2550 1360 2616 sacerdotum
1376 2550 1429 2616 vel
1446 2571 1616 2616 servorum
1633 2550 1694 2632 dei,
1718 2552 1781 2635 {in
1797 2571 1862 2637 quo
1878 2552 2001 2617 nostris
2017 2552 2138 2617 suerint
2152 2550 2286 2617 auribus

642 2656 805 2743 prolatae,
835 2654 976 2720 libenter
999 2654 1196 2720 obaudimus
1220 2664 1252 2719 et
1275 2676 1333 2720 eas
1357 2656 1391 2720 in
1415 2654 1467 2719 dei
1491 2656 1622 2720 nomine
1646 2656 1774 2720 effectui
1797 2656 2035 2740 mancipamus,
2066 2655 2189 2741 regiam
2212 2677 2286 2720 con·

643 2759 850 2827 suetudinem
866 2760 1053 2826 exercimus
1077 2768 1110 2824 et
1125 2759 1187 2825 hoc
1210 2758 1306 2823 nobis
1320 2758 1365 2823 ad
1387 2757 1572 2824 mercedem
1588 2759 1641 2824 vel
1659 2759 1871 2824 stabilitatem
1888 2761 1981 2845 regni
2005 2762 2107 2825 nostri
2126 2761 2288 2845 pertinere
2311 2778 2343 2826 ιι

643 2863 850 2931 confidimus.
879 2865 984 2948 Igitur
998 2872 1113 2927 notum
1138 2864 1181 2926 sit
1198 2864 1342 2927 omnium
1363 2862 1511 2928 fidelium
1533 2872 1722 2928 nostrorum
1737 2864 1956 2950 magnitudini
1979 2867 2184 2950 presencium
2203 2864 2290 2930 vide-

643 2968 720 3033 licet
746 2977 779 3032 et
805 2967 999 3047 futurorum,
1029 2965 1171 3053 qualiter
1200 2966 1398 3031 venerabilis
1427 2967 1479 3032 vir
1507 2965 1679 3032 Aribertus
1710 2977 1847 3033 sanctae
1876 2968 2120 3033 Arretianensis
2151 2967 2290 3033 ecclesie

643 3073 828 3158 episcopus,
852 3081 1003 3158 quaeest
1020 3079 1213 3137 constructa
1228 3073 1262 3136 in
1277 3071 1401 3137 honore
1418 3073 1525 3136 sancti
1542 3071 1675 3146 Donati,
1694 3072 1737 3138 ad
1754 3084 1902 3138 nostram
1919 3073 2062 3139 accessit
2078 3074 2290 3139 clemenciam

644 3186 676 3242 et
698 3177 793 3262 petiit
816 3176 984 3241 serenitati
1007 3185 1129 3259 nostre,
1152 3186 1189 3240 ut
1212 3196 1326 3242 omnes
1348 3197 1400 3242 res
1424 3177 1527 3262 ipsius
1552 3175 1702 3259 ecclesie,
1727 3199 1812 3264 quae
1836 3177 1957 3244 ibidem
1982 3199 2002 3242 a
2021 3177 2119 3263 longo
2143 3187 2289 3264 tempore

644 3290 677 3346 et
690 3301 795 3366 usque
810 3302 897 3345 nunc
912 3280 1004 3344 visae
1027 3289 1104 3344 sunt
1119 3281 1332 3364 pertenuisse,
1356 3289 1423 3345 tam
1440 3285 1641 3346 monasteria
1663 3280 1715 3346 vel
1731 3281 1933 3346 senodochia
1949 3304 2113 3368 quamque
2129 3282 2289 3348 ccclesias
2311 3300 2346 3348 ao

643 3383 859 3469 baptismales
889 3405 948 3448 seu
980 3383 1126 3470 reliquas
1154 3385 1382 3468 possessiones
1416 3384 1597 3471 quicquid·
1625 3407 1684 3470 per
1718 3385 1913 3451 donationes
1942 3385 1995 3450 vel
2024 3385 2290 3450 confirmationes

643 3509 756 3571 regum
790 3488 859 3552 sive
887 3487 1085 3553 vinditiones
1114 3488 1393 3569 conmutationes,
1418 3509 1501 3572 quae
1531 3510 1573 3552 ex
1603 3487 1764 3553 bonorum
1794 3488 1962 3554 hominum
1992 3489 2147 3575 largitate
2168 3488 2290 3553 ibidem

644 3592 742 3658 datae
770 3591 823 3657 vel
846 3590 1052 3657 condonatae
1082 3602 1168 3673 sunt,
1196 3591 1249 3657 vel
1278 3593 1377 3656 etiam
1404 3591 1478 3655 illut
1509 3594 1742 3658 monasterium
1773 3592 1878 3658 sancti
1906 3592 2075 3658 Benedicti
2105 3593 2190 3658 infra
2218 3593 2291 3677 ipsa

643 3697 788 3778 civitate,
805 3695 894 3782 quod
909 3695 1016 3761 bonae
1032 3697 1209 3761 memoriae
1227 3693 1463 3761 Cunemundus
1480 3695 1646 3782 quondam
1664 3696 1839 3783 episcopus
1856 3706 2048 3763 antecessor
2064 3718 2144 3761 suus
2163 3695 2291 3780 legibus

547 3819 553 3834 ·
644 3801 839 3887 conparavit
853 3799 906 3865 vel
922 3822 982 3865 suo
998 3799 1149 3864 fundavit
1164 3821 1273 3884 opere,
1296 3820 1451 3865 unacum
1468 3799 1565 3864 rebus
1582 3801 1650 3865 suis
1666 3802 1817 3887 propriis,
1841 3823 1923 3888 quas
1942 3801 1982 3867 de
2005 3803 2074 3867 iure
2097 3798 2290 3888 parentumb
2313 3819 2346 3868 oo

646 3926 778 3970 suorum
801 3903 920 3969 habuit
934 3914 967 3968 et
983 3903 1026 3969 ad
1048 3905 1155 3988 ipsam
1171 3924 1285 3968 casam
1310 3902 1361 3968 dei
1378 3904 1467 3968 visus
1491 3903 1553 3968 fuit
1569 3902 1749 3989 delegasse,
1773 3905 1941 3991 inspectas
1957 3906 2048 3990 ipsas
2063 3905 2291 3990 preceptiones

644 4009 697 4074 vel
719 4008 985 4073 confirmationes
1009 4008 1078 4071 sive
1100 4006 1298 4072 vinditiones
1320 4006 1372 4072 vel
1397 4009 1663 4072 conmutationes
1687 4005 1795 4074 denuo
1817 4031 1877 4094 per
1891 4017 2037 4074 nostram
2061 4008 2291 4074 auctoritatem

645 4114 734 4178 circa
761 4115 869 4199 ipsum
899 4121 1049 4177 sanctum
1072 4111 1180 4176 locum
1211 4111 1327 4177 cedere
1349 4121 1383 4177 et
1412 4112 1608 4177 confirmare
1632 4110 1838 4177 deberemus.
1884 4109 1986 4176 Cuius
2014 4112 2204 4198 petitionem
2231 4133 2290 4198 pro

645 4217 833 4283 reverencia
855 4217 959 4301 ipsius
976 4216 1081 4280 sancti
1097 4216 1161 4280 loci
1184 4214 1349 4281 noluimus
1365 4215 1540 4301 denegare,
1565 4215 1671 4281 sedin
1689 4215 1885 4280 aelimosina
1900 4225 2014 4280 nostra
2037 4217 2085 4280 ita
2100 4217 2291 4302 prestetisse

645 4332 679 4389 et
705 4323 919 4387 confirmasse
947 4321 1148 4406 cognoscite.
1194 4320 1437 4406 Praecipientes
1461 4342 1539 4406 ergo
1570 4319 1732 4402 iubemus,
1762 4327 1807 4401 ut,
1838 4319 1925 4382 sicut
1951 4327 2082 4383 constat
2110 4321 2184 4404 ipsa
2211 4339 2291 4383 casa
2312 4339 2347 4386 so

646 4428 752 4493 sancti
769 4426 895 4490 Donati
919 4425 959 4491 de
974 4423 1132 4511 predictis
1154 4423 1256 4490 rebus
1272 4446 1293 4488 a
1315 4424 1414 4510 longo
1431 4433 1577 4511 tempore
1601 4425 1686 4490 iuste
1710 4432 1743 4488 et
1764 4421 2006 4488 rationabiliter
2020 4421 2148 4508 legibus
2171 4425 2291 4488 vestita

646 4532 748 4596 luisse
771 4540 804 4595 et
819 4529 963 4614 presenti
976 4538 1123 4615 tempore
1146 4538 1348 4593 memoratus
1363 4527 1560 4593 venerabilis
1584 4530 1634 4594 vir
1648 4527 1824 4593 Aribertus
1848 4527 2023 4613 episcopus
2046 4536 2136 4592 recto
2159 4527 2291 4593 tramite

646 4634 816 4722 possidere
838 4632 978 4715 videtur,
1002 4634 1167 4718 inspectas
1190 4633 1280 4718 ipsas
1304 4632 1557 4717 praeceptiones
1572 4631 1626 4697 vel
1649 4631 1913 4697 confirmationes
1935 4651 2060 4715 regum,
2083 4639 2120 4696 ut
2135 4629 2290 4713 diximus,

647 4763 705 4806 seu
727 4738 925 4805 vinditiones
948 4736 1001 4802 vel
1024 4737 1286 4802 conmutationes
1311 4736 1380 4801 sive
1403 4735 1598 4802 traditiones
1622 4735 1782 4802 bonorum
1805 4735 1983 4815 hominum,
2007 4736 2055 4798 ita
2076 4735 2211 4800 inantea
2232 4756 2292 4821 per

646 4847 731 4910 banc
752 4852 900 4909 nostram
923 4843 1155 4907 auctoritatem
1177 4850 1276 4927 atque
1292 4841 1576 4906 confirmationem
1599 4840 1710 4905 valeat
1725 4841 1791 4903 iam
1814 4839 1902 4903 fatus
1920 4836 2092 4902 Aribertus
2116 4839 2291 4924 episcopus
2313 4855 2347 4904 ao

646 4949 763 5034 suique
779 4966 998 5019 successores,
1023 4945 1078 5031 qui
1093 4944 1215 5009 fuerint
1235 4953 1382 5010 rectores
1399 4946 1504 5030 ipsius
1523 4946 1629 5009 sancti
1645 4943 1719 5025 loci,
1742 4944 1833 5029 ipsis,
1857 4952 1894 5008 ut
1914 4965 2014 5028 supra
2029 4943 2292 5026 memoravimus,

646 5050 744 5116 rebus
768 5051 878 5136 quieto
895 5049 1009 5114 ordine
1032 5058 1145 5113 tenere
1161 5056 1194 5112 et
1216 5046 1403 5133 possidere3
1427 5056 1460 5111 et
1482 5046 1590 5111 nullus
1608 5046 1763 5132 quislibet
1786 5046 1827 5112 de
1849 5045 2002 5112 fidelibus
2026 5046 2148 5111 nostris
2172 5045 2291 5112 amodo

647 5165 679 5220 et
702 5155 859 5241 deinceps
883 5174 960 5239 sepe
985 5152 1073 5218 dicto
1098 5153 1253 5238 episcopo
1277 5150 1329 5215 vel
1354 5149 1603 5216 successoribus
1627 5153 1695 5215 suis
1720 5149 1761 5214 de
1789 5151 1854 5214 iam
1882 5149 1961 5214 fatis
1989 5148 2087 5214 rebus
2110 5150 2292 5235 inquietare

646 5270 704 5324 aut
726 5259 923 5323 calomniam
945 5279 1103 5343 generare
1126 5277 1257 5343 quoque
1279 5264 1428 5339 tempore
1450 5274 1515 5319 non
1539 5264 1759 5340 presumatur,
1789 5253 1847 5319 sed
1868 5254 1991 5318 nostris
2014 5260 2047 5317 et
2068 5253 2187 5318 futuris
2210 5262 2289 5318 tem·

646 5362 780 5449 poribus
808 5363 851 5427 ad
874 5365 982 5448 ipsam
1012 5383 1125 5426 casam
1150 5361 1202 5426 dei
1229 5360 1403 5446 proficiant
1424 5359 1458 5422 in
1487 5359 1683 5443 augmentis.
1728 5357 1772 5422 Et
1795 5366 1831 5422 ut
1858 5354 1918 5422 hec
1945 5357 2146 5421 auctoritas⁰
2168 5356 2292 5422 firmior
2314 5375 2347 5423 so

646 5465 854 5551 habeat[ur]‘¹
881 5467 932 5531 vel
956 5489 1016 5552 per
1038 5476 1187 5552 tempora
1216 5463 1332 5529 melius
1356 5470 1579 5543 conservetur,
1611 5459 1758 5546 [m]anu⁶
1787 5462 1920 5547 propria
1945 5459 2057 5526 subter
2086 5481 2160 5525 eam
2183 5461 2292 5526 decre·

646 5575 754 5637 vimus
777 5570 933 5636 roborare
956 5580 989 5635 et
1011 5570 1052 5635 de
1074 5570 1173 5635 anulo
1197 5576 1309 5632 nostro
1333 5567 1488 5631 iussimus
1516 5565 1671 5650 sigillare.

749 5711 764 5793 ξ
786 5709 923 5794 Signum
945 5709 1037 5792 (MP.)
1060 5706 1173 5773 Caroli
1197 5706 1425 5792 gloriosissimi
1449 5706 1545 5790 regis.
1569 5701 1582 5789 ξ

724 5880 784 5937 142.
802 5881 822 5947 i)
840 5880 886 5933 dic
904 5880 1001 5933 beiden
1019 5883 1111 5932 ersten
1129 5877 1309 5931 Bacbatcbcss
1331 5875 1421 5930 darcb
1439 5875 1485 5929 dic
1504 5875 1586 5928 Falto
1604 5874 1773 5943 abpcricbea.

725 5984 784 6042 15⁰.
803 5985 829 6049 a)
846 5987 971 6052 quicquic
990 5985 1016 6036 A
1122 5983 1149 6047 b)
1165 5999 1185 6033 n
1202 5981 1263 6034 aad
1288 5980 1334 6034 die
1352 5979 1657 6050 Aafaapsbucbstabca
1680 5978 1729 6032 des
1750 5980 1887 6034 abbbates
1910 5979 2019 6034 Wortes
2043 5981 2101 6048 osef
2115 5980 2214 6035 Rosar
2238 5995 2292 6034 ooa
2314 5980 2347 6028 45

803 6053 943 6107 deraclbea
961 6051 1053 6105 Ηαιιά
1122 6052 1149 6116 c)
1166 6054 1297 6103 auctorita
1316 6052 1343 6104 A
1414 6050 1441 6115 d)
1458 6049 1535 6103 Locb
1553 6049 1592 6101 im
1611 6049 1785 6117 Pergameni.
