5642 7159
1264 709 1688 770 KAISERURKUNDEN.

764 902 943 960 lironr'scbrn
967 901 1064 960 Noten
1083 899 1138 972 fler
1161 899 1310 960 Bitheriue
1332 899 1491 974 subscripsi
1514 929 1556 942 -
1579 899 1719 957 crsoeisesr
1733 899 1795 957 cicli
1817 898 1862 957 ule
1885 900 1949 957 eine
1971 898 2134 972 cllerdisrpe
2146 897 2307 971 pacabiclrte

759 1005 1017 1076 Nactaeiclmunp.
1056 1005 1177 1064 Ebersso
1197 1003 1340 1076 pescbirlrt
1363 1005 1402 1062 ist
1426 1003 1473 1062 die
1494 1001 1699 1076 Sipsameeile
1721 1001 1786 1061 aad
1813 1000 1861 1061 die
1883 1001 2037 1076 Dctireap
2057 1004 2306 1077 mulgeamclmet,

760 1127 821 1168 nur
842 1111 883 1168 ist
906 1108 960 1167 das
982 1107 1309 1179 Kreas-Menocramm
1331 1106 1386 1165 rael
1409 1106 1521 1165 kleiw
1542 1105 1588 1164 cle
1610 1109 1702 1176 sona,
1725 1106 1799 1164 olene
1822 1106 2127 1180 Vollsielranpestricb,
2162 1126 2218 1168 coss
2239 1108 2306 1168 der·

757 1213 855 1273 selben
872 1213 958 1272 Tisia
980 1214 1035 1270 wie
1057 1211 1104 1269 die
1121 1209 1351 1283 Conlectsolrrift
1373 1209 1438 1269 aad
1451 1210 1528 1268 acob
1549 1211 1647 1268 seiner
1668 1209 1936 1284 aarepelmdsse'pen
1959 1209 2094 1284 Stellem
2115 1213 2158 1270 im
2179 1212 2240 1272 laer
2257 1229 2306 1287 pe·

761 1318 908 1377 bliebeaea
929 1317 1033 1376 licem
1055 1315 1295 1377 walrrsclreinlicb
1316 1333 1368 1375 eor
1390 1315 1443 1373 der
1456 1314 1649 1387 Es'ntrcpaap
1672 1313 1726 1372 der
1741 1312 1939 1385 Signumseile
1960 1316 2181 1389 cinpeeeiclmet.
2222 1319 2306 1390 Zeiqt
2328 1333 2345 1380 o

757 1420 866 1495 peracte
892 1419 946 1479 das
969 1420 1156 1480 Beelrctolcoll
1183 1421 1217 1478 in
1242 1419 1340 1479 sciner
1367 1416 1599 1478 individualitltl
1623 1419 1787 1491 pegmaber
1814 1418 1868 1476 der
1890 1415 2119 1492 Conlectaclrritt
2148 1423 2212 1480 eine
2238 1421 2307 1481 selrr

757 1541 859 1600 prosse
881 1523 1082 1583 Aclmliclrlceit
1104 1524 1159 1582 mit
1181 1524 1247 1583 dero
1273 1521 1409 1596 Oricinot
1430 1539 1495 1580 com
1516 1521 1614 1582 selben
1638 1522 1700 1594 Tap
1722 1522 1786 1580 aad
1808 1520 1863 1594 frte·
1884 1522 2015 1582 describe
2033 1524 2157 1583 Kloeter
2179 1525 2225 1603 (η’)
2238 1525 2305 1603 27),

758 1645 790 1688 so
813 1633 892 1702 trle'pt
920 1627 992 1687 decb
1020 1628 1143 1687 diacon
1171 1627 1223 1686 der
1250 1624 1521 1696 Urlsundeneclrre'ft
1544 1623 1640 1683 dieser
1666 1625 1740 1696 Zeit,
1774 1626 1929 1685 besocdere
1951 1628 1984 1685 in
2007 1627 2060 1686 der
2082 1629 2231 1703 Falernae
2253 1630 2307 1688 der

764 1729 962 1804 Obersclrdfte,
986 1731 1186 1791 cbwcicbeude
1203 1728 1446 1801 Contactsclrrtft
1470 1728 1520 1787 die
1540 1729 1698 1788 immerita
1719 1730 1794 1788 ssocb
1814 1731 1870 1788 mit
1892 1730 1944 1788 der
1959 1728 2081 1790 Oereice
2101 1736 2235 1792 mercat
2257 1735 2306 1804 ist,

759 1841 895 1909 sperem
909 1833 1072 1895 Olearolcter
1093 1835 1138 1894 als
1161 1834 1218 1892 den
1240 1834 1291 1893 der
1309 1834 1374 1892 Zeit
1389 1834 1528 1907 Pippine.
1553 1831 1611 1891 Die
1632 1832 1833 1892 aceeiacadsr
1844 1851 1986 1908 peaopeae
2006 1839 2082 1894 arete
2099 1835 2178 1894 Zeila
2197 1837 2304 1911 pleiclrt
2330 1852 2363 1900 ro

754 1941 842 2013 jener
863 1943 896 1999 in
919 1942 972 2000 der
993 1937 1345 2014 Bestltlipuapsarlcesndc
1367 1938 1553 1998 Karlmccne
1573 1943 1608 1996 η’
1622 1939 1672 1996 el.
1698 1938 1759 1996 Mle
1781 1937 1909 1996 cnderer
1933 1938 2019 1996 Tinte
2040 1940 2080 1998 ist
2103 1941 2167 1998 cine
2190 1940 2308 2001 Ananlrl

761 2042 962 2116 correcturae,
985 2062 1047 2103 aar
1058 2043 1349 2118 crammctibelische
1364 2043 1579 2116 Bessorucpeo,
1604 2045 1798 2117 einpetrepen.
1822 2043 1886 2103 Der
1900 2044 2112 2104 Kreuesclmitt
2126 2046 2212 2120 sript,
2236 2047 2307 2108 daec

763 2149 810 2206 die
830 2148 971 2208 Urlunde
992 2148 1125 2222 besiepelt
1148 2166 1220 2208 scer.
1247 2147 1333 2208 Aeoli
1355 2147 1403 2207 die
1418 2148 1569 2207 Latinitdt
1591 2150 1646 2208 mit
1669 2149 1749 2207 ihrer
1768 2165 1904 2222 praenest
1928 2149 2115 2223 Wedrrpcbe
2136 2150 2185 2210 des
2204 2153 2307 2212 Tectae

763 2254 843 2310 eceist
866 2250 930 2324 osef
948 2253 1011 2312 eine
1034 2250 1124 2324 frilie
1142 2253 1208 2312 Zeit
1231 2253 1284 2311 der
1306 2250 1508 2325 Anserts'passp
1530 2252 1580 2310 dea
1604 2251 1743 2325 &datm
1764 2255 1828 2310 eice
1843 2251 2140 2325 Dorsaclcufeclrriti
2156 2255 2307 2318 Emunitae

762 2355 879 2433 Pippiui
906 2355 985 2430 regie
1009 2357 1111 2429 periore
1141 2356 1206 2414 deos
1234 2360 1264 2419 9.
1289 2354 1342 2415 Jb.
1366 2372 1416 2413 cc.
1442 2386 1481 2398 -
1512 2356 1633 2428 Vorlcpe
1662 2356 1710 2415 die
1744 2355 1884 2416 Urbande
1908 2355 2089 2429 Obilprericlre
2111 2359 2153 2416 Π
2168 2375 2224 2418 coc
2245 2363 2308 2420 716
2333 2373 2365 2422 ro

764 2459 900 2520 Februcr
918 2463 961 2520 29
984 2461 1028 2521 M.
1049 2460 1085 2521 G.
1102 2460 1173 2519 DD.
1198 2460 1320 2520 Meroe.
1337 2462 1379 2519 72
1393 2465 1428 2517 πθ
1442 2462 1481 2519 81
1500 2457 1673 2535 (Oripincl).
1698 2459 1756 2519 Die
1778 2459 1897 2534 Arrago
1920 2462 1969 2532 ist,
1992 2461 2154 2536 cllerdinps
2174 2463 2308 2536 peteret,

763 2563 817 2621 scie
844 2561 897 2622 der
925 2561 1112 2624 Sellcessctz
1140 2564 1193 2622 der
1222 2561 1573 2634 Gorroborctionesormel
1602 2562 1653 2621 der
1679 2564 1918 2637 omcapclreaden
1951 2565 2093 2626 Urbande
2120 2573 2154 2624 πθ
2175 2569 2218 2627 25
2248 2572 2309 2626 ee-

762 2683 906 2726 nommen.
953 2667 1012 2726 Die
1033 2667 1107 2727 colle
1128 2667 1262 2727 Eclabeit
1285 2667 1360 2726 udrd
1382 2667 1477 2726 darete
1498 2667 1546 2725 die
1568 2666 1700 2725 wortliclr
1727 2668 2045 2728 abercinetimmenden
2066 2669 2310 2730 Noclrsrrlrcndess

763 2770 948 2830 Kurlmccas
964 2768 1010 2849 (a⁰
1024 2769 1078 2849 44)
1101 2771 1166 2830 aad
1180 2771 1273 2831 Karta
1288 2770 1317 2830 d.
1337 2769 1389 2832 Gr.
1416 2769 1462 2848 (9³⁰
1476 2774 1527 2842 94,
1550 2769 1626 2848 120)
1649 2773 1787 2845 moeres
1808 2773 1863 2845 apl.
1881 2771 1975 2833 siccet
1995 2774 2089 2832 Beitr.
2108 2774 2166 2833 HI
2181 2793 2208 2834 e.
2225 2776 2308 2850 Dipl.

770 2874 889 2934 Wiener
910 2873 976 2935 SR.
1000 2879 1052 2946 47,
1075 2878 1148 2936 219.
2333 2898 2367 2946 20

764 3060 822 3146 (O.)
844 3065 858 3148 l
879 3063 1038 3149 Pippinus
1066 3086 1126 3129 rex
1156 3061 1359 3130 Francorum
1388 3064 1438 3129 vir
1465 3060 1649 3144 inluster}
1774 3080 1934 3144 recipientia
1955 3083 2032 3148 regni
2053 3083 2137 3132 nostri
2159 3083 2256 3134 affectu
2279 3084 2311 3136 de

662 3187 753 3232 nostra
782 3183 915 3234 erectione
943 3185 1047 3251 integre
1075 3183 1224 3235 auxiliante
1255 3183 1362 3234 domiuo
1391 3182 1503 3250 vigilavi
1526 3187 1553 3234 et
1574 3198 1622 3249 pro
1651 3184 1711 3248 ipss
1737 3184 1810 3234 bona
1840 3197 1922 3248 opera
1949 3190 2057 3235 auctum
2079 3201 2140 3236 cum
2170 3188 2311 3238 consilium

662 3287 826 3352 pontiiecum
855 3287 898 3338 vel
928 3289 1063 3338 seniorum
1097 3290 1256 3353 optimatum
1285 3292 1437 3339 nostrorum
1467 3272 1646 3337 emunitate
1675 3302 1724 3352 pro
1753 3292 1872 3338 nestrum
1902 3286 2110 3339 confirmandum
2144 3305 2255 3356 regnum
2286 3296 2312 3342 et

662 3391 783 3442 mercede
805 3392 848 3443 vel
864 3391 898 3443 ad
913 3390 1110 3458 inepiscendum
1134 3393 1215 3442 vitam
1239 3398 1374 3443 aeternam
1388 3408 1405 3440 e
1421 3406 1550 3443 renovare
1572 3391 1731 3455 deberimus,
1754 3390 1826 3458 quod
1848 3393 1887 3443 its
1904 3398 1931 3443 et
1951 3392 2070 3445 lecimus.
2093 3378 2184 3466 Ergo
2208 3401 2313 3462 oportet

663 3496 814 3548 climentiae
836 3489 1002 3562 principali*
1023 3497 1092 3548 iuter
1115 3502 1216 3547 ceteras
1239 3476 1404 3561 peu'tiouesb
1426 3495 1496 3559 illut,
1518 3495 1590 3562 quod
1611 3511 1659 3561 pro
1675 3495 1762 3547 salute
1784 3495 1944 3547 adscribitur
1960 3503 1987 3548 et
2001 3513 2049 3562 pro
2072 3492 2175 3549 divini⁸
2193 3501 2309 3551 neminie
2332 3501 2366 3550 26

663 3601 824 3665 postulatur,
856 3602 989 3666 placabile
1011 3600 1131 3652 auditum
1155 3615 1297 3666 nuncupere
1319 3606 1347 3652 et
1368 3601 1463 3666 procul
1485 3600 1596 3651 dubium
1618 3599 1654 3650 ad
1677 3599 1800 3652 effectum
1822 3601 1975 3666 perducere,
1994 3608 2127 3668 quatenus
2148 3603 2182 3655 de
2204 3604 2313 3655 caducis

663 3705 744 3756 rebus
767 3707 915 3772 praesentis
938 3705 1039 3758 saeculi
1061 3713 1170 3758 aeterua
1193 3707 1359 3772 conquiritur
1380 3706 1457 3756 iuxta
1476 3709 1647 3771 praeceptum
1671 3703 1772 3755 domini
1795 3688 1948 3756 dicentes⁶:
1972 3706 2073 3770 ,Facite
2096 3708 2173 3757 vobis
2194 3700 2313 3759 amicos⁰

665 3809 698 3860 de
720 3825 844 3860 mamona
858 3791 1050 3876 iniquitates‘¹.
1072 3811 1144 3877 Ergo
1168 3809 1200 3861 de
1215 3825 1354 3862 mamonae
1376 3810 1532 3875 iniquitaten
1554 3811 1631 3859 iuxta
1651 3808 1736 3874 ipsius
1759 3808 1859 3860 dictum
1881 3826 1930 3860 noe
1946 3815 2052 3876 oportet
2073 3825 2190 3862 mercare
2204 3816 2314 3863 aeterna

666 3912 793 3963 caelestia
815 3918 841 3964 et
864 3913 926 3965 dum
949 3913 1116 3966 sacerdotum
1139 3928 1283 3981 congruam
1306 3915 1465 3978 inpertimus
1486 3912 1625 3976 beneficia,
1656 3894 1860 3964 retributorem‘
1882 3912 1988 3964 domino
2012 3929 2044 3964 ex
2067 3914 2119 3964 hoc
2140 3915 2239 3966 babere
2260 3930 2313 3966 me-

665 4031 771 4068 reamur
794 4019 822 4067 iu
849 4023 958 4069 aeterua
985 4018 1166 4068 tabernacula.
1195 4018 1281 4084 Igitur
1309 4017 1471 4070 venerabilis
1493 4018 1534 4067 vir
1557 4000 1721 4066 Fulradut
1744 4016 1816 4066 abba
1838 4016 1871 4068 ds
1894 4016 2006 4068 basilica
2035 4016 2185 4082 peculiares
2207 4019 2313 4084 patroni
2336 4021 2370 4070 30

665 4124 749 4172 noetri
774 4121 863 4172 domni
879 4122 996 4173 Dionisii
1019 4125 1151 4188 martyris,
1173 4123 1221 4173 ubi
1243 4124 1300 4190 ipse
1321 4123 1476 4188 praeciosus
1499 4120 1612 4171 domnus
1633 4122 1662 4170 iu
1684 4136 1795 4186 corpore
1810 4122 1960 4186 requiescit,
1984 4121 2119 4172 alimontia
2141 4124 2215 4190 regni
2230 4126 2314 4175 nostri

667 4225 842 4291 supplecavit,
873 4233 912 4276 eo
936 4227 1007 4291 quod
1029 4227 1063 4277 ab
1087 4226 1301 4278 antecessoribus
1323 4226 1432 4293 regibus
1453 4242 1470 4274 e
1493 4240 1509 4276 a
1530 4225 1611 4292 longo
1634 4231 1753 4290 tempore
1776 4226 1862 4276 omnis
1885 4227 2016 4277 emunitas
2038 4226 2071 4278 de
2094 4227 2173 4277 villas
2194 4228 2313 4295 praefate

668 4332 752 4380 sancti
780 4328 885 4381 basilici
914 4331 966 4380 tuit
992 4347 1163 4397 eoncessum
1190 4330 1262 4382 uude
1285 4335 1312 4382 et
1339 4332 1412 4397 ipsas
1440 4331 1637 4397 praeceptionis
1668 4346 1696 4381 se
1717 4345 1765 4395 per
1792 4331 1916 4380 manibus
1944 4331 2043 4383 habere
2070 4330 2193 4381 adfirmat
2214 4336 2242 4383 et
2263 4331 2314 4382 hoc

668 4449 752 4500 usque
776 4449 847 4485 nuuc
869 4433 1060 4485 inviolabiliter
1082 4435 1181 4486 adserit
1203 4450 1260 4486 esse
1283 4439 1477 4486 conservatum.
1513 4434 1592 4486 Unde
1614 4434 1700 4500 petiit,
1722 4438 1754 4484 ut
1767 4434 1819 4484 hoc
1840 4450 1888 4499 per
1909 4439 2026 4484 nostmm
2049 4437 2209 4487 auctoritate
2231 4435 2313 4487 dinuo

667 4553 716 4602 pro
741 4553 769 4588 re
791 4536 915 4588 firmitate
938 4540 1009 4589 circa
1031 4540 1089 4604 ipso
1112 4544 1204 4590 sancto
1227 4539 1286 4591 loco
1309 4538 1352 4590 vel
1373 4538 1496 4601 bominis,
1524 4539 1571 4604 qui
1593 4532 1642 4589 se⁸
1664 4553 1724 4588 cunr
1746 4537 1898 4588 substantia
1919 4531 2032 4589 eorum*
2053 4537 2087 4588 ad
2115 4540 2175 4604 ipsa
2201 4539 2314 4590 basilica
2336 4538 2370 4588 35

666 4623 796 4692 tradunt¹¹
824 4642 867 4693 vel
901 4642 1060 4706 condonant,
1089 4644 1164 4693 iuxta
1191 4642 1263 4708 quod
1295 4623 1464 4693 anteriores¹²
1492 4627 1580 4713 regis
1601 4657 1649 4708 per
1671 4657 1762 4692 eorum
1796 4643 1971 4693 auctoritates
1992 4641 2027 4692 ad
2048 4643 2109 4707 ipsa
2130 4642 2242 4693 basilica
2263 4643 2314 4694 hoc

668 4748 842 4813 prestiterunt
870 4742 904 4798 et
926 4747 1122 4811 confirmarunt,
1151 4748 1202 4799 hoc
1224 4749 1327 4798 iteratis
1350 4749 1422 4798 circa
1443 4748 1501 4812 ipso
1524 4746 1622 4797 abbate
1651 4745 1797 4797 concedere
1819 4751 1846 4796 et
1873 4745 2028 4797 confirmare
2056 4745 2221 4798 deberemus.
2249 4746 2314 4798 Ideo

669 4855 813 4918 cognoscat
840 4852 995 4918 magnitudo
1024 4868 1072 4903 seu
1095 4852 1198 4902 utilitas
1220 4857 1317 4915 vestra,
1348 4850 1421 4918 qnod
1442 4867 1491 4903 nos
1514 4867 1562 4916 pro
1592 4851 1741 4902 reverentia
1768 4851 1854 4916 ipsius
1882 4851 1967 4900 sancti
1990 4850 2043 4901 loci
2065 4850 2109 4902 vel
2126 4867 2176 4916 pro
2203 4852 2314 4918 quietim

666 4954 771 5006 ibidem·
790 4953 867 5006 deum
883 4955 1074 5006 lamulaucium
1097 4956 1322 5021 prumptissimam
1346 4955 1517 5006 volumtatem
1533 4955 1615 5006 dinuo
1631 4954 1795 5006 concessisse
1817 4960 1844 5005 et
1858 4955 1886 5003 iu
1901 4953 2025 5004 omnibus
2039 4953 2210 5006 confirmasse
2225 4959 2315 5006 restra

668 5065 813 5126 eognoscat
828 5059 943 5112 solertia.
960 5060 1129 5125 Quapropter
1144 5075 1191 5126 per
1213 5059 1283 5110 hunc
1299 5064 1479 5125 praeceptum,
1501 5057 1572 5124 quod
1588 5057 1731 5125 specialius
1747 5056 1912 5108 decernimus
1934 5062 1961 5108 et
1975 5058 2003 5108 iu
2017 5063 2176 5123 perpetuum
2191 5057 2315 5109 volumus
2337 5060 2372 5110 40

669 5177 726 5214 esse
749 5178 910 5226 mensurum¹
933 5163 1064 5226 iubemus,
1087 5169 1118 5213 ut
1139 5178 1224 5229 neque
1247 5179 1295 5214 voe
1317 5178 1403 5229 neque
1419 5164 1537 5213 iuniores
1559 5177 1607 5212 seu
1629 5177 1782 5212 succesores
1804 5162 1885 5212 vestri
1903 5177 1952 5212 uec
1974 5161 2101 5226 quislibet
2123 5162 2156 5213 de
2174 5161 2316 5214 iudiciaria

668 5248 813 5331 potestate¹
835 5267 971 5317 accinctus
994 5267 1022 5316 in
1040 5271 1128 5318 curtes
1143 5266 1256 5332 praefati
1272 5267 1357 5318 sancti
1379 5266 1490 5317 basilice
1506 5265 1596 5316 domui
1618 5266 1735 5316 Dionisii
1757 5265 1805 5317 ubi
1820 5271 1847 5317 et
1862 5265 1909 5316 ubi
1931 5267 1960 5315 in
1982 5281 2164 5333 quascumque
2178 5282 2265 5334 pagus
2287 5269 2315 5317 in

668 5385 750 5436 regno
773 5369 822 5421 deo
838 5371 954 5436 propitio
970 5376 1069 5433 nostro,
1093 5370 1165 5436 quod
1180 5369 1214 5421 ad
1228 5370 1271 5422 die
1287 5354 1482 5438 [praesente]m
1504 5385 1566 5435 pars
1581 5371 1666 5435 ipsius
1680 5370 1835 5420 monasterii
1849 5368 1985 5434 possidere
2000 5370 2044 5421 vel
2059 5369 2195 5421 dominare
2210 5370 2316 5421 ridetur

667 5473 711 5525 vel
734 5473 804 5540 quod
820 5489 837 5524 a
852 5473 901 5525 deo
917 5474 1071 5525 timentibus
1094 5474 1245 5524 hominibus
1261 5490 1308 5539 per
1330 5474 1455 5540 legitema
1471 5468 1668 5525 iustrumenta¹¹
1684 5473 1783 5523 ibidem
1798 5473 1850 5524 luit
1865 5489 2021 5524 concessum
2044 5481 2092 5525 aut
2106 5476 2214 5526 inantea
2235 5474 2317 5526 suerit

755 5645 795 5700 tt.
824 5645 921 5712 aldae
940 5643 1046 5698 letztei
1065 5661 1136 5700 corr.
1157 5661 1209 5698 cus
1228 5646 1312 5699 ecrit
1331 5645 1454 5699 cladem
1474 5646 1557 5700 Yisrte
1661 5648 1779 5713 b)corr.
1798 5649 1968 5700 caecitates
1986 5650 2125 5715 petitionis
2215 5647 2241 5718 e)
2259 5650 2317 5700 dini
2339 5651 2373 5700 lb

823 5731 895 5770 cor-r.
915 5730 969 5768 uus
987 5716 1059 5779 diue,
1077 5714 1200 5769 duriter
1219 5715 1278 5768 eine
1296 5715 1396 5769 Roaur
1541 5718 1569 5782 d)
1586 5731 1659 5770 corr.
1677 5730 1731 5768 uus
1749 5718 1863 5768 dicentis
2006 5719 2033 5784 e)
2052 5733 2124 5780 corr.
2143 5732 2196 5772 cess
2215 5720 2317 5769 amiens

822 5786 844 5852 s)
867 5784 930 5846 Vll,
951 5787 1138 5837 retributorum
1158 5784 1185 5837 B
1280 5785 1307 5852 g)
1329 5785 1394 5844 Vll,
1415 5787 1437 5834 si
1457 5783 1484 5836 B
1587 5786 1615 5852 h)
1633 5803 1649 5836 o
1667 5785 1719 5838 wie
1738 5784 1791 5838 das
1809 5785 1888 5837 lelete
1906 5803 1924 5835 n
1942 5785 1981 5838 im
1997 5785 2146 5854 solpeederr
2163 5788 2318 5840 condonant

824 5854 890 5907 tiber·
909 5851 959 5906 dre·
977 5853 1052 5906 Zeila
1069 5853 1274 5922 nucbpetrapea
1412 5854 1440 5915 h)
1459 5869 1531 5907 corr.
1550 5871 1604 5908 erse
1623 5857 1727 5906 aradum
1848 5855 1878 5921 k)
1895 5869 1966 5907 corr.
1983 5871 2036 5909 ures
2055 5860 2196 5909 anterioris

823 5925 843 5988 l)
861 5930 1007 5990 postestate
1025 5922 1052 5974 B
1156 5924 1192 5989 m)
1210 5926 1325 5991 ergdrrat
1344 5937 1398 5976 aas
1418 5922 1467 5975 der
1489 5923 1546 5978 Vll.
1652 5925 1680 5990 n)
1698 5927 1862 5975 intrumenta
1880 5923 1907 5976 B

706 6025 990 6094 pmmma
2340 6029 2374 6079 m
