5642 7159
642 740 707 804 212
1209 798 1212 803 ,
1257 740 1693 801 ΚΔΙΒΕΒΠΒΚΠΝΒΕΝ.

644 929 823 1017 deprecari.
868 930 914 995 Et
935 938 974 994 ut
994 928 1055 994 hec
1077 929 1258 993 auotoritas
1282 930 1406 994 firmior
1428 927 1591 993 habeatur
1613 926 1665 993 661
1690 925 1870 993 diuturnis*
1896 927 2102 1012 temporibus
2130 927 2289 993 inviolata

642 1045 869 1118 conservetur,
891 1056 991 1098 manu
1006 1032 1140 1119 propria
1156 1032 1268 1098 subter
1283 1055 1356 1098 eam
1380 1032 1588 1098 decrevimus
1602 1031 1762 1098 roborare
1778 1042 1811 1097 et
1827 1030 1867 1098 de
1884 1032 1982 1098 anulo
1999 1042 2111 1098 nostro
2129 1034 2288 1098 iussimus

643 1138 791 1224 sigillari.

748 1277 884 1364 Signum
908 1275 1019 1341 Caroli
1043 1275 1272 1362 gloriosissimi
1295 1275 1392 1361 regis.

745 1417 836 1482 Data
858 1434 895 1480 X1
917 1415 986 1481 kal.
1011 1414 1125 1501 aprilis
1149 1436 1236 1481 anno
1259 1433 1362 1478 xvuu
1385 1423 1419 1479 et
1441 1431 1520 1478 x1111
1541 1415 1635 1500 regni
1659 1415 1782 1497 nostri3
1805 1424 1917 1479 actum
1940 1413 2056 1499 Capua
2080 1415 2230 1499 civitate3
2257 1415 2328 1479 166

645 1522 697 1587 dei
720 1521 852 1586 nomine
874 1519 1014 1585 feliciter
1036 1541 1143 1584 amen.

1431 1797 1516 1871 157.

642 1957 737 2028 Kurl
763 1959 826 2028 der
858 1955 985 2028 Gnosso
1011 1955 1169 2046 66666696
1195 1957 1272 2026 dem
1299 1952 1444 2026 Kloster
1469 1953 1504 2026 S.
1541 1953 1756 2026 Vincsnso
1783 1978 1841 2026 om
1876 1954 2044 2026 Volturno
2077 1957 2144 2027 den
2171 1955 2291 2026 Besttr

642 2081 717 2151 666
742 2078 887 2150 nerleitt
912 2077 1126 2150 Immnnitdt
1151 2079 1227 2148 666
1251 2075 1340 2165 freis
1366 2074 1558 2148 Abtswobt.

1867 2179 1973 2254 06966
1996 2184 2059 2241 787
2081 2181 2171 2240 Mirr
2191 2185 2244 2241 24.
2314 2197 2346 2244 10

746 2372 854 2437 Otrron.
883 2375 1016 2433 Voltnm.
1045 2391 1103 2433 ons
1131 2373 1197 2431 dom
1219 2369 1347 2446 Anfoap
1375 2371 1426 2431 des
1454 2376 1505 2432 12.
1530 2372 1584 2432 Jtt.
1609 2369 1632 2443 f.
1659 2360 1709 2432 78’
1739 2374 1772 2430 tn
1800 2371 1853 2430 der
1875 2372 2040 2431 Bibliotecn
2062 2372 2224 2431 86666661
2248 2391 2290 2432 sn

745 2479 823 2538 Rom
847 2477 912 2556 (B).

745 2616 901 2676 Dnclresns
924 2617 978 2679 SS.
1001 2618 1070 2677 bist.
1093 2617 1205 2677 Frons.
1229 2621 1260 2686 3,
1286 2618 1348 2677 679
1370 2633 1428 2674 666
1451 2616 1481 2675 Β
1503 2639 1545 2671 .-.-.
1567 2615 1613 2675 Lo
1637 2614 1738 2675 Oointo
1760 2615 1841 2674 Ann.
1859 2619 1888 2686 6,
1912 2619 1976 2675 333
1998 2633 2038 2674 sn
2062 2619 2125 2675 787
2146 2619 2224 2685 672,
2248 2637 2288 2669 --

745 2721 1051 2794 611966Ρ61661.97,
1075 2724 1160 2781 1616
1183 2715 1301 2781 60161.
1325 2753 1366 2762 -
1392 2722 1546 2779 Mnrotort
1568 2720 1622 2782 SS.
1646 2737 1703 2780 rer.
1728 2721 1798 2780 Ital.
1823 2715 1870 2790 1⁶,
1895 2722 1958 2780 366
1980 2737 2037 2778 ons
2059 2720 2098 2780 B.
2123 2753 2164 2763 -
2187 2720 2289 2777 non-

746 2827 850 2885 bacher
871 2827 944 2898 Rep.
966 2829 1030 2886 284
1054 2825 1152 2902 (275).
2315 2835 2346 2885 1⁶

745 2963 909 3022 Formnlar
932 2984 972 3016 =
993 2969 1032 3020 n⁰
1045 2965 1118 3033 166,
1142 2966 1215 3022 158.
1254 2964 1293 3022 Ι6
1315 2964 1368 3022 der
1395 2963 1572 3036 Vernananq
1596 2964 1649 3023 der
1672 2963 1770 3036 freicn
1792 2965 1945 3025 Attenuant
1972 2963 2041 3024 sind
2064 2963 2112 3022 dic
2141 2964 2240 3023 Wortc
2262 2965 2290 3022 et

746 3067 947 3144 sapientiorem
967 3067 1045 3124 6666
1069 3067 1197 3140 nnana
1220 3067 1270 3125 666
1292 3069 1348 3125 seit
1372 3070 1435 3128 786
1458 3085 1499 3126 66
1521 3068 1570 3126 dte
1594 3069 1682 3127 Stella
1705 3069 1758 3126 der
1779 3069 1860 3128 alten
1882 3069 2003 3128 Formet
2022 3071 2187 3140 petretencn
2210 3066 2289 3126 Ans-

746 3171 869 3229 drnclses
884 3171 1023 3246 uobisque
1037 3171 1147 3230 fidelem
1164 3168 1230 3248 (snt.
1244 3174 1364 3244 n⁰152,
1382 3175 1456 3242 158,
1473 3174 1545 3242 164,
1559 3172 1635 3249 173)
1646 3191 1711 3231 rom
1725 3172 1881 3233 Sotnetber
1894 3172 2095 3244 nucttrr'tpliott
2111 3172 2288 3244 interpotirt.

745 3275 834 3333 Dtese
862 3275 958 3333 1616166
984 3275 1155 3348 66666669
1185 3277 1316 3348 9661666
1343 3276 1479 3335 6666666
1507 3295 1548 3335 66
1575 3276 1730 3350 Interesse,
1765 3277 1835 3336 dass
1864 3295 1916 3337 nm
1939 3279 2003 3337 783
2032 3276 2092 3335 Abt
2114 3276 2206 3334 Pottro
2235 3292 2291 3334 oon

746 3377 777 3439 S.
806 3379 960 3448 Vincenro,
994 3378 1048 3436 der
1075 3378 1243 3451 Vorottnper
1264 3379 1314 3437 des
1337 3379 1464 3451 Pontus,
1500 3397 1596 3452 666966
1619 3382 1916 3441 bocbocrnttertsober
1937 3380 2176 3454 Aenssernnpen,
2200 3380 2289 3438 deren
2311 3393 2345 3442 so

745 3500 817 3541 mon
838 3483 891 3540 itm
914 3481 1117 3553 besobntdiqte,
1152 3499 1208 3540 666
1230 3482 1309 3542 Kort
1336 3484 1483 3556 66966666
1506 3483 1624 3542 worden
1654 3503 1726 3564 conr,
1758 3485 1827 3546 Cod.
1852 3484 1950 3545 Oarol.
1974 3490 2008 3544 6ο
2028 3487 2079 3555 66,
2104 3488 2155 3554 67,
2179 3483 2225 3545 Μ.
2252 3483 2288 3544 G.

745 3588 845 3659 Epist.
869 3589 899 3656 3,
924 3588 986 3646 594
1009 3586 1064 3659 apt.
1088 3585 1318 3660 Mttttret'tnnpen
1340 3587 1391 3646 des
1415 3589 1556 3648 Instituta
1580 3587 1605 3660 f.
1629 3593 1683 3649 666.
1711 3588 1777 3649 GP.
1801 3591 1874 3663 Εν9.
1899 3593 1928 3659 6,
1953 3592 2025 3649 876.

747 3771 887 3839 Carolus
910 3775 1019 3857 gratia
1047 3774 1098 3838 dei
1120 3796 1181 3839 rex
1203 3774 1406 3840 Francorum
1436 3784 1469 3840 et
1491 3774 1787 3859 Longobardorum
1816 3797 1856 3841 ac
1884 3777 2041 3862 patricius
2064 3775 2288 3840 Romanorum

646 3878 798 3944 omnibus
814 3879 980 3965 episcopis
996 3878 1174 3944 abbatibus
1198 3879 1336 3945 ducibus
1360 3879 1535 3946 comitibus
1559 3880 1723 3945 iudicibus
1747 3879 1918 3945 castaldiis
1942 3881 2134 3944 actionariis
2157 3879 2289 3942 vicariis

642 3984 840 4049 centenariis
863 3982 916 4047 661
938 3981 1072 4070 reliquis
1094 3983 1247 4049 fidelibus
1268 3986 1392 4049 nostris
1415 3984 1623 4071 presentibus
1645 3984 1771 4050 scilicet
1793 4006 1832 4049 ac
1848 3986 1979 4050 futuris.
2084 3983 2289 4048 Maximum*
2312 3999 2345 4046 25

641 4089 734 4173 regni
762 4089 866 4153 nostri
894 4089 927 4151 16
951 4087 1013 4152 hoo
1035 4089 1148 4173 augeri
1172 4087 1336 4153 credimus
1367 4089 1619 4172 munimentum,
1656 4090 1683 4153 si
1712 4089 1926 4175 petitionibus
1955 4088 2164 4154 sacerdotum
2192 4096 2290 4172 atque

644 4214 813 4257 servorum
841 4190 911 4274 dei,
944 4193 977 4255 in
1006 4214 1071 4278 quo
1100 4194 1222 4257 uostris
1251 4191 1388 4258 auribus
1415 4193 1536 4258 fuerint
1564 4193 1706 4279 prolate,
1741 4192 1854 4258 libenti
1886 4195 1995 4257 animo
2026 4191 2290 4275 obtemperamus

568 4311 571 4316 “
644 4305 743 4381 atque
772 4293 816 4358 ad
844 4295 996 4359 effectum
1025 4294 1251 4380 perducimus,
1285 4297 1409 4382 regiam
1439 4297 1713 4362 consuetudinem
1742 4318 1934 4362 exercemus
1965 4306 1999 4361 et
2032 4295 2095 4360 hoc
2123 4294 2219 4359 nobis
2247 4293 2291 4358 ad

643 4397 805 4463 mercedis
829 4407 1042 4484 augmentum
1064 4398 1116 4463 661
1141 4398 1355 4465 stabilitatem
1379 4401 1471 4485 regni
1495 4403 1600 4465 nostri
1622 4402 1656 4466 in
1680 4402 1731 4467 dei
1748 4403 1880 4466 nomine
1903 4402 2066 4486 pertinere
2082 4397 2290 4464 confidimus.

644 4502 857 4588 Quapropter
885 4503 1013 4567 noverit
1041 4502 1188 4568 sollertia
1216 4512 1342 4587 vestra,
1377 4503 1519 4590 qualiter
1547 4527 1608 4569 nos
1636 4505 1681 4570 ad
1708 4506 1897 4592 petitionem
1931 4505 2075 4590 religiosi
2105 4503 2165 4567 viri
2194 4500 2346 4568 Paulino

644 4605 778 4671 abbatis
806 4629 849 4671 ex
872 4607 1076 4671 monasterio
1107 4609 1213 4672 sancti
1237 4607 1402 4672 Vincentii
1431 4609 1601 4696 martyris,
1636 4609 1726 4694 quod
1754 4618 1805 4673 est
1832 4618 2056 4676 constructum
2078 4608 2111 4672 16
2139 4606 2212 4671 1666
2236 4605 2290 4691 qui

644 4711 765 4775 dicitur
788 4709 913 4775 Samnii
946 4732 1046 4797 super
1075 4710 1212 4776 fluvium
1240 4711 1455 4795 Vulturnum,
1485 4713 1551 4777 tale
1578 4711 1775 4778 beneficium
1803 4715 1891 4778 circa
1919 4714 2026 4799 ipsum
2054 4710 2290 4776 monasterium

643 4817 707 4879 visi
730 4815 853 4880 fuimus
882 4817 1098 4899 concessisse,
1128 4826 1165 4880 ut
1193 4819 1227 4880 in
1256 4818 1465 4883 monasteriis
1493 4816 1638 4902 legitime
1669 4817 1731 4882 sibi
1762 4817 1929 4900 subiectis,
1959 4838 2098 4904 quorum
2127 4813 2291 4879 vocabula

645 4929 738 4985 sunt:
775 4921 1010 4985 monasterium
1042 4922 1148 4985 sancti
1178 4920 1264 4986 Petri
1293 4921 1448 5007 apostoli,
1480 4920 1570 5006 quod
1601 4920 1774 4986 fundatum
1800 4931 1851 4986 est
1880 4942 1981 5007 prope
2009 4941 2120 4985 muros
2147 4919 2290 4983 civitatis

644 5032 755 5088 nostre
778 5025 978 5106 Benevento,
1008 5035 1040 5089 et
1062 5027 1300 5090 monasterium
1328 5035 1443 5091 sancte
1466 5025 1581 5105 Maris,
1612 5025 1700 5112 quod
1724 5027 1822 5090 situm
1852 5032 1903 5089 est
1925 5026 1958 5088 16
1987 5023 2060 5088 1666
2084 5023 2139 5108 qui
2168 5022 2288 5086 dicitur
2312 5035 2346 5084 so

643 5129 736 5193 Loco
761 5127 861 5212 Sauo,
885 5139 918 5193 et
939 5129 1177 5195 monasterium
1201 5139 1315 5194 sancte
1338 5130 1453 5213 Maris,
1482 5130 1570 5215 quod
1593 5131 1693 5195 situm
1716 5139 1768 5194 est
1790 5129 1927 5194 1611666
1950 5126 2138 5214 Spolitense
2161 5126 2195 5190 iu
2218 5124 2290 5190 loco

644 5234 699 5318 qui
723 5232 844 5298 dicitur
860 5233 1065 5319 Apinianice,
1089 5234 1223 5319 insuper
1238 5242 1271 5298 et
1295 5242 1405 5298 cetera
1422 5236 1623 5299 monasteria
1644 5233 1697 5299 vel
1721 5233 1824 5299 cellas
1848 5233 1916 5298 sive
1939 5240 2048 5297 curtes
2071 5231 2125 5296 vel
2147 5229 2291 5316 reliquas

644 5338 881 5422 possessiones,
906 5360 967 5424 que
985 5361 1027 5403 ex
1050 5336 1203 5423 largitate
1218 5358 1331 5422 regum
1355 5335 1407 5401 vel
1424 5337 1612 5422 reginarum
1636 5339 1705 5402 sive
1722 5337 1841 5402 ducum
1864 5334 1916 5402 vel
1938 5334 2101 5401 bonorum
2124 5333 2291 5398 homiuum

643 5438 690 5502 ibi
714 5450 790 5505 sunt
807 5441 882 5505 date
905 5441 957 5506 vel
975 5441 1135 5526 delegate,
1160 5464 1220 5507 seu
1242 5443 1342 5506 etiam
1359 5450 1538 5506 excusatos
1562 5440 1613 5506 vel
1631 5443 1773 5524 offertos,
1798 5441 1902 5526 quiin
1926 5440 2062 5525 prefatis
2080 5437 2291 5504 monasteriis

644 5543 788 5629 legitime
810 5545 876 5609 iam
900 5544 1039 5610 subiecti
1066 5555 1142 5610 sunt
1165 5545 1215 5609 661
1240 5547 1294 5630 qui
1316 5545 1434 5610 devote
1458 5545 1572 5610 offerre
1597 5568 1632 5610 66
1655 5567 1729 5611 oum
1753 5547 1820 5610 suis
1836 5544 1935 5610 rebus
1959 5544 2130 5626 voluerint,
2155 5544 2241 5607 iuste
2258 5551 2291 5606 et
2313 5558 2347 5606 to

642 5647 884 5713 rationabiliter
900 5649 1066 5713 licentiam
1090 5648 1211 5714 habere
1227 5647 1380 5731 debeant,
1403 5671 1545 5714 necnon
1569 5659 1602 5714 et
1616 5650 1844 5736 undecumque
1868 5649 1940 5736 ipsa
1957 5669 2037 5713 oasa
2060 5648 2111 5713 dei
2134 5647 2290 5712 moderno

643 5760 791 5837 tempore
813 5753 901 5816 iusto
931 5755 1062 5818 tramite
1085 5754 1206 5818 vestita
1234 5775 1306 5818 csse
1329 5755 1475 5819 cernitur
1497 5754 1548 5819 vel
1577 5754 1666 5840 quod
1688 5756 1821 5818 inantea
1852 5776 1873 5818 a
1896 5754 1992 5819 deum
2021 5752 2212 5817 timentibus
2235 5750 2290 5816 ho·

721 5939 821 6008 1666
842 5941 871 6008 0,
890 5939 921 5992 in
940 5938 967 5993 Β
986 5939 1032 5994 die
1050 5939 1159 6006 riebrist
1177 5939 1346 6009 6696616666.

722 6044 780 6098 157.
799 6047 826 6104 a)
844 6048 960 6096 maxime
977 6045 1005 6097 B
