5642 7159
634 766 677 832 20
1244 764 1675 828 uulsuuuultuuouu.

634 956 780 1022 tudinem
797 976 989 1020 exercemus
1013 964 1046 1019 et
1068 953 1164 1018 nobis
1181 952 1224 1017 ad
1247 952 1376 1017 laudem
1394 952 1446 1016 vel
1471 950 1683 1015 stabilitatem
1706 952 1796 1035 regni
1820 952 1923 1015 nostri
1947 950 1980 1014 in
1997 949 2139 1015 domini⁶
2161 972 2279 1015 nomen

636 1061 795 1144 pertinere
818 1059 1023 1124 confidimus.
1065 1057 1207 1143 Ideoque
1231 1055 1428 1120 venerabilis
1451 1056 1499 1118 vir
1521 1053 1696 1119 Nectarius
1725 1053 1813 1118 abba
1836 1053 1877 1117 de
1905 1056 2105 1118 monasterio
2131 1054 2277 1134 Anisola,

635 1167 689 1250 qui
705 1166 800 1230 estin
818 1187 905 1250 pago
919 1160 1181 1228 Cenomannico¹
1200 1157 1443 1244 [constructusl
1460 1158 1515 1223 ubi
1532 1167 1667 1222 sanctus
1684 1155 1889 1220 Charilefus⁸
1903 1158 1935 1220 in
1952 1179 2088 1242 corpore
2104 1159 2280 1243 requiescit

634 1269 685 1333 vel
717 1269 788 1354 ipse
823 1266 911 1332 abba
939 1265 1025 1330 unal
1059 1288 1132 1330 eum
1163 1264 1420 1348 congregatione
1448 1260 1683 1326 monachorum
1712 1259 1772 1325 sub
1803 1272 1916 1326 sancto
1948 1260 2060 1325 ordine
2084 1283 2279 1326 conversare

633 1369 774 1448 videtur,
798 1371 900 1434 missa
923 1371 1079 1454 petitione
1096 1368 1288 1432 elementiae
1303 1371 1395 1452 regni
1413 1369 1515 1432 nostri
1531 1367 1680 1452 expetiit,
1704 1375 1741 1429 ut
1756 1387 1829 1429 eum
1845 1365 1897 1429 vel
1921 1367 2028 1449 ipsum
2044 1371 2278 1431 monasterium
2298 1386 2313 1434 5

634 1495 795 1538 unacum
821 1472 971 1537 omnibus
998 1471 1120 1555 [rebus]
1144 1471 1196 1536 vel
1224 1472 1375 1536 homines
1406 1494 1494 1549 suos,
1525 1470 1612 1556 quod
1643 1472 1807 1555 praesenti
1832 1480 1977 1554 tempore
2007 1469 2128 1535 habere
2152 1471 2280 1536 videtur

634 1587 692 1640 aut
715 1574 863 1641 inantea¹
887 1598 907 1640 a
930 1575 992 1640 deo
1015 1575 1204 1640 timentibus
1227 1575 1412 1640 hominibus
1436 1575 1557 1638 fuerint
1580 1574 1702 1653 donati,
1725 1574 1840 1636 amicis
1863 1573 2012 1657 gasindis
2036 1577 2200 1659 susceptis
2226 1575 2277 1639 vel

635 1680 792 1767 quicquid
815 1679 858 1744 ad
880 1681 987 1764 ipsum
1011 1681 1244 1743 monasterium
1271 1701 1404 1763 sperare
1428 1678 1591 1756 videntur,
1625 1677 1711 1741 unde
1735 1676 1880 1761 legitimo
1904 1674 2053 1741 redebitl
2081 1680 2182 1758 mitio,
2219 1679 2279 1743 sub

636 1806 785 1848 sermone
808 1784 955 1847 tuitionis
978 1792 1110 1846 nostrae
1136 1782 1188 1845 vel
1213 1781 1447 1846 emunitatibus
1475 1783 1577 1866 ipsius
1600 1783 1788 1845 monasterii
1816 1779 1866 1843 vel
1891 1779 2117 1844 mundeburdo
2142 1780 2278 1846 illustris

634 1889 694 1952 viri
711 1885 839 1952 Caroli¹
861 1886 917 1952 filii
943 1888 1046 1951 nostri
1070 1885 1228 1970 [recipere
1245 1884 1492 1966 deberemuslm,
1517 1886 1571 1970 qui
1595 1905 1716 1948 causas
1738 1886 1842 1968 ipsius
1866 1883 2000 1948 abbatis
2016 1884 2068 1948 vel
2086 1888 2274 1950 monasterii
2298 1903 2330 1950 10

635 1992 706 2056 suin
729 1989 829 2055 habet
843 1999 1008 2074 receptas3
1032 1991 1105 2053 cui⁰
1128 2011 1189 2052 nos
1213 1987 1274 2052 hoc
1298 1989 1441 2072 gratanti
1464 1991 1573 2052 animo
1596 1989 1802 2072 praestitisse
1819 1986 1870 2051 vel
1885 1988 1917 2050 in
1942 1987 2093 2052 omnibus
2116 1991 2279 2074 recepisse
2347 2038 2352 2047 .

634 2094 824 2178 cognoscite
841 2092 900 2156 sub
918 2093 1054 2156 tuitione
1069 2101 1191 2155 nostra.
1217 2091 1448 2176 Quapropter?
1464 2114 1523 2176 per
1538 2102 1742 2176 praesentem
1768 2091 1973 2156 decrevimus
1997 2102 2218 2177 praeceptum,
2243 2103 2279 2156 ut

635 2216 739 2280 neque
756 2216 816 2258 vos
833 2216 937 2279 neque
952 2195 1095 2257 iuniores
1120 2215 1393 2280 successoresque
1409 2196 1510 2259 vestri
1527 2215 1587 2258 nec
1603 2196 1693 2258 missi
1709 2194 1750 2259 de
1767 2195 1890 2280 palatio
1912 2204 2023 2258 nostro
2048 2194 2277 2277 discurrentes,

636 2299 721 2361 sicut
735 2299 769 2361 in
786 2299 947 2362 anteriore
963 2307 1140 2382 praecepto
1155 2308 1269 2362 nostro
1287 2300 1318 2362 in
1347 2297 1498 2362 omnibus
1523 2299 1739 2380 continetur&
1764 2307 1799 2362 ut
1821 2299 1988 2383 inspectas
2005 2301 2113 2383 ipsasr
2134 2301 2279 2384 priorum

635 2401 817 2486 principum
849 2402 1062 2465 auctoritates
1090 2399 1197 2464 nullus
1225 2401 1399 2485 infringam
1429 2411 1528 2486 atque
1552 2403 1594 2464 sit
1625 2401 1687 2465 boc
1711 2424 1731 2465 a
1752 2401 1848 2465 nobis
1874 2411 2075 2487 suggestum,
2104 2414 2141 2467 ut
2170 2403 2278 2467 nullus
2299 2419 2330 2466 15

635 2505 790 2589 quislibet
817 2505 858 2568 de
887 2505 1058 2580 iudiciaria
1087 2514 1253 2589 potestate
1284 2507 1455 2590 pervices
1479 2514 1537 2569 aut
1566 2507 1598 2569 in
1622 2505 1718 2569 villas
1742 2507 1845 2591 ipsius
1869 2507 2057 2570 monasterii
2088 2505 2130 2569 ad
2158 2529 2279 2571 causas

635 2606 834 2672 audiendum
850 2606 901 2670 vel
925 2605 1096 2672 inferenda
1119 2607 1327 2672 exactanda⁸
1350 2607 1531 2692 simulquc‘
1553 2608 1646 2673 freda
1669 2607 1833 2694 exigenda
1856 2629 1916 2673 uec
1932 2609 2142 2674 fideiussores
2166 2610 2279 2674 tollen-

635 2711 712 2774 dum
741 2733 800 2774 nec
829 2711 1019 2775 mansiones
1048 2721 1106 2775 aut
1140 2719 1274 2794 paratas
1298 2710 1487 2775 iaciendum
1515 2710 1624 2775 nullus
1652 2715 1826 2796 episeopus
1856 2734 1917 2776 nec
1948 2711 2034 2776 ullus
2063 2722 2196 2777 comesu
2220 2737 2280 2778 nec

637 2813 781 2876 iuniores
805 2835 916 2878 eorum
940 2811 1048 2876 nullas
1070 2812 1282 2877 redibitiones
1305 2813 1348 2877 ad
1371 2814 1599 2898 requirendum
1624 2814 1744 2880 ibidem
1769 2814 1938 2898 ingredere
1961 2837 2026 2878 non
2058 2828 2279 2900 praesumant,

533 2971 534 2976 ,
635 2916 693 2980 sed
718 2917 802 2980 sicut
830 2919 936 3002 ipsum
965 2916 1160 2981 beneficium
1185 2927 1431 2982 antecessorum
1455 2940 1568 3002 regum
1599 2919 1642 2982 ad
1671 2919 1736 2982 iam
1762 2917 1884 2982 dictum
1914 2920 2146 2982 monasterium
2176 2942 2281 3005 usque
2300 2934 2333 2983 20

634 3040 721 3084 nunc
755 3021 816 3082 luit
844 3030 1085 3101 conservatum,
1124 3020 1171 3083 ita
1198 3020 1354 3105 deinceps
1385 3042 1443 3105 per
1470 3031 1615 3084 nostram
1644 3022 1875 3086 auctoritatem
1905 3021 2123 3104 generaliter'
2150 3033 2282 3086 maneat

634 3123 874 3203 inconvulsum,
898 3124 960 3186 nisi
977 3131 1013 3186 ut
1028 3123 1126 3188 liceat
1143 3125 1189 3186 eis
1206 3124 1267 3188 sub
1285 3146 1434 3188 sermone
1451 3127 1598 3190 tuitionis
1615 3135 1749 3190 nostrae
1765 3125 1815 3188 vel
1840 3126 2082 3188 immunitatis'
2098 3136 2131 3190 et
2147 3127 2281 3191 munde-

634 3225 762 3291 burdo¹
796 3225 955 3311 praedicti
983 3224 1109 3290 Caroli¹
1133 3228 1285 3312 quietosy
1307 3228 1417 3292 vivere
1441 3249 1481 3292 ac
1503 3229 1647 3293 residere
1671 3238 1704 3293 et
1727 3227 1798 3292 diez
1821 3237 1987 3313 noctuque
2010 3249 2068 3312 pro
2093 3227 2200 3311 nob[is
2227 3230 2279 3294 vel

637 3329 852 3413 stablilitate⁵
874 3332 966 3414 regni
990 3332 1092 3394 nostri
1116 3339 1148 3394 et
1177 3333 1281 3417 ipsius
1304 3330 1440 3413 Caroli¹‚
1471 3335 1525 3418 qui
1557 3355 1669 3399 eorum
1699 3352 1818 3395 causas
1849 3328 1950 3394 babet
1972 3340 2133 3416 receptas,
2163 3333 2281 3417 iugiter

636 3435 688 3499 dei
711 3434 972 3498 misericordiam
988 3444 1021 3498 et
1045 3436 1188 3498 omnium
1214 3445 1402 3499 sanctorum
1420 3436 1607 3521 deprecare.
1632 3434 1675 3499 Et
1700 3436 1727 3498 si
1750 3433 1833 3499 tales
1857 3455 1976 3498 causas
1992 3433 2151 3498 adversus
2174 3437 2334 3520 ipsamet

635 3539 867 3602 monasterium
893 3546 951 3601 aut
967 3546 1083 3602 contra
1099 3536 1237 3602 abbates
1261 3540 1363 3624 ipsius
1389 3539 1453 3603 loci
1470 3550 1560 3603 ortas
1576 3540 1696 3603 fuerint
1712 3547 1769 3602 aut
1787 3540 1998 3610 surrexerint,
2023 3537 2128 3623 quael
2151 3562 2171 3602 a
2187 3540 2281 3604 vobis

635 3651 693 3706 aut
716 3664 736 3705 a
759 3639 940 3705 iunioribus
963 3642 1082 3706 vestris
1105 3640 1232 3727 absque
1256 3664 1368 3706 eorum
1391 3643 1500 3727 iniquo
1523 3642 1694 3726 dispendio
1719 3643 1911 3705 terminatas
1936 3663 1999 3705 non
2023 3641 2152 3723 fuerint,
2177 3665 2281 3728 usque

636 3748 669 3810 iu
692 3755 837 3809 nostram
863 3745 1084 3829 praesentiam
1108 3743 1159 3808 vel
1184 3754 1260 3809 ante
1284 3747 1391 3830 ipsum
1416 3745 1565 3809 illustro⁰
1593 3748 1663 3810 viro
1688 3742 1827 3810 Carolol
1856 3745 2051 3809 omnimodis
2073 3757 2282 3812 reserventur

635 3860 668 3915 et
691 3847 812 3913 ibidem
835 3850 995 3913 finitivam
1020 3851 1214 3912 senteutiam
1239 3873 1296 3935 per
1320 3849 1423 3934 legem
1448 3861 1480 3914 et
1503 3852 1661 3914 iustitiam
1685 3850 1850 3934 accipiant
1871 3859 1904 3912 et
1926 3851 2102 3935 uuicuique
2123 3850 2164 3915 de
2186 3874 2281 3937 repu-

635 3955 714 4019 tatis
738 3951 982 4018 conditionibus
1006 3953 1163 4017 iustitiam
1188 3953 1329 4018 reddant
1351 3965 1384 4018 et
1407 3954 1449 4018 ab
1473 3952 1569 4018 aliis‘¹
1593 3953 1689 4020 simili
1712 3954 1810 4018 modo
1828 3955 1998 4018 veritatem
2021 3957 2213 4041 percipiant.
2239 3957 2282 4019 Et
2300 3975 2334 4022 ao

636 4067 672 4123 ut
705 4056 786 4121 baec
810 4057 992 4120 auctoritas
1015 4057 1139 4121 firmior
1164 4059 1206 4122 sit
1227 4058 1278 4122 vel
1312 4065 1390 4142 per⁰
1425 4067 1573 4142 tempora
1602 4057 1719 4135 melius
1748 4067 1971 4137 conservetur,
2001 4079 2118 4123 manus
2149 4069 2282 4124 nostrae

636 4159 750 4226 subter
773 4159 951 4245 signaculis
975 4158 1197 4224 decrevimus‘
1217 4161 1383 4225 roborare.

739 4288 875 4374 Signum
899 4289 1008 4354 domni
1033 4291 1136 4354 nostri
1161 4291 1310 4376 Pippinig
1332 4293 1418 4374 regis
1445 4287 1698 4375 (Francorum).

743 4388 851 4478 (Ego)
881 4391 1071 4457 Widmarus
1095 4385 1204 4458 iussus
1227 4395 1415 4477 recognovi.

739 4519 884 4588 Datumh
907 4522 996 4609 quod
1018 4522 1100 4587 fecit
1122 4524 1244 4588 mensis
1267 4519 1391 4587 iunius¹
1414 4524 1484 4588 dies
1506 4540 1532 4588 x
1555 4547 1641 4590 anno
1664 4547 1751 4591 nouo
1774 4528 1866 4611 regui
1888 4529 2003 4610 nostri,
2028 4525 2229 4593 venneriak.
2300 4541 2335 4591 aa

1431 4682 1493 4786 ιθ.

635 4872 767 4964 Pippin
794 4871 932 4943 sobeakt
964 4871 1042 4941 dem
1069 4869 1212 4942 Kloster
1238 4869 1477 4960 Kesscliap
1509 4872 1607 4942 ciaon
1638 4873 1737 4944 Tbcil
1772 4876 1831 4945 des
1866 4875 2006 4946 Woldcs
2035 4877 2180 4946 Mellerc
2209 4880 2283 4948 rorici

635 4993 772 5085 oorpabt
799 5015 833 5064 es
860 5015 907 5063 aa
934 4993 998 5063 doe
1024 4991 1168 5063 Kloster
1193 4990 1338 5062 Pram.
1594 5013 1597 5018 ·

1883 5065 1986 5138 Simia
2009 5069 2072 5126 762
2094 5067 2165 5125 Jett
2186 5071 2239 5126 10.

742 5235 896 5308 Abselerift
919 5236 968 5295 des
990 5239 1041 5296 12.
1058 5236 1111 5297 Jt.
1134 5238 1175 5293 im
1198 5236 1327 5294 Prtmer
1347 5233 1513 5295 Obartalcr
1537 5236 1624 5312 (liber
1645 5235 1770 5313 careas)
1794 5237 1819 5309 f.
1843 5240 1885 5297 58
1908 5239 1941 5295 ia
1963 5237 2016 5295 der
2039 5237 2282 5298 Stadtbibliotlrelc
2299 5249 2334 5299 40

737 5358 777 5398 aa
803 5339 890 5398 Trier
913 5333 975 5422 (0).

724 5507 763 5561 ll.
791 5507 817 5572 a)
834 5507 878 5556 dei
896 5504 923 5556 Β
1026 5507 1247 5572 ὓῦθιιοιιιιιιίοο
1271 5507 1297 5560 Β
1401 5509 1429 5576 g)
1448 5508 1625 5598 Charilepbus
1648 5507 1706 5561 BD
1810 5510 1839 5576 h)
1861 5509 1930 5575 sebit
1954 5509 1984 5562 D
2089 5509 2109 5572 i)
2127 5517 2207 5560 antea
2224 5507 2281 5570 BG,

789 5574 858 5641 sebit
882 5573 912 5626 D
1027 5576 1056 5640 k)
1074 5578 1182 5628 redebet
1199 5575 1251 5630 ΒΟ
1361 5577 1382 5643 l)
1405 5579 1499 5628 Karoli
1522 5576 1570 5630 Bo
1684 5577 1720 5698 m‘)
1737 5577 1797 5630 bier
1815 5577 1875 5631 used
1894 5578 1925 5630 s'rs
1944 5577 1998 5631 dest
2020 5577 2173 5632 Urkursdea
2191 5577 2281 5630 Karls

789 5644 816 5698 d.
840 5643 887 5696 Gr.
907 5641 975 5707 fehlt
999 5642 1052 5696 das
1071 5645 1212 5707 Zeitwort‚
1236 5649 1350 5714 eryctaat
1373 5646 1446 5698 sraela
1470 5645 1524 5698 dea
1542 5647 1600 5711 auf
1616 5647 1698 5700 Gran
1720 5645 1781 5699 lae
1804 5647 1895 5700 dieser
1917 5647 1981 5702 Urk.
2018 5646 2172 5712 efalschtea
2195 5663 2281 5699 anao-

790 5711 959 5781 we'nyisclrers
973 5711 1093 5766 Soracten
1174 5716 1202 5782 n)
1222 5715 1247 5767 Β
1265 5715 1325 5767 iered
1344 5715 1375 5767 ia
1394 5715 1448 5768 dea
1464 5715 1617 5769 tls-leonum
1631 5716 1720 5768 Karls
1754 5717 1834 5777 .Gr.,
1852 5715 1922 5782 fehlt
1940 5716 1972 5769 in
2008 5716 2036 5768 D
2125 5718 2151 5772 0)
2169 5718 2215 5781 qui
2230 5714 2280 5767 01)
2300 5722 2333 5768 ⁴5

789 5784 817 5850 p)
840 5781 1136 5850 qua-quapropterO
1243 5785 1270 5851 q)
1294 5788 1414 5836 eontinet
1439 5782 1489 5836 OD
1602 5787 1626 5852 r)
1649 5784 1718 5849 sebit
1742 5784 1800 5837 BD
1904 5785 1927 5851 s)
1950 5786 2059 5837 terenda
2082 5786 2229 5836 exactanda
2247 5785 2281 5844 Β,

792 5853 901 5904 ferenda
919 5857 946 5902 et
964 5853 1092 5902 sectanda
1107 5852 1158 5904 UD
1238 5855 1258 5918 t)
1277 5853 1393 5906 simulG
1470 5855 1498 5917 u)
1516 5870 1607 5905 cornus
1627 5855 1656 5920 G,
1674 5857 1757 5904 comis
1775 5853 1805 5906 D
1893 5857 1920 5921 v)
1938 5853 2006 5920 fehlt
2021 5854 2050 5907 D
2138 5855 2172 5918 w)
2190 5854 2281 5904 huma·

791 5924 883 5974 uitatis
902 5919 982 5972 BCD
1086 5923 1113 5986 x)
1132 5923 1312 5973 mrrndeburde
1332 5921 1382 5976 01)
1487 5923 1516 5989 y)
1534 5926 1579 5989 qui
1598 5940 1644 5975 eos
1663 5923 1690 5975 Β
1793 5923 1818 5988 z)
1835 5924 1881 5973 diu
1899 5923 1926 5976 B
2030 5924 2057 5987 a)
2075 5940 2121 5989 pro
2139 5923 2282 5974 nobilitate

790 5989 871 6044 1301>
977 5991 1005 6048 b)
1022 6005 1075 6057 qua
1093 5987 1155 6056 BQ·
1174 5991 1285 6058 quael)
1390 5991 1416 6058 c)
1433 5991 1576 6044 illustriD
1673 5993 1708 6060 ⁸d)
1726 5992 1773 6040 alii
1793 5991 1844 6043 01)
1949 5993 1975 6058 a)
1992 5992 2102 6057 [eleltt'
2204 5993 2280 6058 s)de·

790 6063 874 6113 crevit
887 6059 939 6113 OD
1043 6062 1070 6126 g)
1088 6061 1218 6128 Pipinitl
1320 6061 1349 6127 h)
1366 6061 1467 6112 Datum
1481 6060 1533 6115 GD
1638 6062 1657 6128 i)
1676 6077 1758 6112 meus.
1778 6063 1880 6114 ianuar.
1899 6060 1927 6116 Β
2030 6062 2059 6126 k)
2076 6061 2229 6114 vermerias
2242 6060 2280 6114 D.
2299 6064 2334 6113 50
