5642 7159
1102 738 1219 798 nnat
1241 737 1330 797 BER
1352 737 1519 796 GROSSE
1543 734 1616 799 787.
2120 733 2183 799 213

531 924 673 990 minibus
696 924 820 989 ibidem
849 924 975 1006 legibus
999 923 1149 990 additum
1176 923 1230 989 vel
1253 923 1442 1010 delegatum
1470 925 1584 1006 luerit,
1620 931 1656 989 nt
1677 922 1786 989 nullus
1815 923 1916 990 iudex
1944 921 2119 1011 publicusl
2141 923 2184 989 ad

532 1050 653 1095 causas
676 1027 878 1094 audiendum
899 1027 953 1093 vel
975 1029 1060 1093 freta
1083 1028 1229 1114 undique
1252 1027 1451 1113 exigendum
1476 1050 1534 1094 eeu
1550 1029 1737 1093 mansiones
1761 1037 1820 1094 aut
1835 1036 1972 1115 paratas
1995 1028 2185 1094 faciendum

418 1119 420 1121 ¹
532 1133 585 1199 vel
612 1133 824 1199 fideiussores
853 1132 1035 1198 tollendum
1064 1141 1122 1197 aut
1143 1132 1293 1198 homines
1321 1132 1425 1219 ipsius
1455 1133 1646 1198 monasterii
1677 1133 1960 1219 distringendum⁸
1988 1154 2049 1198 nec
2076 1132 2184 1198 nullas

531 1238 764 1305 redebuticnes
795 1236 947 1324 publicae
977 1237 1209 1323 requirendum
1237 1235 1305 1301 ullo
1339 1257 1496 1322 umquam
1527 1245 1674 1322 tempore
1707 1237 1881 1320 ingredere
1908 1259 1970 1304 uec
2004 1237 2184 1304 enactare‘¹

495 1359 511 1406 s
534 1344 667 1429 penitus
683 1351 902 1429 presumatur.
924 1341 1107 1425 Propterea
1122 1339 1208 1405 hanc
1225 1341 1440 1407 emunitatem
1457 1340 1601 1406 scribere
1617 1340 1784 1424 iussimus,
1807 1363 1981 1429 perquam
1997 1341 2184 1428 specialiter

534 1446 740 1512 decernimus
765 1445 996 1529 ordinandum,
1025 1455 1062 1510 ut
1084 1443 1194 1510 nullus
1224 1444 1380 1530 quislibet
1403 1445 1444 1510 de
1473 1444 1568 1510 vobis
1591 1453 1650 1508 aut
1679 1444 1721 1510 de
1743 1444 1915 1511 iudiciaria
1944 1455 2109 1533 potestate
2130 1446 2184 1512 vel

534 1550 680 1638 quelibet
708 1572 851 1637 persona
884 1549 1005 1616 amodo
1035 1559 1069 1614 et
1090 1548 1258 1634 ‘deinceps
1286 1549 1321 1613 in
1354 1549 1564 1614 monasteriis
1592 1547 1645 1612 vel
1676 1547 1769 1613 cellis
1804 1571 1862 1614 seu
1892 1559 2002 1616 curtes
2029 1571 2090 1617 nec
2118 1571 2184 1616 nou

533 1654 678 1742 reliquas
696 1677 809 1720 omnes
824 1656 1054 1742 possessiones
1072 1654 1324 1740 superscriptas,
1349 1653 1419 1718 sive
1435 1650 1664 1737 undecumque
1680 1653 1756 1738 ipsa
1770 1674 1851 1718 casa
1867 1653 1918 1719 dei
1935 1677 2021 1720 nunc
2037 1664 2184 1743 tempore

533 1761 620 1824 iusto
642 1759 774 1823 tramite
789 1758 911 1823 vestita
934 1779 1008 1823 esse
1025 1756 1214 1842 dinoscitur,
1237 1757 1324 1822 infra
1344 1778 1448 1843 regna
1463 1755 1594 1822 Christo
1618 1757 1761 1842 propitio
1784 1766 1919 1822 nostra⁶
1941 1780 2037 1824 nemo
2061 1759 2184 1826 ibidem

480 1879 512 1926 10
535 1862 579 1927 ad
602 1884 722 1927 causas
753 1860 963 1943 audiendum,
992 1870 1030 1926 ut
1058 1860 1210 1943 diximus,
1244 1861 1296 1927 vel
1319 1862 1404 1927 freta
1431 1861 1576 1948 undique
1599 1859 1797 1946 exigendum
1829 1883 1887 1928 seu
1917 1865 2105 1929 mansiones
2127 1873 2185 1930 aut

534 1975 670 2052 paratae
700 1965 888 2030 laciendum
910 1966 963 2031 vel
992 1965 1202 2032 fideiussores
1231 1965 1411 2031 tollendum
1436 1974 1494 2031 aut
1521 1964 1669 2030 homines
1698 1966 1803 2050 ipsius
1830 1967 2023 2033 monasterii
2053 1967 2184 2034 distrin-

534 2068 679 2156 gendum
704 2071 773 2134 sive
795 2068 896 2134 ullam
919 2089 1041 2135 novam
1064 2069 1339 2137 consuetudinem
1362 2068 1554 2155 ponendum
1576 2088 1637 2134 nec
1653 2067 1761 2134 nullas
1783 2068 2015 2137 redebuticnes
2031 2071 2183 2158 publicas

534 2175 767 2261 requirendum
795 2175 968 2260 ingredere
989 2195 1051 2240 nec
1080 2170 1258 2240 erractared
1286 2193 1419 2260 quoquo
1449 2182 1597 2260 ternpore
1626 2182 1841 2257 presumatur.
1888 2173 2047 2243 Similiter
2070 2177 2104 2241 in
2132 2176 2184 2242 dei

536 2280 667 2345 nomine
690 2281 915 2345 concessimus
937 2279 990 2345 vel
1013 2279 1246 2345 confirmamus
1270 2300 1350 2363 erga
1364 2279 1476 2364 ipsum
1500 2285 1651 2342 sanctum
1668 2276 1787 2360 locum,
1811 2277 1896 2342 sicut
1917 2277 2019 2344 habet
2040 2280 2185 2345 humana

481 2402 513 2448 15
536 2383 710 2470 fragilitas,
727 2393 772 2466 ut,
789 2383 921 2469 quando
938 2382 1069 2470 quidem
1086 2382 1193 2448 abbas
1209 2406 1252 2448 ex
1275 2383 1348 2469 ipso
1364 2384 1564 2448 monasterio
1579 2381 1619 2447 de
1638 2382 1700 2446 hac
1716 2380 1790 2446 luce
1801 2381 2003 2466 migraverit,
2019 2382 2185 2449 licentiam

536 2488 681 2553 babeant
705 2488 888 2553 secundum
909 2487 1058 2572 regulam
1083 2488 1188 2552 sancti
1211 2485 1395 2570 Benedicti,
1426 2486 1557 2572 qualem
1580 2485 1748 2551 meliorem
1777 2508 1817 2551 ac
1847 2473 2028 2572 digniorem
2060 2485 2111 2572 (et
2133 2510 2184 2553 sa·

536 2588 771 2678 pientiorem>‘
799 2591 998 2674 invenerint,
1032 2589 1158 2676 absque
1189 2589 1366 2655 cuiuslibet
1397 2589 1625 2675 inquietudine
1652 2587 1705 2654 vel
1738 2589 1998 2657 contradictione
2031 2591 2116 2657 inter
2149 2615 2185 2658 se

536 2693 679 2778 eligendi
696 2693 852 2759 abbatem
870 2703 904 2759 et
918 2693 978 2758 sub
996 2695 1187 2759 emunitatis
1202 2695 1334 2759 nomine
1349 2715 1423 2758 cum
1441 2715 1554 2758 omnes
1569 2693 1673 2759 fretos
1688 2715 1865 2760 concessos
1884 2693 2016 2760 valeant
2031 2696 2185 2783 omnique

538 2807 686 2885 tempore
707 2807 854 2864 rectores
870 2799 975 2885 ipsius
990 2798 1182 2863 monasterii
1207 2798 1312 2862 sancti
1328 2797 1494 2862 Vincentii
1512 2807 1581 2862 tam
1604 2799 1667 2883 ipsi
1684 2820 1784 2884 quam
1800 2807 1832 2864 et
1849 2819 2057 2864 successores
2072 2821 2183 2865 eorum

481 2920 515 2969 20
538 2923 703 2988 quamque
726 2902 790 2988 ipsi
813 2901 945 2985 fratres,
976 2901 1031 2988 qui
1054 2901 1176 2966 ibidem
1199 2901 1261 2967 deo
1292 2901 1446 2966 famulari
1470 2901 1632 2981 videntur,
1662 2903 1762 2988 quieti
1786 2901 1981 2988 regulariter
2007 2904 2118 2968 vivere
2145 2925 2184 2969 ac

537 3006 691 3089 residere,
722 3014 886 3092 quatenus
910 3006 957 3070 eis
985 3004 1103 3071 melius
1132 3005 1273 3071 delectet
1302 3025 1361 3091 pro
1390 3003 1488 3069 nobis
1518 3005 1744 3093 uxoribusque
1773 3009 1895 3071 nostris
1924 3028 1963 3071 ac
1993 3005 2104 3074 liberis
2132 3006 2185 3072 v'el

537 3118 657 3174 cuncto
680 3109 803 3195 populo
826 3118 939 3175 nostro
964 3109 1220 3175 misericordiam
1237 3108 1289 3174 dei
1313 3109 1471 3173 attentius
1487 3130 1637 3175 exorare.
1662 3110 1707 3175 Et
1723 3119 1759 3174 ut
1780 3109 1841 3195 hec
1864 3111 2047 3176 auctoritas
2062 3112 2187 3176 firmior

537 3213 699 3279 habeatur
726 3237 766 3280 ac
790 3213 953 3279 diuturnis
982 3214 1186 3300 temporibus
1209 3212 1369 3279 inviolata
1397 3211 1459 3278 deo
1489 3213 1638 3279 adiutore
1666 3221 1894 3298 conservetur,
1923 3236 2024 3279 manu
2052 3216 2186 3301 propria

537 3318 651 3384 subter
674 3340 747 3384 eam
769 3318 927 3386 roborare
951 3320 1156 3385 decrevimus
1179 3329 1212 3384 et
1234 3317 1335 3386 anulo
1359 3327 1473 3384 nostro
1498 3316 1643 3403 sigillare
1665 3318 1832 3383 iussimus.

481 3475 515 3524 ao
640 3457 778 3542 Signum
803 3459 869 3540 (ll.)
894 3458 1005 3525 Caroli
1029 3457 1261 3543 gloriosissimi
1284 3457 1382 3543 regis.

641 3600 698 3676 (0.)
720 3596 821 3663 Iacob
846 3596 995 3662 advicem
1019 3597 1178 3663 Radonis.

640 3736 731 3801 Data
753 3755 831 3800 v1111
853 3736 921 3802 kal.
946 3735 1041 3823 april.
1071 3758 1157 3801 anno
1182 3753 1285 3798 xvnu
1314 3744 1347 3799 et
1369 3752 1448 3798 xlm
1477 3736 1569 3818 regni
1597 3734 1717 3816 nostri3
1755 3743 1867 3798 actum
1896 3732 2011 3819 Capua
2042 3735 2185 3800 civitatis

538 3852 663 3917 nostre3
688 3841 721 3904 in
745 3839 797 3905 dei
820 3840 1112 3906 nomine'feliciter
1135 3861 1240 3904 amen.

1325 4130 1411 4205 158.

483 4313 517 4361 so
539 4294 634 4365 Korl
660 4295 724 4366 der
755 4292 883 4366 Grosse
909 4293 1067 4383 bestdtipt
1093 4293 1171 4362 dem
1197 4291 1342 4363 Kloster
1367 4289 1415 4360 M
1420 4291 1673 4362 onteeosioo
1700 4292 1767 4361 deo
1794 4289 1916 4362 Besite
1943 4294 2018 4364 ἄννᾶ
2043 4293 2187 4365 verleibt

538 4414 751 4485 Immanitet't
778 4416 854 4486 und
878 4413 967 4502 frete
994 4413 1185 4484 Abtsuuhl.

1788 4517 1867 4575 Rom
1892 4519 1956 4576 787
1978 4517 2070 4576 Mdrz
2090 4521 2143 4580 28.

642 4709 728 4767 Petri
754 4709 884 4767 Diaconi
906 4709 1081 4781 Repistram
1105 4707 1206 4766 Oasin.
1239 4723 1296 4763 aas
1325 4704 1377 4763 der
1398 4705 1487 4765 Mitte
1515 4706 1565 4764 des
1589 4709 1639 4765 12.
1665 4704 1718 4764 Jlr.
1748 4703 1773 4778 f.
1797 4698 1849 4765 47'
1870 4711 1905 4764 rs⁰
1923 4710 1987 4767 108
2013 4708 2056 4766 im
2078 4706 2189 4767 Archiv

645 4830 686 4870 eu
707 4812 910 4870 Monteccsiao
935 4810 999 4891 (B).

483 4963 517 5013 ³5
647 4949 768 5009 Guttolo
790 4949 979 5009 Accessiones
1001 4949 1041 5007 od
1063 4950 1213 5008 0631.αὸ0.
1232 4946 1348 5010 Cassia.
1366 4954 1396 5020 1,
1421 4953 1462 5009 11
1485 4967 1542 5008 aus
1565 4949 1603 5009 Β.
1627 4981 1670 4994 -
1693 4949 1887 5008 Mumoacoer
1908 4951 1982 5024 Rep.
1999 4953 2063 5011 285
2087 4950 2187 5031 (276).

642 5089 806 5150 Formsdar
829 5113 870 5145 =
892 5093 1014 5152 a⁰157.
1038 5090 1104 5149 Ass
1127 5091 1237 5148 diesem
1260 5092 1353 5148 treton
1375 5089 1424 5146 die
1450 5088 1713 5162 Versaeclstunoen
1739 5087 1848 5161 schurf
1865 5089 1985 5148 ierom:
2019 5091 2188 5164 interpolirt

642 5195 711 5253 sind
734 5195 783 5253 die
798 5195 971 5253 Inrocution
993 5212 1051 5254 aas
1073 5194 1126 5252 der
1153 5193 1294 5253 Urlsunde
1310 5192 1484 5264 LothorsI,
1508 5193 1702 5252 Mulslbaclser
1723 5194 1797 5266 1309.
1814 5197 1901 5253 1047
1916 5191 2027 5272 (1013)
2042 5195 2097 5268 ool.
2115 5197 2187 5268 660,

642 5301 727 5359 1237
749 5300 834 5376 (646,
860 5298 969 5375 1203),
993 5299 1041 5357 die
1056 5299 1157 5358 ·Iteihe
1179 5298 1234 5356 der
1256 5297 1458 5369 Besitaunpen
1486 5298 1542 5354 nsit
1570 5295 1635 5354 dem
1657 5296 1778 5355 Kloster
1800 5295 1919 5354 Borreo
1941 5314 1982 5355 un
2003 5297 2056 5356 der
2078 5298 2187 5371 Spitse,

642 5403 690 5461 die
713 5404 916 5463 Sellusssdtee
938 5404 1116 5479 Quicumque
1139 5400 1338 5482 (Ponfomuel)
1363 5435 1403 5445 —
1427 5402 1627 5474 restituantur,
1657 5402 1736 5462 diese
1758 5420 1815 5462 aas
1838 5403 1890 5461 der
1917 5403 2058 5462 creasse
2075 5401 2191 5462 Ottosl

643 5526 699 5567 oon
721 5512 784 5568 964
807 5509 896 5570 Febr.
921 5514 964 5569 12
986 5510 1032 5570 Μ.
1051 5508 1089 5568 G.
1113 5508 1185 5568 DD.
1204 5513 1232 5577 1,
1257 5510 1322 5566 372
1342 5512 1377 5563 a⁰
1390 5509 1466 5567 261.
1500 5505 1649 5566 thtread
1671 5507 1719 5565 dic
1739 5508 1884 5566 eunucus
1906 5507 1952 5566 ola
1978 5506 2114 5565 Zubebor
2135 5525 2190 5566 oon

642 5614 846 5672 Montecusino
865 5618 1036 5687 pensantes
1058 5612 1124 5670 dres'
1145 5611 1266 5670 Kloster
1288 5612 1321 5668 irs
1343 5610 1560 5679 Plumbariota,
1587 5608 1693 5682 cineta
1716 5611 1780 5669 unct
1798 5611 1828 5671 S.
1853 5611 1964 5683 Sophia
1987 5613 2020 5669 in
2042 5611 2190 5671 Besseoent

642 5717 706 5777 und
726 5734 789 5777 nur
816 5717 894 5777 disse
919 5719 954 5776 ia
975 5717 1052 5776 Leos
1077 5715 1207 5776 curonis
1232 5732 1288 5773 con
1309 5715 1514 5774 Monteeosiao
1536 5715 1562 5784 I,
1593 5719 1645 5786 12,
1669 5713 1712 5774 Μ.
1741 5714 1777 5773 G.
1802 5713 1856 5775 SS.
1881 5719 1910 5786 7,
1935 5717 2008 5786 589,
2038 5714 2086 5774 die
2111 5715 2189 5775 diese

617 5902 676 5959 157.
694 5903 723 5969 b)
740 5904 864 5972 puplicns
881 5902 917 5964 Β,
935 5902 1033 5957 ebessso
1051 5903 1083 5955 Ζ.
1101 5905 1119 5955 4
1135 5901 1197 5955 und
1215 5903 1253 5955 12
1270 5902 1392 6022 puplicae
1496 5901 1521 5968 c)
1539 5900 1723 5967 stringendum
1742 5898 1770 5953 Β
1860 5899 1888 5966 d)
1905 5907 2058 5953 exactorare
2077 5901 2103 5953 B

695 5975 721 6035 e)
737 5989 821 6040 regno
840 5973 947 6025 Christo
971 5975 1087 6040 propitio
1110 5978 1202 6023 nostro
1220 5970 1248 6024 Β
1274 5987 1324 6040 oq.
1343 5981 1376 6022 rs⁰
1389 5973 1434 6032 99,
1460 5972 1524 6031 122,
1547 5971 1603 6023 125
1706 5969 1773 6036 Oet
1792 5971 1980 6036 sapientiorem
2005 5969 2063 6036 auf
2076 5971 2188 6025 starker

486 6041 520 6091 45
695 6043 794 6096 Rusar
811 6058 866 6095 oon
885 6041 1028 6095 deraelbea
1046 6039 1138 6094 Hasd
1155 6041 1207 6093 mit
1225 6040 1347 6093 andem
1367 6040 1459 6093 Tiate.
