5642 7159
674 735 739 799 280
1278 739 1711 800 KAISERURKUNDEN.

776 926 943 986 Otanalur
964 927 1014 986 des
1037 931 1088 987 15.
1113 928 1169 989 Jb.
1193 945 1250 987 aas
1272 929 1414 1003 Aquilejo
1438 927 1623 1007 (Consultori
1645 930 1679 987 ia
1701 929 1768 987 iure
1790 927 1866 1007 345)
1891 928 1962 1000 Η
1988 931 2031 988 im
2053 929 2262 990 Stootsorcbio
2283 950 2329 990 aa

780 1031 908 1104 Veneriis
931 1029 993 1110 (G).

774 1170 1006 1244 marchelmum
1029 1171 1078 1230 des
1095 1171 1238 1230 Instituta
1262 1169 1287 1242 f.
1303 1175 1357 1231 ost.
1378 1171 1444 1232 ΟΡ.
1463 1177 1492 1243 1,
1514 1174 1579 1232 280
1594 1177 1629 1231 „0
1642 1176 1665 1232 2
1679 1171 1777 1232 ausc
1800 1196 1841 1228 =
1864 1173 1950 1234 Mon.
1966 1177 2037 1234 ster.
2055 1173 2132 1232 della
2150 1175 2190 1234 R.
2207 1174 2325 1248 Deput.

779 1275 886 1334 Veneta
908 1293 965 1337 ser.
989 1277 1041 1334 IV
1057 1275 1181 1337 Mr'scell.
1205 1269 1243 1335 3⁶
1268 1274 1389 1354 (1884),
1414 1281 1455 1337 19
1478 1283 1513 1335 ιιι
1526 1280 1558 1339 2.
1581 1310 1623 1322 -
1646 1276 1842 1336 Mttlrlbaclrer
1863 1279 1935 1350 acy.
1960 1280 2020 1336 441
2046 1275 2146 1358 (433).

778 1412 914 1484 Verfasst
935 1415 1011 1472 nocis
1033 1414 1136 1476 Form.
1160 1413 1303 1485 Marcalfi
1323 1415 1350 1486 l,
1374 1420 1427 1486 17,
1450 1414 1494 1474 Μ.
1523 1414 1559 1474 G.
1584 1415 1686 1474 Form.
1710 1417 1761 1474 54.
2349 1428 2367 1478 o
2392 1485 2397 1496 ¹

772 1600 812 1664 ln
834 1602 966 1666 nomine
988 1603 1093 1688 patris
1116 1611 1149 1666 et
1170 1602 1229 1667 filii
1252 1610 1287 1668 et
1310 1602 1444 1689 spiritus
1468 1603 1585 1666 sancti.
1609 1601 1755 1667 Karolus
1781 1603 2011 1667 serenissimus
2035 1613 2196 1689 augustus
2211 1626 2233 1670 a
2257 1605 2322 1670 deo

670 1713 849 1770 coronatus
877 1726 1018 1789 magnus
1045 1706 1205 1792 pacificus
1240 1707 1419 1791 imperator
1447 1707 1654 1771 Romanum·
1682 1704 1871 1791 gubernans
1893 1707 2076 1793 imperium,
2111 1709 2165 1794 qui
2194 1717 2228 1773 et
2261 1730 2324 1793 per

668 1807 931 1873 misericordiam
956 1809 1007 1874 dei
1030 1808 1110 1874 rexb
1133 1809 1358 1874 Francorum⁰
1387 1819 1420 1874 et
1443 1809 1754 1895 Longobardorum.
1859 1811 1996 1895 Regiam
2026 1833 2217 1876 exercemus
2241 1834 2322 1878 oon·

668 1912 874 1977 suetudinem
899 1921 931 1977 et
953 1912 1100 1977 fidelium
1123 1923 1309 1978 nostrorum
1338 1914 1467 1979 animos
1491 1910 1739 1996 adhortamus‘l,
1774 1915 1800 1978 si
1823 1914 1919 1978 iustis
1947 1914 2167 2001 peticionibus
2194 1938 2321 1994 eorum,

668 2019 782 2103 inquo
805 2018 929 2082 nostris
945 2016 1080 2083 auribus
1096 2019 1321 2105 patefecerint,
1345 2018 1485 2083 libenter
1500 2021 1674 2083 annuimus
1698 2028 1730 2083 et
1753 2018 1859 2082 essin
1884 2017 1935 2083 dei
1952 2019 2084 2083 nomine
2107 2018 2150 2083 ad
2166 2017 2319 2084 effectum
2346 2039 2381 2086 lo

668 2120 889 2205 perducimus.
912 2121 1018 2206 Igitur
1034 2131 1147 2186 notum
1164 2126 1206 2186 sit
1221 2123 1365 2187 omnium
1381 2122 1528 2187 fidelium
1543 2132 1730 2188 nostrorum
1743 2121 1962 2208 magnitudini
1979 2123 2177 2208 presentium
2191 2123 2321 2206 scilicet

668 2235 700 2290 et
723 2226 918 2308 futurorum,
948 2225 1089 2312 qualiter
1111 2226 1156 2291 ad
1178 2227 1443 2313 deprecationem
1467 2227 1600 2292 dilecti⁸
1629 2225 1735 2291 fidelis
1757 2226 1862 2291 nostri
1885 2226 2007 2292 Haioni
2031 2228 2160 2292 comitis
2184 2248 2319 2294 conces·

667 2329 770 2393 simus
787 2330 815 2394 ei
831 2339 966 2417 propter
980 2330 1064 2395 bene
1085 2331 1235 2396 meritum
1253 2353 1348 2396 suum
1371 2332 1552 2404 servitium,
1576 2339 1613 2395 ut
1629 2352 1742 2396 omnes
1757 2353 1821 2413 res,
1844 2352 2069 2417 quascumque
2084 2333 2154 2396 iure
2170 2331 2319 2417 legitimo

667 2433 836 2518 possidere
858 2434 998 2516 videtur,
1033 2435 1200 2499 licentiam
1223 2433 1360 2501 baberet
1387 2445 1616 2521 pernostram
1645 2434 1877 2500 auctoritatem
1899 2436 1984 2500 inter
2011 2435 2098 2500 filios
2126 2457 2205 2501 suos
2228 2436 2318 2501 iusto

665 2538 797 2602 tramite
819 2537 966 2603 dividere
989 2548 1030 2612 et,
1054 2541 1142 2604 sicut
1163 2538 1218 2604 ille
1242 2540 1443 2625 disposuerit
1464 2538 1516 2605 vel
1540 2539 1751 2622 ordinaverit,
1780 2539 1975 2625 plenissima
1998 2538 2233 2605 deliberatione
2257 2537 2320 2606 ex‘
2345 2539 2406 2604 15⁰

667 2650 780 2706 nostra
795 2642 1001 2727 indulgentia
1016 2653 1127 2709 tenere
1142 2653 1175 2710 et
1189 2644 1358 2729 possidere
1374 2645 1541 2726 deberent,
1564 2644 1598 2709 id
1613 2653 1665 2710 est
1679 2667 1738 2730 per
1760 2644 1834 2709 loca
1850 2644 2079 2710 denominata:
2102 2645 2135 2709 in
2151 2645 2318 2710 territorio

666 2745 903 2828 Foroiuliense,
928 2748 1086 2834 quicquid
1101 2747 1224 2813 ibidem
1240 2751 1327 2813 iuste
1344 2757 1377 2812 et
1391 2747 1631 2813 rationabiliter
1654 2747 1833 2832 adquisivit
1847 2747 1900 2812 vel
1923 2746 2045 2812 habere
2060 2747 2200 2830 videtur,
2224 2746 2319 2813 dedit

664 2849 732 2915 filio
750 2871 809 2916 suo
825 2853 956 2917 nomine
972 2851 1132 2933 Alboin03
1155 2855 1235 2918 etin
1251 2853 1315 2917 line
1330 2851 1530 2917 Vincentius
1546 2850 1638 2916 dedit
1654 2851 1803 2916 similiter
1818 2851 1904 2915 inter
1919 2850 2121 2916 antedictum
2136 2850 2316 2916 Alboinum

560 3001 564 3008 .
665 2961 698 3017 et
719 2953 942 3039 lagobertum,
973 2966 1272 3042 quantumcumque
1295 2978 1355 3020 sua
1377 2955 1524 3041 legitima
1552 2955 1634 3020 inibi
1656 2956 1720 3020 suit
1741 2957 1865 3041 portio;
1902 2956 1935 3019 in
1960 2955 2055 3042 tertio
2083 2977 2159 3020 vero
2183 2954 2255 3020 loco
2280 2957 2315 3020 in

664 3057 830 3122 territorio
847 3059 1036 3125 Veronense
1053 3059 1144 3125 dedit
1159 3061 1255 3124 tertio
1271 3059 1339 3124 filio
1356 3081 1416 3124 suo
1432 3059 1588 3143 Agisclaf
1599 3058 1750 3124 similiter
1772 3061 1956 3144 portionem
1973 3081 2067 3124 suam
2090 3062 2123 3124 in
2139 3060 2313 3145 integrum.
2340 3075 2377 3125 ao

664 3160 760 3227 Unde
783 3164 898 3247 petiit¹
920 3163 1106 3229 celsitudini
1129 3174 1251 3246 nostre,
1285 3172 1322 3228 ut
1344 3185 1404 3248 per
1426 3173 1618 3250 preceptum
1641 3163 1850 3229 auctoritatis
1878 3172 1993 3227 nostre
2016 3164 2063 3228 eis
2091 3163 2199 3228 denuo
2222 3165 2314 3249 ipsas

663 3287 716 3330 res
731 3265 922 3351 plenissima
938 3266 1173 3333 deliberatione
1190 3267 1383 3333 confirmare
1400 3268 1609 3352 deberemus3
1633 3270 1726 3334 cuius
1742 3269 1934 3354 petitionem
1958 3267 2120 3353 denegare
2136 3267 2313 3349 noluimus,

664 3368 723 3435 sed
745 3379 880 3455 propter
902 3369 986 3436 bene
1002 3373 1153 3436 meritum
1177 3373 1247 3437 eius
1264 3373 1434 3438 servitium
1456 3365 1504 3437 ila
1527 3374 1731 3438 concessisse
1754 3381 1854 3456 atque
1870 3372 1902 3434 in
1927 3369 2080 3435 omnibus
2096 3372 2313 3436 confirmasse

663 3475 863 3557 cognoscite.
897 3474 1120 3560 Precipientes
1144 3497 1221 3560 ergo
1245 3475 1405 3558 iubemus,
1429 3487 1467 3544 ut
1489 3500 1594 3563 neque
1617 3499 1678 3541 vos
1701 3499 1808 3562 neque
1830 3472 1997 3539 iunioresl
2021 3497 2078 3540 seu
2102 3496 2313 3540 successores

663 3579 764 3643 vestri
779 3581 968 3644 memoratis
983 3579 1059 3643 filiis
1074 3579 1181 3644 fidelis
1198 3582 1300 3644 nostri
1318 3580 1429 3645 dilecti
1445 3581 1567 3645 Haioni
1592 3581 1724 3646 comitis
1740 3579 1893 3652 Alboino,
1917 3577 2095 3663 legoberto
2112 3587 2144 3643 et
2160 3577 2317 3662 Agisclaf
2337 3595 2372 3642 ιι

663 3680 704 3746 de
726 3682 884 3767 predictis
907 3682 1006 3748 rebus
1029 3692 1147 3748 contra
1169 3684 1335 3749 iusticiam
1356 3685 1538 3769 inquietare
1567 3693 1625 3749 aut
1647 3683 1844 3749 calumniam
1876 3703 2035 3766 generare
2058 3704 2163 3767 neque
2186 3680 2312 3765 aliquid

662 3785 776 3850 abeis
806 3785 1012 3852 abstrahere¹
1039 3787 1160 3852 exinde
1182 3788 1302 3853 iniuste
1331 3789 1541 3874 presumatis,
1575 3789 1649 3868 nisi,
1684 3787 1762 3851 dum
1785 3785 1880 3851 nobis
1909 3794 1943 3850 et
1964 3784 2032 3850 filio
2055 3794 2168 3849 nostro
2192 3785 2310 3868 Pipino

661 3890 806 3972 glorioso
827 3894 896 3975 regi
919 3891 1103 3957 fidelissimi
1127 3900 1159 3955 et
1182 3891 1371 3956 obedientes
1387 3913 1427 3955 ac
1450 3890 1649 3976 beneplaciti
1665 3890 1795 3969 fuerint,
1820 3888 1980 3974 perhanc
2003 3897 2150 3952 nostram
2167 3887 2310 3952 auctori-

661 4004 764 4060 tatem
786 3996 856 4061 iure
878 3996 1066 4060 firmissimo
1097 4005 1230 4060 teneant
1252 4004 1352 4081 atque
1379 3995 1573 4081 possideant
1600 4003 1632 4060 et
1660 3993 1817 4080 quicquid
1850 3991 1971 4058 exinde
1999 3993 2109 4057 facere
2136 3991 2309 4075 voluerint,

661 4097 799 4164 liberum
822 4101 855 4162 iu
879 4097 1029 4163 omnibus
1053 4099 1266 4184 perfruantur
1289 4096 1472 4162 arbitrium.
1511 4098 1555 4161 Et
1576 4105 1613 4161 ut
1634 4095 1694 4161 bec
1718 4099 1898 4162 auctoritas
1926 4095 2050 4160 firmior
2071 4093 2234 4160 habeatur
2255 4095 2310 4161 vel
2335 4113 2370 4163 so

661 4227 719 4289 per
741 4213 891 4288 tempora
914 4202 1030 4267 melius
1054 4212 1275 4283 conservetur,
1311 4223 1409 4265 mauu
1432 4202 1568 4287 propria
1591 4199 1703 4265 subter
1725 4201 1928 4265 firmavimus
1950 4208 1983 4263 et
2009 4198 2049 4264 de
2073 4199 2171 4264 anulo
2194 4209 2310 4264 nostro

661 4305 800 4390 sigillari
824 4307 991 4370 iussimus.

764 4445 898 4529 Signum
922 4445 989 4527 (Μ.)
1014 4441 1146 4509 domni¹¹
1168 4443 1283 4509 Karoli
1307 4443 1446 4530 piissimi
1470 4443 1690 4528 imperatoris.

763 4581 846 4647 Ibbo
870 4583 1021 4648 advicem
1042 4581 1257 4649 Arcambaldi
1280 4579 1483 4668 recognovi¹.

762 4720 851 4785 Data
875 4729 978 4785 non.m
1000 4719 1057 4785 iul.
1080 4742 1167 4785 anno
1191 4738 1268 4784 V1111
1291 4718 1424 4784 Christo
1449 4721 1590 4806 propitio
1614 4720 1740 4806 imperii
1764 4721 1867 4786 nostri
1892 4729 1925 4785 ct
1948 4738 2005 4783 xm
2028 4721 2120 4804 regni
2145 4720 2248 4784 nostri
2272 4720 2306 4784 in
2332 4737 2368 4785 so

659 4825 822 4888 Francia¹¹
838 4833 936 4910 atque
953 4843 1064 4888 xxxw
1081 4828 1113 4889 in
1130 4824 1236 4906 Italia,
1252 4823 1432 4888 indictione
1448 4842 1489 4907 113
1512 4833 1624 4888 actum
1639 4824 1764 4911 Aquis;
1781 4826 1813 4888 in
1830 4824 1881 4889 dei
1897 4825 2028 4888 nomine
2044 4824 2182 4888 feliciter
2199 4845 2306 4888 amen.

1444 5134 1530 5208 alo.

657 5293 753 5363 Karl
779 5293 843 5362 der
869 5291 996 5362 Grosae
1023 5290 1179 5382 beslrttiqt
1206 5294 1284 5362 (lem
1303 5294 1454 5364 Klosler·
1479 5294 1734 5364 Enervant-m
1763 5297 1830 5366 (len
1856 5294 1976 5365 Bonita
2002 5294 2067 5363 enit
2092 5293 2305 5366 Immuuito't

657 5438 721 5486 voa
746 5414 943 5505 prisiliclrer
970 5415 1045 5483 aad
1070 5414 1258 5485 soaltliclrer
1289 5413 1433 5486 Gerrult.

1841 5519 1955 5578 Vcrciea
1977 5522 2039 5578 810
2063 5519 2183 5590 August
2205 5519 2258 5580 12.
2328 5535 2365 5584 40

763 5708 983 5766 Veruneeletetes
1009 5707 1146 5780 original
1168 5708 1210 5765 im
1232 5707 1426 5766 Starttarctio
1447 5726 1487 5767 aa
1512 5708 1701 5768 Sclrlettstndt
1725 5707 1737 5786 (
1767 5707 1789 5785 ).

731 5891 792 5946 209.
811 5893 837 5957 a)
855 5894 1036 5943 Romanorum
1059 5891 1082 5944 0
1167 5893 1196 5957 b)
1213 5909 1300 5943 rerum
1320 5892 1342 5944 0
1444 5893 1469 5957 c)
1486 5894 1669 5944 Francborum
1689 5893 1712 5946 0
1791 5893 1818 5960 d)
1835 5907 1866 5945 so
1885 5893 1957 5946 urscia
1976 5893 2111 5959 lilarculs
2120 5893 2145 5960 I,
2166 5897 2198 5945 17

808 5965 834 6027 e)
851 5963 942 6013 delicti
962 5961 986 6014 0
1061 5959 1162 6027 ι’)οιΟ
1239 5964 1267 6028 g)
1285 5965 1353 6028 petit
1371 5961 1393 6012 (1¹
1479 5964 1507 6026 h)
1525 5963 1676 6015 nraioresO
1753 5963 1772 6025 i)
1789 5961 1966 6015 abtrabereC
2042 5965 2072 6026 k)
2091 5965 2191 6013 domini
2212 5962 2235 6014 0

809 6033 829 6095 l)
846 6034 972 6098 rescripsi
992 6029 1015 6083 0
1082 6031 1118 6096 m)
1136 6047 1184 6080 noa
1202 6031 1254 6083 nsit
1272 6030 1518 6098 Krtrzuapastriclr
1538 6033 1559 6084 (J
1628 6033 1656 6096 n)
1678 6033 1790 6082 Frontis
1809 6031 1837 6084 0.
