5642 7159
1309 750 1744 813 Kelsnauauennen.

726 943 728 948 '
807 940 960 1014 1555115111
988 958 1045 1001 555
1072 940 1139 1001 1551
1168 939 1297 1014 Aafanp
1323 938 1374 999 dee
1396 942 1454 999 13.
1479 938 1532 1000 dle.
1562 938 1616 999 der
1643 937 1737 999 Actae
1758 942 1845 1013 pont.
1875 936 1995 1000 Oenorn.
2025 956 2082 1001 aas
2109 939 2167 999 ἄεν
2194 937 2299 1001 Mitte
2330 937 2389 997 dee

807 1051 836 1109 9.
853 1045 918 1117 Jle,
942 1045 1003 1106 Ms.
1025 1048 1090 1106 221
1115 1043 1139 1117 f.
1163 1035 1271 1106 8215
1293 1043 1347 1103 der
1369 1042 1539 1104 Bibliotlcele
1560 1061 1602 1103 eu
1623 1044 1668 1104 Le
1689 1044 1782 1104 51555
1806 1041 1871 1123 (Β).

805 1167 952 1227 Metellos
974 1166 1121 1225 Analecta
1144 1168 1173 1239 3,
1196 1143 1271 1237 267,
1294 1169 1325 1227 2.
1344 1165 1389 1227 ed.
1404 1166 1469 1227 295
1492 1180 1529 1225 ete
1550 1166 1624 1225 actis
1642 1170 1729 1238 pont.
1754 1164 1870 1226 Cenem.
1895 1165 1965 1244 (aree
1987 1164 2146 1238 Absclerist
2167 1182 2233 1226 een
2258 1164 2306 1239 Β)
2337 1184 2386 1219 =

806 1272 944 1345 Boapuet
967 1272 997 1340 5,
1021 1272 1085 1329 766
1106 1275 1141 1328 a⁰
1154 1271 1206 1330 86.
1230 1301 1275 1313 -
1294 1268 1491 1330 Mallbaeleer
1511 1269 1583 1343 Rep.
1606 1272 1671 1330 383
1694 1267 1795 1349 (376).

806 1392 989 1466 Facetam,
1011 1390 1153 1466 pefertlpt
1168 1409 1191 1450 c.
1205 1394 1379 1453 836-810
1403 1390 1471 1471 (opl.
1487 1397 1522 1452 a⁰
1535 1392 1622 1467 253),
1647 1410 1709 1451 aar
1731 1392 1786 1452 das
1801 1392 1951 1451 Protoleoll
1973 1392 2028 1467 (ε
2042 1398 2078 1451 a⁰
2090 1389 2169 1469 265)
2195 1408 2263 1451 aus
2287 1391 2385 1450 einer
2408 1402 2425 1452 5

806 1500 903 1558 echten
932 1497 1085 1570 Urltande,
1109 1500 1174 1556 eine
1196 1498 1249 1556 der
1270 1498 1364 1558 alelen
1386 1498 1605 1572 Fdlsclmapea,
1629 1515 1682 1557 am
1705 1497 1758 1556 ἄεν
1779 1496 1890 1555 Kirclse
1911 1513 1967 1555 eoa
1989 1495 2033 1555 Le
2048 1495 2141 1555 Mans
2165 1496 2227 1555 das
2243 1495 2384 1555 Kloster

806 1603 852 1665 81.
870 1602 972 1664 Calais
994 1603 1190 1676 ancaeipnen,
1215 1602 1401 1677 8151511155.
1418 1607 1493 1675 287,
1516 1606 1590 1674 399,
1615 1604 1746 1662 erwdbat
1768 1603 1802 1661 ia
1825 1601 1889 1659 dem
1905 1599 2050 1671 ebeafalls
2074 1599 2129 1672 fier
2147 1600 2209 1659 den
2229 1600 2382 1674 51515555

809 1708 913 1768 Zweele
931 1707 1118 1783 gefdlsclstea
1140 1707 1319 1768 Memoriale
1342 1707 1469 1779 Aldricl,
1493 1708 1597 1782 111555
1618 1707 1731 1769 Patrol.
1748 1708 1822 1777 115,
1846 1708 1897 1777 78,
1921 1706 1964 1765 86
1985 1704 2042 1778 551.
2066 1703 2270 1764 Mleblbaclrer
2295 1705 2377 1778 Rea.

806 1816 871 1874 976
892 1810 993 1893 (915),
1026 1813 1157 1888 ‘Vorlape
1191 1811 1246 1885 fer
1272 1811 1347 1871 uwel
1374 1813 1491 1871 weltere
1513 1811 1722 1885 Fdlsclmagee
1749 1807 1813 1881 aas
1837 1810 1893 1868 dea
1921 1808 2039 1869 Nomen
2067 1807 2215 1883 15115155
2240 1808 2272 1869 ἄ.
2301 1808 2375 1879 Fr,

805 1917 1000 1977 Mdlrlbaelrer
1015 1917 1086 1990 Rep.
1104 1920 1177 1988 958,
1194 1920 1259 1979 982
1274 1917 1361 1995 (927,
1378 1916 1465 1991 951).
1488 1914 1547 1975 Dle
1569 1913 1712 1988 ebenfalls
1735 1914 1800 1973 aad
1821 1916 1854 1973 15
1877 1912 2025 1973 desselben
2042 1912 2141 1990 Quelle
2162 1910 2374 1985 elberle'efeete
2398 1928 2431 1978 10

811 2021 954 2082 Urlcuade
970 2018 1150 2081 Obildeberts
1165 2020 1192 2092 I,
1216 2020 1262 2082 Μ.
1279 2019 1315 2079 G.
1332 2020 1404 2080 DD.
1421 2019 1544 2080 Merow.
1561 2023 1624 2080 121
1639 2018 1779 2092 518551.
1797 2021 1857 2078 131
1874 2018 1975 2087 5115,
1998 2016 2049 2075 bat
2062 2018 2232 2090 pependber
2245 2020 2374 2077 51263

806 2124 1002 2198 selbstdndipe
1029 2124 1215 2197 Stilislraap.
1264 2124 1355 2183 Trete
1384 2124 1438 2182 der
1469 2124 1564 2182 alelen
1592 2124 1811 2195 Ferentaneae,
1847 2121 1951 2180 welche
1978 2119 2088 2180 diesem
2118 2120 2225 2179 Zweclc
2253 2120 2374 2181 diem

809 2228 876 2305 (551.
900 2227 980 2287 115115
1006 2226 1107 2288 (lescle,
1132 2228 1182 2287 des
1205 2228 1479 2301 Benefieialweseae
1503 2226 1590 2306 155),
1624 2228 1789 2287 5555151555
1819 2226 1866 2285 die
1888 2227 1983 2286 Actae
2000 2230 2086 2298 pont.
2112 2223 2230 2285 Gestom.
2257 2244 2284 2285 c.
2311 2230 2368 2297 21,

807 2333 954 2393 1115511155
983 2332 1129 2391 Analecta
1150 2336 1181 2393 2.
1206 2332 1249 2393 ed.
1274 2332 1348 2403 293,
1376 2334 1467 2392 necle.-
1512 2333 1585 2392 Sunt
1612 2332 1687 2392 enim
1716 2331 1840 2393 5151155
1868 2333 1964 2391 555155
1992 2330 2096 2390 multae
2124 2329 2159 2389 de
2188 2330 2293 2390 eedem
2325 2349 2368 2405 55,

811 2455 884 2515 quae
911 2455 980 2514 prae
1007 2439 1152 2498 vetustate
1181 2440 1210 2497 et
1237 2437 1418 2512 negligentia
1447 2454 1553 2513 magus
1581 2454 1614 2497 55
1637 2440 1719 2512 55515
1746 2435 1804 2511 legi
1826 2452 1884 2495 nou
1916 2437 2047 2511 possunt,
2079 2432 2213 2494 similiter
2240 2438 2273 2494 51
2304 2435 2367 2495 5115
2393 2450 2425 2498 55

809 2544 961 2619 praecepte
989 2542 1025 2601 de
1046 2542 1144 2601 eadem
1174 2558 1206 2601 55
1228 2546 1297 2601 5551
1325 2541 1468 2601 55511515
1497 2540 1662 2615 cartulario,
1691 2558 1764 2618 quae
1786 2539 1844 2615 logi
1872 2558 1924 2617 555
1947 2538 2041 2598 55515
2066 2555 2135 2615 pree
2157 2541 2312 2599 vetustate
2336 2541 2368 2600 et

808 2646 959 2723 putredine
981 2663 1038 2705 non
1061 2647 1201 2721 poesuut;
1224 2646 1315 2707 multa
1337 2642 1478 2721 siquidem
1500 2643 1598 2705 ferale
1620 2646 1648 2705 51
1671 2644 1854 2720 negligenter
1876 2644 1988 2721 perdita
2010 2660 2074 2704 osse
2089 2645 2260 2705 narrantur.
2297 2645 2366 2705 Wre

807 2749 914 2821 Habet,
953 2749 1110 2826 Quaestione
1138 2746 1262 2807 eroec.
1286 2749 1341 2821 IV,
1376 2748 1457 2809 Bibl.
1482 2748 1516 2807 de
1545 2736 1654 2807 l’Eeole
1682 2748 1732 2808 dee
1761 2750 2025 2821 51511551812,
2063 2747 2190 2808 Oeuores
2219 2752 2251 2820 1,
2284 2753 2364 2821 110,

809 2854 945 2925 55555511,
976 2855 1015 2913 151
1036 2856 1116 2912 trote
1143 2852 1197 2912 der
1214 2854 1447 2928 pepeathetlipea
1474 2854 1688 2928 Vereleleerunp
1710 2853 1763 2912 ἄεν
1785 2852 1879 2913 Acteis
1898 2856 1983 2926 pent.
2010 2850 2126 2913 Cenem.
2149 2852 2280 2911 Aldriclr
2310 2852 2367 2912 ἄεν

808 2961 884 3017 erate
906 2955 1037 3029 Bisclrof
1057 2973 1114 3016 oon
1134 2956 1180 3016 Le
1202 2957 1306 3028 Mane,
1341 2957 1463 3016 weleber
1485 2956 1528 3018 81.
1554 2954 1655 3017 Calais
1687 2959 1785 3017 selaer
1806 2958 1917 3016 Klrelre
1945 2956 2177 3017 eiaeaocrleiben
2205 2958 2365 3031 accendite
2388 2971 2421 3019 ao

807 3061 857 3121 dle
876 3061 976 3120 echtea
1003 3060 1167 3121 115155ηᾶ55
1189 3078 1245 3120 von
1269 3060 1312 3121 81.
1338 3059 1453 3133 051515,
1478 3061 1526 3119 dle
1548 3060 1602 3120 dae
1623 3078 1720 3136 panse
1742 3060 1961 3135 Lepeagewebe
1982 3058 2158 3133 aasdeoleea,
2179 3062 2259 3134 J'etct
2283 3060 2366 3120 55515

807 3167 854 3225 bei
876 3165 971 3223 Habet
993 3164 1012 3223 l.
1029 3181 1053 3224 c.
1068 3167 1133 3225 231
1156 3162 1222 3235 aad
1242 3167 1307 3226 178
1330 3164 1355 3238 f.
1397 3164 1493 3227 Wenn
1515 3166 1612 3225 Haoet
1639 3183 1682 3224 55
1710 3165 1838 3225 crederer
1860 3164 1958 3237 815115,
1983 3166 2139 3243 Quaestione
2162 3162 2278 3226 Mtroo.
2301 3166 2367 3225 VII

808 3271 827 3331 l.
851 3287 874 3330 c.
899 3272 950 3341 51,
981 3271 1053 3341 603,
1089 3268 1217 3329 Oeaores
1245 3274 1275 3340 1,
1310 3272 1385 3341 277,
1415 3270 1473 3329 dea
1501 3270 1559 3330 Stil
1586 3269 1639 3329 ἄεν
1669 3268 1760 3330 Gesta
1790 3268 1907 3329 Aldrici
1935 3287 1966 3331 5.
1989 3288 2018 3333 a.
2048 3270 2278 3329 ebaraleterieirt
2315 3270 2365 3330 ale

808 3375 941 3449 ,1555555
969 3374 1086 3451 ineisa,
1121 3375 1175 3449 gai
1198 3371 1265 3447 font
1282 3372 1394 3448 perdre
1416 3372 1452 3432 de
1473 3390 1529 3433 oue
1550 3374 1577 3433 le
1598 3375 1676 3449 sajet
1697 3374 1927 3448 prcmmatical‘,
1961 3373 2092 3446 55151111
2114 3373 2178 3432 dies
2200 3374 2281 3432 asecle
2306 3370 2366 3447 far

808 3478 866 3538 dea
887 3479 997 3538 mirrea
1019 3477 1153 3538 Satcbau
1174 3479 1209 3536 15
1230 3478 1283 3537 ἄεν
1303 3480 1443 3538 5555115
1464 3495 1521 3538 555
1541 3480 1654 3539 51263
1675 3497 1725 3550 eu,
1749 3496 1779 3538 es
1802 3480 1841 3538 151
1864 3478 1993 3538 derselbe
2014 3477 2124 3539 8111151.
2386 3490 2421 3541 eo

808 3650 847 3716 In
869 3649 1002 3714 nomine
1024 3648 1129 3735 551515
1152 3657 1185 3714 51
1207 3647 1266 3713 filii
1290 3657 1323 3713 et
1346 3650 1482 3736 spiritus
1505 3651 1622 3715 sancti.
1645 3649 1791 3715 Karolus
1815 3649 2041 3715 serenissimus
2064 3656 2225 3734 augustus
2250 3670 2273 3713 5
2297 3647 2364 3716 deo

703 3763 884 3822 coronatus
907 3774 1047 3839 magnus
1070 3762 1103 3819 51
1124 3754 1283 3841 pacificus
1305 3755 1484 3840 imperator
1505 3754 1688 3821 Romanum
1714 3753 1900 3838 gubernans
1924 3754 2107 3839 imperium,
2135 3754 2192 3839 qui
2216 3761 2251 3817 et
2275 3751 2361 3839 [per]

704 3858 965 3927 misericordiam
994 3857 1048 3923 dei
1075 3881 1136 3923 rex
1158 3858 1361 3925 Francorum
1391 3866 1492 3944 etque
1520 3858 1829 3945 Longobardorum.
1935 3857 1969 3924 Si
2002 3858 2215 3925 sacerdotnm
2246 3879 2364 3924 servo·

704 3987 843 4051 rumque
867 3962 920 4028 dei
942 3964 1038 4027 iustis
1061 3971 1095 4028 et
1116 3961 1372 4029 rationabilibus
1394 3962 1618 4049 peticionibus
1640 3963 1685 4029 ad
1701 3972 1851 4049 optatum
1875 3964 2027 4030 effectum
2043 3962 2269 4048 perducimus,
2293 3982 2363 4029 non

704 4070 812 4137 solum
839 4067 966 4153 regiam
995 4087 1188 4133 exercemus
1218 4066 1505 4151 consuetudinem,
1542 4067 1602 4133 sed
1632 4072 1731 4133 etiam
1760 4068 1893 4135 eosdem
1921 4089 1981 4154 pro
2009 4065 2202 4133 excessibus
2230 4069 2424 4135 nostriset

702 4173 828 4240 domiui
856 4171 1120 4239 misericordiam
1148 4172 1337 4238 exorandos
1366 4171 1559 4238 devociores
1587 4194 1628 4237 55
1657 4174 1875 4260 promptiores
1906 4173 2044 4237 facimus
2075 4179 2176 4258 atque
2205 4194 2268 4257 per
2298 4171 2367 4237 boe

702 4278 826 4344 domini
849 4275 1111 4342 misericordiam
1133 4275 1264 4342 facilius
1287 4276 1384 4342 nobie
1408 4276 1652 4343 conciliandam
1676 4300 1750 4343 esse
1773 4276 1978 4342 confidimus.
2022 4276 2067 4340 Et
2095 4276 2217 4341 iccirco
2242 4286 2366 4343 notum

701 4381 952 4449 essevolumus
974 4382 1104 4446 5555115
1126 4380 1281 4447 fidelibus
1305 4390 1421 4447 555515
1453 4381 1505 4447 (151
1530 4380 1692 4467 aecclesie
1716 4391 1749 4448 51
1771 4382 1894 4448 5551515
1917 4380 2145 4467 presentibus·
2172 4378 2307 4447 seilicet
2331 4392 2369 4448 et

701 4486 832 4562 futuris,
857 4485 1012 4570 quoniam
1037 4484 1167 4549 Franco
1191 4483 1393 4550 venerabilis
1410 4484 1654 4552 Cenomennice
1677 4485 1769 4552 urbis
1792 4487 1973 4573 episcopus
1996 4487 2162 4572 suggessit
2184 4481 2303 4568 nobie,
2322 4509 2367 4554 eo

701 4591 792 4677 quod
814 4588 1086 4656 monasteriolum
1109 4589 1217 4653 555511
1239 4588 1403 4674 Κ55115111,
1434 4590 1524 4675 quod
1547 4591 1635 4657 15155
1663 4591 1821 4657 terminos
1844 4591 1991 4677 predicte
2018 4590 2110 4657 urbis
2136 4590 2320 4676 parrochie
2344 4614 2368 4658 5
2392 4609 2427 4658 eo

701 4697 768 4761 iam
792 4694 880 4761 dicto
906 4693 1026 4759 domno
1043 4693 1203 4759 Kerileffo
1228 4693 1431 4759 concedente
1446 4704 1546 4781 atque
1570 4695 1743 4762 ordinante
1767 4696 1886 4762 domno
1910 4697 2090 4761 Innocente
2112 4694 2242 4781 5551515
2268 4694 2369 4763 urbis

703 4798 870 4886 quondam
888 4798 1044 4884 episcopo
1062 4798 1095 4862 in
1110 4797 1211 4863 rebus
1227 4806 1294 4862 tam
1311 4799 1362 4863 551
1378 4798 1538 4885 551555511
1555 4822 1652 4885 quem
1671 4809 1703 4865 51
1719 4799 1817 4865 rebus
1833 4800 1972 4866 aliorum
1996 4799 2157 4866 bonorum
2173 4797 2367 4885 hominum,

702 4913 771 4969 tem
794 4923 909 4987 regum
933 4922 1032 4988 quam
1056 4909 1089 4966 51
1111 4901 1251 4967 aliorum
1274 4900 1435 4966 nobilium
1450 4903 1606 4987 virorum,
1630 4901 1715 4991 ipsib
1738 4904 1858 4970 domno
1883 4905 2012 4990 5551515
2027 4902 2187 4970 Κ55115115
2211 4904 2368 4991 traditis,

702 5030 786 5095 quas
816 5016 849 5072 et
871 5008 942 5094 ipse
970 5015 1088 5093 postea
1111 5030 1170 5093 per
1201 5017 1384 5074 strumenta
1406 5019 1574 5076 cartorum
1604 5018 1636 5074 51
1659 5032 1718 5095 555
1739 5007 1906 5074 licentiam
1936 5009 2004 5073 sive
2032 5009 2229 5095 permissum
2257 5019 2368 5096 atque

701 5133 902 5178 consensum
917 5110 1123 5177 Childeberti
1145 5112 1233 5196 regis
1257 5112 1302 5176 ad
1323 5122 1462 5179 matrem
1487 5122 1520 5179 et
1543 5114 1689 5179 civitatis
1714 5114 1920 5197 aecclesiam,
1944 5136 2007 5200 que
2031 5122 2082 5178 est
2104 5120 2306 5178 constructa
2329 5116 2369 5181 iu
2393 5131 2430 5181 to

701 5217 826 5282 honore
855 5225 969 5282 sancte
992 5214 1097 5280 Marie
1126 5216 1179 5282 dei
1201 5217 1372 5301 genitricis
1401 5226 1434 5282 51
1457 5226 1647 5283 sanctorum
1677 5220 1846 5283 martirum
1871 5216 2025 5283 Gervasii
2056 5225 2155 5303 atque
2180 5216 2368 5303 Prothasii‚

702 5323 846 5387 instante
870 5330 903 5386 51
925 5321 1143 5386 confirmante
1165 5322 1266 5388 misso
1284 5320 1486 5387 Chlideberti
1510 5324 1598 5407 regis
1616 5322 1817 5388 contradidit
1840 5331 1939 5408 atque
1961 5321 2112 5408 legaliter
2134 5322 2371 5408 confirmavit,

699 5429 736 5500 Ι15
760 5426 882 5513 quibus
904 5424 1004 5491 rebus
1027 5425 1216 5512 predictum
1239 5425 1511 5492 monasteriolum
1539 5426 1713 5492 fundatum
1736 5448 1757 5491 a
1780 5429 1847 5491 iam
1876 5425 1973 5492 dictis
1999 5426 2123 5491 5555115
2151 5425 2234 5491 viris
2260 5437 2372 5515 atque

703 5539 928 5596 constructum
952 5538 1033 5615 est‘,
1070 5527 1150 5596 cedd
1174 5531 1332 5617 deinceps
1362 5529 1559 5616 quibusdam
1582 5530 1875 5597 intervenientibus
1904 5531 2014 5597 555515
2037 5552 2058 5595 5
2086 5530 2156 5611 iure
2180 5552 2241 5617 555
2275 5533 2373 5599 5εᾶ15

779 5719 839 5776 253.
859 5721 886 5813 a)
905 5723 1104 5788 preesseutibue
1123 5721 1151 5775 B
1229 5722 1283 5789 5)
1275 5738 1335 5789 ipso
1353 5722 1381 5776 Β
1459 5722 1485 5791 5)
1504 5722 1596 5777 durch
1614 5722 1660 5776 dic
1678 5720 1995 5789 Relatleoerbiadunp'
1987 5738 2017 5772 55
2036 5721 2133 5788 quibus
2151 5720 2235 5772 rebus
2255 5720 2299 5776 151
2319 5723 2372 5778 die
2395 5725 2430 5775 te

858 5790 1059 5845 bormtracte'oa
1072 5790 1122 5845 ἄεν
1141 5791 1334 5861 lanpatmipen
1354 5790 1501 5845 Periode'
1490 5808 1521 5845 aa
1543 5792 1719 5861 11515νά5555
1737 5791 1877 5860 gebracht,
1901 5791 1943 5844 sie
1960 5794 2065 5844 mdeste
2082 5787 2227 5873 aagefdltr
2247 5790 2374 5848 laetere:

863 5862 1124 5914 mcnasteri.olume
1143 5861 1274 5925 Kari,lelfi
1302 5860 2195 5928 555151555151555555511551585,1555555555115155
2214 5860 2371 5916 fundatum

860 5928 2007 5997 ,51555555515551555555515551555111151155115155555555515511555111ιᾶ5
2024 5930 2127 5983 51263
2144 5928 2371 5998 555515555σή515-

934 6069 966 6122 d·
984 6072 995 6123 t
1053 6069 1088 6125 ch
1104 6000 1336 6125 5155553555εέ
1347 6001 1498 6137 1155985859
1499 6002 1589 6138 5551)
1607 6001 1649 6054 sle
1666 6015 1728 6054 war
1748 5998 1808 6054 aleo
1826 5999 1911 6053 schoa
1929 5996 2134 6068 ureprdapllcb
2229 6000 2262 6068 d)
2283 6009 2312 6055 51
2332 6002 2373 6071 Β,
2397 6074 2432 6127 ω

857 6084 982 6122 emeretr
1012 6084 1052 6123 55
1336 6086 1368 6140 eg

857 5966 944 6053 benere
961 5998 1107 6053 Fdlscleua
