5642 7159
1042 796 1162 856 Kalen
1184 797 1273 856 ΗΕΒ
1294 796 1464 857 GBOSSE
1487 791 1559 858 779.
2062 792 2123 858 175

577 985 638 1045 Die
656 985 801 1046 Urkaade
821 985 905 1045 sollte
926 986 1003 1046 aaut
1025 985 1092 1045 dem
1106 985 1204 1045 ledes
1225 1004 1297 1046 esea
1318 991 1349 1047 3.
1367 986 1455 1046 Bueb
1475 988 1510 1045 ia
1532 1003 1556 1047 e.
1571 990 1614 1047 20
1638 987 1786 1048 desselben
1807 985 1991 1059 Ueterleuaft
2011 986 2121 1059 finden,

578 1089 653 1151 oleo
675 1091 747 1150 aber
767 1107 828 1163 sose
850 1089 916 1150 aad
937 1089 1060 1162 eorm
1082 1090 1165 1149 duaa
1186 1089 1249 1162 auf
1267 1090 1320 1150 der
1342 1090 1502 1152 Riteleseite
1525 1091 1575 1150 des
1598 1091 1738 1164 Rutulus,
1762 1093 1815 1152 der
1836 1092 1884 1151 die
1908 1089 2039 1150 corones
2061 1095 2123 1150 esst·

577 1194 650 1267 Mit,
680 1194 729 1254 die
752 1195 950 1268 Fortsetruae
971 1194 1022 1254 dee
1045 1196 1076 1256 5.
1098 1195 1225 1255 Boebes.
1255 1228 1289 1240 -
1320 1194 1457 1268 Versoeet
1485 1197 1561 1255 noete
1589 1195 1710 1255 alterum
1734 1197 1899 1257 Formaler
1917 1196 2012 1270 qteieb
2033 1201 2067 1255 κθ
2082 1198 2120 1256 61

578 1300 634 1358 mit
655 1316 717 1358 mr
735 1300 874 1373 eruerer
901 1298 1082 1373 Umbs'ldmeq
1104 1299 1252 1358 einselner
1273 1299 1415 1359 Formela
1439 1299 1509 1379 (rur
1531 1299 1652 1374 Arcaea
1674 1302 1729 1376 opt.
1746 1301 1848 1364 Ferro.
1871 1299 2015 1371 Mereulfi
2036 1298 2063 1371 Ι,
2087 1298 2121 1377 3)

522 1389 526 1396 ’
578 1403 633 1477 spi.
657 1404 735 1462 auct
756 1402 853 1464 Sietel
874 1402 971 1464 Beitr.
993 1421 1022 1463 e.
1044 1402 1128 1476 Dipl.
1153 1403 1214 1462 ΠΙ
1238 1403 1356 1464 Wiener
1379 1403 1439 1464 SB.
1465 1408 1516 1476 47,
1539 1408 1614 1476 227,
1644 1404 1708 1468 UL.
1731 1409 1795 1466 133
1817 1405 1851 1465 K
1865 1407 1915 1466 72.
1940 1403 2020 1462 Karl
2041 1404 2123 1462 batte

577 1505 721 1567 Nescisse
741 1507 830 1566 sebee
854 1510 916 1567 773
939 1507 1120 1566 Inmuaitet
1141 1506 1296 1579 eertieben,
1324 1514 1359 1565 n⁰
1374 1511 1433 1581 74;
1470 1508 1549 1568 dieae
1576 1507 1718 1568 Urlruede
1746 1509 1848 1568 warde
1869 1509 1976 1581 jedeet
2000 1506 2054 1581 fier
2076 1506 2124 1565 die

580 1611 779 1684 Bestetiquae
800 1612 835 1669 ia
857 1611 961 1670 keiner
987 1611 1082 1672 Weise
1104 1611 1330 1685 berameeoqea.

578 1796 718 1864 Carolus
740 1799 847 1883 gratia
871 1797 923 1863 dei
945 1820 1006 1863 rex
1034 1799 1239 1863 Francorum
1269 1807 1303 1864 et
1323 1798 1622 1884 Langobardorum
1649 1821 1689 1864 ac
1717 1802 1875 1887 patricius
1899 1801 2123 1867 Romanorum

479 1901 630 1968 omnibus
646 1903 813 1988 episcopis
828 1901 1008 1968 abbatibus
1023 1902 1166 1969 ducibus
1181 1902 1356 1969 comitibus
1372 1903 1564 1970 domesticis
1579 1905 1711 1970 vicariis
1727 1906 1923 1971 centenariis
1939 1905 1991 1971 vel
2010 1927 2123 1971 omues

425 2025 456 2074 to
476 2008 597 2073 missos
619 2015 751 2072 nostros
768 2005 989 2072 discurrentes
1005 2006 1237 2093 praesentibus
1253 2017 1286 2072 et
1301 2008 1434 2074 futuris.
1539 2010 1613 2075 Hoc
1630 2009 1725 2075 nobis
1742 2009 1786 2075 ad
1802 2009 2015 2076 stabilitatem
2030 2009 2121 2092 regni

476 2112 580 2177 nostri
602 2111 747 2176 maxime
770 2110 936 2177 credimus
959 2112 1132 2197 pertinere,
1158 2113 1186 2177 si
1208 2111 1266 2176 illa
1287 2111 1460 2196 beneficia,
1485 2113 1573 2198 quod
1589 2123 1816 2180 antecessores
1839 2115 1944 2180 nostri
1963 2135 2057 2200 reges
2081 2113 2124 2178 ad

476 2215 549 2282 loca
576 2226 766 2282 sanctorum
797 2225 1048 2299 concesserunt,
1083 2238 1142 2302 per
1175 2225 1323 2282 nostram
1353 2219 1583 2283 auctoritatem
1613 2220 1856 2284 confirmamus.
1900 2219 2046 2304 Ideoque
2073 2219 2124 2282 vir

476 2318 675 2386 venerabilis
690 2319 879 2385 Frodoinus
895 2320 984 2386 abba
1007 2319 1202 2386 clementiae
1217 2322 1310 2407 regni
1332 2323 1436 2387 nostri
1454 2323 1629 2408 suggessit,
1655 2345 1693 2389 eo
1711 2322 1798 2409 quod
1823 2321 1926 2387 incliti
1941 2324 2122 2388 anteriores

476 2445 571 2508 reges
594 2423 648 2489 vel
671 2423 811 2489 domnus
835 2433 868 2490 et
889 2425 1019 2510 genitor
1040 2434 1154 2490 noster
1174 2424 1283 2491 bonae
1306 2429 1485 2492 memoriae
1507 2426 1665 2513 Pippinus
1689 2427 1856 2514 quondam
1879 2449 1939 2493 rex
1961 2429 2124 2512 integram

426 2544 455 2593 re
476 2529 689 2593 emunitatem
712 2527 756 2592 ad
778 2529 1014 2593 monasterium
1036 2528 1206 2594 Novalicis
1229 2530 1263 2593 in
1284 2529 1373 2594 valle
1389 2530 1553 2615 Sigosina,
1578 2531 1667 2617 quod
1682 2541 1734 2596 est
1755 2532 1789 2596 in
1804 2531 1929 2597 honore
1951 2532 2122 2597 beatorum

476 2631 700 2719 apostolorum
716 2632 803 2697 Petri
829 2642 861 2697 et
877 2631 1052 2699 Andraeae
1069 2633 1120 2699 vel
1135 2642 1319 2699 ceterorum
1343 2644 1534 2700 sanctorum
1554 2645 1789 2716 constructum,
1811 2636 2064 2719 concessissent,
2087 2645 2124 2701 ut

476 2735 585 2802 nullus
598 2735 700 2802 iudex
712 2734 866 2822 publicus
877 2737 933 2801 in·
947 2737 1045 2803 rebus
1057 2746 1157 2823 atque
1169 2738 1383 2804 facultatibus
1396 2738 1544 2805 eiusdem
1557 2739 1716 2805 ecelesiae
1733 2741 1776 2806 ad
1788 2761 1908 2806 causas
1924 2739 2123 2805 audiendum

475 2839 528 2906 vel
561 2841 656 2906 freda
682 2840 882 2926 exigendum
917 2864 978 2907 neo
1006 2842 1195 2907 mansiones
1228 2851 1286 2907 aut
1313 2852 1450 2928 paratas
1483 2843 1672 2909 faciendum
1702 2866 1809 2930 neque
1837 2844 2052 2910 fideiussores
2081 2843 2124 2908 ad

475 2945 625 3010 homines
649 2947 809 3031 ingenuos
833 2955 890 3010 aut
907 2948 1088 3012 servientes
1111 2945 1292 3012 tollendum
1309 2971 1370 3013 nec
1392 2946 1504 3012 nullas
1519 2947 1752 3031 redibutiones,
1778 2971 1864 3034 quae
1879 2947 2028 3035 partibus
2049 2948 2122 3013 fisci

425 3066 456 3116 to
477 3047 692 3128 debebantur,
721 3049 968 3135 requirendum,
1003 3051 1083 3116 inibi
1113 3048 1306 3117 iudiciariab
1340 3061 1490 3138 potestas
1518 3053 1690 3139 ingredere
1722 3074 1852 3140 quoque
1880 3062 2029 3138 tempore
2058 3074 2124 3118 nou

477 3153 622 3219 deberet.
647 3152 744 3219 Unde
766 3164 800 3220 et
821 3156 913 3241 ipsas
938 3157 1136 3221 emunitates
1159 3156 1255 3222 nobis
1278 3158 1500 3243 inpraesenti
1525 3158 1705 3224 ostendidit
1725 3156 1930 3244 relegendas,
1958 3180 2017 3243 per
2041 3179 2124 3244 quas

476 3260 583 3344 ipsum
605 3256 802 3324 beneficium
817 3281 922 3346 usque
938 3282 1025 3325 nnnc
1048 3269 1196 3346 tempore
1211 3270 1443 3327 conservatum
1467 3284 1539 3328 esse
1554 3263 1786 3347 cognovimus3
1809 3261 1869 3328 sed
1883 3284 1942 3349 per
1956 3261 2124 3327 firmitatis

477 3361 621 3428 studium
645 3362 741 3447 petiit
763 3362 951 3429 celsitudini
974 3372 1124 3448 nostrae,
1157 3376 1194 3431 ut
1215 3365 1279 3430 hoe
1302 3365 1393 3430 circa
1415 3367 1487 3452 ipso
1512 3364 1634 3432 abbate
1658 3367 1793 3453 eiusque
1815 3375 1891 3453 post
1914 3389 1987 3431 eum
2012 3387 2123 3431 succe·

477 3466 632 3532 dentibus
648 3467 843 3533 confirmare
857 3467 1061 3535 deberemus.
1087 3467 1190 3535 Cuius
1204 3471 1402 3557 peticionem
1418 3470 1584 3536 noluimus
1600 3469 1774 3555 denegare,
1792 3470 1850 3536 sed
1864 3471 1912 3534 ita
1926 3471 1959 3535 in
1972 3469 2124 3537 omnibus

425 3587 456 3636 eo
478 3571 680 3658 praestitisse
704 3579 737 3636 et
759 3572 973 3639 confirmasse
995 3575 1197 3656 cognoscite.
1237 3575 1481 3659 Praecipientes
1506 3577 1608 3658 enim,
1639 3584 1683 3658 ut,
1709 3575 1793 3640 sieut
1815 3583 1946 3640 constat
1967 3573 2009 3640 ab
2033 3585 2123 3640 ante-

476 3674 666 3741 cessoribus
687 3675 822 3761 regibus
844 3677 897 3742 vel
914 3677 1047 3743 domni·
1069 3681 1249 3764 genitoris⁶
1271 3679 1376 3744 nostri
1393 3678 1496 3744 fuisse
1511 3677 1685 3762 indultum,
1709 3679 1875 3764 inspectas
1892 3680 1982 3765 ipsas
2001 3682 2122 3745 emuni-

476 3788 563 3844 tates
587 3779 628 3844 de
651 3780 803 3846 omnibus
826 3780 927 3847 rebus
950 3791 984 3847 et
997 3782 1214 3849 facultatibus
1236 3785 1340 3869 ipsius
1357 3782 1518 3848 ecclesiae
1542 3783 1629 3848 infra
1645 3806 1747 3869 regna
1769 3783 1830 3849 deo
1847 3784 1995 3869 propicio
2010 3792 2124 3850 nostra

476 3883 654 3967 Franciae,
684 3883 816 3968 ltaliae,
845 3887 879 3950 iu
914 3885 1115 3972 quibuslibet
1143 3883 1258 3972 pagis⁴¹
1286 3897 1319 3951 ct
1353 3887 1545 3952 territuriis·
1575 3886 1637 3953 sub
1666 3888 1855 3953 emunitatis
1885 3889 2017 3954 nomine
2049 3910 2124 3953 cum

478 3987 629 4053 omnibus
644 3987 743 4054 rebus
759 3991 928 4055 concessis
944 3989 1079 4055 valeant
1094 3990 1264 4075 possidere
1286 4000 1319 4056 et
1335 3991 1505 4056 dominare
1527 4001 1561 4056 et
1582 3991 1673 4058 nulla
1695 3993 1908 4078 requisitione
1923 4014 1984 4058 nee
1999 3992 2124 4058 nullum

426 4106 459 4156 ao
478 4091 747 4178 impedimentum
770 4115 791 4157 a
811 4092 977 4159 iudicibus
1000 4093 1142 4180 publicis
1165 4105 1232 4160 tam
1255 4104 1369 4161 nostro
1393 4105 1541 4181 tempore
1564 4117 1662 4182 quam
1687 4105 1719 4160 et
1743 4096 1988 4162 succedentium
2010 4119 2124 4183 regum

478 4195 598 4262 exinde
612 4195 735 4261 habere
749 4219 816 4262 non
832 4195 1093 4283 pertimescant‘,
1118 4198 1186 4281 sed,
1204 4208 1240 4265 ut
1256 4198 1412 4284 diximus,
1431 4199 1491 4266 sub
1508 4202 1637 4286 integra
1652 4202 1831 4266 emunitate
1848 4200 1974 4286 absque
1988 4202 2124 4267 introitu

476 4299 645 4365 iudicum¹
666 4301 700 4364 in
723 4299 775 4365 dei
798 4323 917 4366 nomen
940 4303 1123 4367 resedeant.
1148 4303 1192 4368 Et
1207 4313 1244 4368 ut
1266 4303 1328 4368 hec
1351 4306 1534 4370 auctoritas
1556 4305 1680 4370 firmior
1702 4305 1864 4370 habeatur
1886 4305 1938 4371 vel
1961 4304 2123 4372 diuturnis

477 4403 679 4490 temporibus
702 4413 930 4480 conservetur,
959 4427 1061 4470 manu
1083 4407 1217 4492 propria
1246 4406 1359 4473 subter
1381 4430 1456 4473 eam
1484 4407 1687 4474 decrevimus
1717 4409 1873 4475 roborare
1896 4431 1936 4474 ac
1959 4408 2000 4474 de
2023 4410 2123 4476 anulo

475 4518 589 4574 nostro
613 4509 769 4574 iussimus
793 4510 949 4596 sigillare.

427 4663 457 4711 eo
582 4647 719 4734 Signum
742 4652 808 4728 (li.)
832 4647 944 4716 Caroli
967 4649 1196 4736 gloriosissimi
1219 4653 1316 4736 regis.
1384 4633 1387 4640 ¹

581 4769 783 4856 Wigbaldus
807 4772 960 4838 advioem
982 4772 1110 4839 Radoui
1134 4775 1310 4859 recognovi
1333 4783 1381 4841 et.
1395 4823 1403 4838 .
1417 4823 1441 4840 ..

581 4891 674 4957 Data
697 4891 826 4958 decimo
850 4893 917 4958 kal.
941 4895 1049 4960 iunias
1072 4917 1159 4961 anno
1183 4914 1221 4959 x1
1244 4905 1332 4961 etv.

1264 5157 1350 5230 lto.

476 5313 572 5384 Korl
599 5315 662 5385 der
694 5312 822 5387 Greese
847 5315 986 5387 sebeelet
1011 5318 1089 5388 dem
1115 5316 1260 5388 Kloeter
1286 5315 1332 5386 H
1334 5338 1403 5388 ers
1409 5315 1504 5405 feld
1529 5320 1628 5391 eluere
1656 5318 1847 5408 Frebreleof
1864 5343 1910 5392 ese
1935 5318 2042 5391 Aulo.

427 5461 457 5508 to
1606 5458 1728 5517 Herstel
1750 5461 1813 5518 779
1836 5457 2008 5531 September
2029 5459 2083 5519 24.

580 5640 744 5704 &banalas
764 5662 822 5705 aas
844 5644 897 5704 der
918 5646 1010 5705 Mitte
1031 5645 1082 5705 dee
1104 5649 1156 5706 12.
1181 5645 1235 5705 Jls.
1259 5646 1283 5719 f.
1308 5650 1350 5707 16
1374 5646 1421 5726 (8)
1445 5650 1487 5706 tm
1510 5646 1716 5708 Steetsorebio
1736 5666 1777 5707 ra
1800 5648 1950 5721 Mordere
1972 5646 2032 5725 (0).

588 5783 697 5844 Werselr
720 5783 806 5843 Hees.
830 5783 1044 5858 Loadesqesele.
1068 5779 1117 5857 2⁶,
1142 5790 1163 5845 7
1183 5788 1250 5845 n⁰5
1275 5803 1332 5845 aas
1357 5785 1388 5846 0.
1412 5818 1453 5830 -
1477 5787 1672 5848 Melicertes
1687 5789 1760 5861 Req.
1783 5790 1849 5847 223
1872 5787 1969 5865 (217).

574 5965 633 6021 125.
653 5967 680 6034 a)
696 5982 750 6020 eost
767 5965 910 6023 deraelbea
928 5967 1019 6022 Haud
1037 5968 1105 6022 siber
1123 5969 1173 6023 der
1191 5969 1267 6023 Zeite
1284 5969 1492 6040 nordpetreqea
1590 5975 1617 6040 b)
1634 5973 1757 6025 iudiciari
1777 5973 1799 6026 0
1895 5973 1920 6039 e)
1938 5972 2066 6026 duruerit
2084 5975 2126 6041 ips

633 6035 731 6090 radiet
817 6038 845 6104 d)
861 6041 936 6106 ipsas
954 6041 1229 6106 emunitates-pagis
1247 6054 1301 6092 voa
1319 6039 1462 6094 derselbea
1479 6040 1572 6096 Hand
1590 6041 1648 6108 aas
1663 6041 1763 6097 Rosur
1860 6043 1886 6108 e)
1905 6043 1956 6096 mit
1976 6042 2126 6097 darstlerer

425 6103 457 6151 ⁴⁶
634 6104 717 6159 Time
734 6109 832 6175 tpdter
849 6122 922 6162 corr.
941 6107 973 6160 ia
990 6111 1134 6160 territoriis
1238 6110 1471 6176 Opertimoscunt
1494 6111 1516 6166 0
1618 6112 1647 6180 g)
1666 6112 1796 6172 iudicium
1816 6110 1843 6162 0.
