5642 7159
637 738 702 801 210
1234 739 1673 800 KAISEBURKUNDEN.

741 930 798 1006 (0.)
820 924 835 1006 ll
856 925 1066 1012 Uuigbaldus
1089 924 1241 991 advicem
1264 925 1410 991 Radonis
1439 927 1616 1011 recognovi
1641 927 1709 1009 etit
1737 929 1804 1001 (SR.
1824 929 1904 989 NT.:
1944 927 2133 988 Uoibbuldus
2155 928 2286 986 udotcem
2316 928 2318 933 ’

637 1035 775 1095 Rudente
796 1036 949 1108 recoqaoui
970 1038 998 1092 ct
1019 1034 1185 1106 subscripsi
1206 1032 1364 1092 ordinante
1386 1032 1493 1092 domno
1515 1049 1582 1106 repe
1600 1049 1671 1105 per.
1685 1076 1714 1091 ..
1743 1030 1879 1110 statam).
1907 1031 1964 1110 (SI.
1987 1033 2037 1106 D.)

742 1170 832 1235 Data
854 1191 959 1234 nonas
981 1169 1171 1235 novembris
1194 1189 1280 1233 anno
1303 1189 1392 1234 nono
1417 1167 1544 1234 decimo
1573 1179 1606 1233 et
1628 1169 1725 1233 tertio
1749 1167 1875 1232 decimo
1904 1168 1995 1251 regni
2018 1168 2137 1250 nostri3
2176 1175 2285 1232 actum

640 1274 842 1340 Uuarmasia
863 1273 1005 1361 palati03
1029 1276 1063 1338 in
1087 1274 1138 1339 dei
1162 1274 1292 1339 nomine
1315 1272 1463 1338 feliciter.

1430 1517 1517 1590 ιιι.
1916 1491 1918 1496 ’
2311 1539 2327 1588 s

639 1676 734 1747 Kurl
755 1677 818 1749 der
844 1673 972 1747 Grosse
991 1675 1130 1747 sobeubt
1149 1676 1213 1747 der
1231 1675 1364 1747 Kircbc
1386 1674 1422 1746 S.
1446 1675 1641 1747 blittero
1668 1675 1706 1744 iu
1727 1674 1881 1746 Floreut
1901 1674 1975 1745 bier
1995 1697 2074 1744 eum
2093 1672 2296 1764 Kb'uipsbof

637 1797 792 1869 Floreat
814 1797 972 1888 peltbtt'pe
1000 1795 1155 1868 Hbuser.

741 2070 897 2145 Abscbrift
919 2074 970 2132 des
985 2076 1036 2133 16.
1054 2073 1108 2133 Jb.
1131 2075 1165 2132 ιἰι
1179 2073 1253 2135 Ood.
1267 2074 1415 2147 Borpbint
1428 2079 1463 2132 u⁰
1479 2077 1517 2132 71
1532 2091 1566 2146 p.
1583 2077 1600 2132 1
1620 2074 1652 2130 io
1675 2073 1728 2131 der
1743 2072 2002 2133 Stactsbibliotlrelc
2023 2091 2064 2132 aa
2079 2073 2209 2132 Florem
2223 2069 2287 2150 (Β).

742 2212 829 2271 Berti
853 2210 947 2271 Cenat
967 2215 1038 2272 stor.
1062 2214 1160 2274 urtist.
1179 2229 1237 2285 per
1264 2214 1374 2271 seruire
1395 2212 1429 2270 dt
1455 2210 1550 2284 quida
1573 2229 1588 2270 e
1610 2211 1720 2272 illustr.
1743 2211 1805 2268 alla
1828 2209 1964 2269 Basilica
1991 2210 2023 2268 dt
2046 2209 2077 2271 S.
2102 2211 2235 2269 Minicio
2257 2209 2288 2268 ol
2312 2223 2344 2272 ιο

741 2317 845 2374 Monte
868 2319 932 2376 173
954 2334 1011 2376 aus
1034 2316 1073 2379 Β.
1096 2350 1139 2360 -
1166 2316 1362 2375 Mdblbucber
1384 2316 1457 2390 Rep.
1480 2318 1542 2376 281
1570 2313 1671 2393 (272).

742 2454 822 2514 Kurl
836 2455 866 2515 d.
882 2455 936 2515 Gr.
954 2454 1042 2528 feiert
1058 2459 1121 2516 786
1142 2455 1310 2516 Weilmacbt
1326 2458 1359 2514 ia
1375 2455 1514 2526 Florem,
1531 2454 1611 2513 Ano.
1628 2472 1653 2528 s.
1666 2454 1776 2514 Frons.
1795 2452 1964 2534 (Laertes.)
1982 2457 2045 2514 786
2061 2453 2104 2513 ed.
2123 2455 2225 2512 Keras
2237 2457 2289 2524 72,

744 2575 773 2617 es
795 2560 835 2617 ist
858 2559 921 2618 also
944 2561 1009 2618 eine
1028 2561 1151 2633 petuisse
1181 2559 1504 2630 Wobrscbetulicltkeit‚
1528 2558 1597 2617 dass
1621 2558 1737 2617 (lomois
1761 2558 1809 2617 die
1823 2558 1997 2632 Scbsubunp
2020 2556 2149 2635 ctfolpte.
2176 2558 2291 2616 Deoid-

742 2664 824 2734 solm,
855 2663 1067 2736 Forscbunpeu
1087 2682 1115 2722 a.
1144 2663 1259 2722 tltereu
1284 2663 1386 2726 Gescb.
1415 2680 1471 2722 con
1498 2662 1630 2721 Floreat
1652 2665 1703 2733 35,
1733 2665 1806 2720 sctet
1834 2664 1877 2720 sie
1899 2659 2073 2741 ,jedenfolls
2099 2661 2194 2734 plciclt
2215 2662 2291 2719 naeu

743 2767 810 2825 dem
832 2767 962 2826 Ablebeu
984 2768 1037 2826 der
1058 2767 1194 2840 Konipin
1215 2767 1391 2840 Hildepard‘
1418 2768 1494 2845 (783
1517 2765 1572 2838 opt.
1585 2771 1619 2823 n⁰
1634 2765 1721 2842 149),
1746 2766 1785 2823 du
1809 2765 1887 2824 Karl
1909 2768 1963 2846 ,im
1986 2765 2119 2825 Summer
2141 2766 2289 2825 desselben
2319 2779 2349 2828 tt

744 2870 855 2929 Jobres
883 2871 946 2930 sich
971 2871 1081 2948 'wieder
1108 2873 1163 2929 mit
1186 2871 1239 2929 der
1260 2870 1414 2929 Fustrocto
1442 2871 1585 2929 oormtblt
1613 2869 1677 2929 ond
1704 2869 1871 2928 scliwultelr
1897 2869 2025 2928 noclslter
2058 2871 2129 2928 oder
2154 2888 2212 2944 qur
2238 2887 2291 2928 um

626 2963 630 2968 ’
751 2974 924 3035 Weibnuclst
946 2978 1009 3036 786
1033 2975 1243 3048 Sebentunqen
1272 2972 1328 3046 sor
1356 2975 1404 3032 die
1425 2973 1604 3033 Scelenrube
1632 2974 1685 3032 der
1708 2974 1863 3036 &duobis
1886 2974 2029 3046 pemucbt‘
2052 2974 2134 3034 tube.
2180 2974 2223 3032 Es
2252 2975 2290 3032 ist

735 3079 842 3149 jedocls
872 3079 965 3137 teum
998 3077 1105 3152 Zufull
1131 3078 1201 3138 oder
1226 3097 1289 3137 nur
1321 3078 1616 3152 Gedanbenlosipkeit
1644 3079 1697 3137 der
1728 3076 2046 3150 Urlsuudenscbreiber,
2081 3094 2165 3136 wenis
2199 3095 2228 3136 cs
2258 3080 2291 3134 tn

742 3189 777 3240 n⁰
798 3185 859 3242 156
888 3183 952 3242 und
981 3187 1045 3244 157
1072 3185 1162 3243 lietsst
1191 3201 1242 3259 pro
1271 3183 1354 3243 nobis
1388 3184 1579 3259 uxoribusque
1609 3183 1718 3242 nostris
1752 3180 1836 3259 (stutt
1865 3181 1914 3240 des
1942 3185 2023 3240 sonst
2057 3182 2291 3240 uussclrliesslicls

744 3286 879 3345 obliclreu
902 3303 988 3346 uxore
1009 3287 1125 3359 nostra)
1257 3286 1481 3348 misericordiam
1506 3288 1550 3347 dei
1574 3287 1714 3346 attentius
1737 3303 1861 3346 exorare.
1890 3286 1967 3344 Zosn
1991 3285 2135 3359 Siopator
2158 3286 2289 3360 coniugis
2311 3299 2346 3349 to

746 3407 806 3449 meo
828 3389 884 3463 opt.
908 3408 959 3464 pro
983 3407 1027 3450 me
1049 3394 1083 3448 ιἰι
1104 3396 1139 3448 o⁰
1154 3394 1205 3450 83.

748 3557 894 3624 Karolus
916 3561 1024 3645 gratia
1047 3558 1098 3625 dei
1121 3583 1181 3625 rex
1205 3561 1411 3626 Francorum
1438 3570 1471 3626 ct
1494 3559 1794 3647 Langobardorum
1823 3581 1863 3624 ac
1887 3561 2046 3646 patricius
2069 3561 2292 3625 Romanorum

646 3663 799 3728 omnibus
821 3662 974 3728 fidelibus
997 3666 1122 3729 nostris
1138 3664 1346 3750 presentibus
1370 3674 1403 3730 et
1419 3666 1549 3730 futuris.
1655 3663 1821 3751 Quicquid
1837 3667 1923 3729 enim
1946 3666 1990 3731 ad
2005 3664 2080 3730 loca
2105 3675 2293 3729 sanctorum

645 3790 706 3854 pro
723 3767 833 3832 divino
856 3768 977 3832 intuitu
1001 3776 1034 3832 et
1051 3768 1159 3832 anime
1175 3777 1287 3832 nostre
1311 3767 1417 3833 salute
1434 3768 1617 3850 tribuimus,
1641 3767 1703 3834 hoc
1719 3769 1814 3834 nobis
1837 3770 1881 3836 ad
1896 3768 2058 3835 mercedis
2081 3779 2291 3853 augmentum

644 3879 677 3935 et
710 3870 943 3937 stabilitatem⁸
972 3873 1063 3956 regni
1093 3872 1196 3936 nostri
1233 3873 1396 3957 pertinere
1424 3872 1629 3937 confidimus.
1675 3873 1783 3958 Igitur
1811 3876 1939 3939 noverit
1974 3876 2118 3938 omnium
2147 3882 2292 3938 vestrum
2320 3890 2353 3939 25

645 3975 849 4059 magnitudo,
873 3974 1018 4060 eoquod
1040 3995 1101 4039 nos
1118 3975 1159 4040 ob
1175 3973 1344 4041 amoremb
1367 3975 1421 4041 dei
1444 3986 1476 4040 et
1500 3977 1605 4040 sancti
1622 3975 1768 4041 Miniatis
1793 3977 1959 4042 demusin
1975 3988 2089 4042 nostra
2113 3976 2293 4042 elemosina

646 4088 679 4143 et
701 4100 760 4164 pro
777 4078 888 4142 anima
902 4077 989 4143 bone
1011 4080 1168 4144 memorie
1185 4079 1397 4144 dilectissime
1420 4080 1571 4165 coniugis
1587 4102 1659 4144 mee
1683 4079 1857 4166 ildegarde
1873 4080 2038 4166 quondam
2062 4080 2106 4146 ad
2121 4080 2293 4146 basilicam

646 4184 765 4271 prefati
789 4184 934 4248 martiris
956 4182 1081 4248 Christi
1097 4183 1243 4250 Miniatis
1267 4185 1362 4250 sitam
1379 4185 1555 4266 Florentie,
1580 4184 1636 4249 ubi
1660 4186 1750 4250 eius⁰
1772 4185 1959 4251 venerabile
1975 4207 2094 4272 corpus
2117 4187 2294 4272 requiescit

643 4296 677 4353 et
699 4287 881 4353 Haderisus
906 4287 1069 4372 presbiter
1091 4297 1202 4353 custos
1226 4311 1358 4374 preesse
1380 4289 1520 4370 videtur,
1543 4287 1577 4353 id
1601 4301 1678 4354 sunt
1700 4312 1778 4355 case
1802 4299 1953 4377 quatuor,
1983 4314 2045 4376 quq
2075 4301 2168 4356 erant
2196 4291 2293 4376 perti·

643 4400 758 4457 nentes
789 4391 833 4456 ad
855 4401 981 4456 curtem
1009 4402 1157 4457 nostram
1180 4392 1417 4475 Florentinum,
1447 4416 1485 4458 eo
1510 4392 1608 4458 modo
1639 4395 1724 4457 sicut
1745 4394 1779 4458 in
1808 4393 1932 4480 palatio
1960 4395 2047 4460 iuste
2076 4394 2291 4476 debebantur,
2316 4412 2348 4459 ³0

643 4518 723 4562 casa
746 4518 812 4561 una
834 4497 1028 4561 massaricia
1047 4498 1156 4582 posita
1178 4498 1212 4561 in
1227 4497 1399 4564 Urbanula
1421 4507 1556 4583 regente
1580 4521 1638 4583 per
1655 4498 1800 4564 Fusculo
1824 4521 1900 4564 cum
1922 4499 2089 4584 germanis
2112 4508 2145 4564 et
2167 4499 2293 4563 familia

644 4624 705 4667 sua
728 4610 761 4666 et
783 4611 850 4666 tres
872 4622 971 4667 casas
995 4601 1078 4666 alias
1102 4601 1287 4686 aldericias,
1317 4625 1379 4689 que
1405 4612 1482 4667 sunt
1504 4603 1611 4690 posite
1640 4605 1673 4667 in
1696 4603 1853 4686 Rosiano,
1887 4625 1952 4668 una
1981 4625 2024 4668 ex
2053 4605 2135 4688 ipsis
2159 4612 2293 4689 regente

644 4729 702 4792 per
723 4704 860 4787 Busulo,
891 4705 959 4770 alia
982 4729 1041 4792 per
1063 4706 1252 4793 Mazupulo,
1280 4707 1378 4771 tertia
1400 4728 1459 4791 per
1466 4755 1582 4773 ......
1590 4706 1614 4790 ⁶,
1647 4706 1810 4793 simulque
1834 4717 1867 4771 et
1890 4706 2011 4773 oliveto
2037 4706 2094 4772 illo
2118 4709 2151 4772 in
2175 4706 2291 4773 Cereio

645 4809 809 4875 habeute⁸
832 4809 905 4895 plus
929 4812 1036 4875 minus
1064 4808 1197 4896 iugera‘
1217 4821 1293 4876 tres.
1339 4811 1521 4897 Propterea
1548 4811 1610 4876 hoc
1643 4822 1792 4877 nostrum
1814 4810 1979 4876 firmitatis
2009 4821 2201 4898 preceptum
2223 4813 2293 4877 fieri

644 4917 861 5001 precepimus,
892 4937 951 5001 per
973 4914 1062 5001 quod
1092 4915 1280 5002 specialiter
1302 4915 1367 4980 ad‘
1394 4916 1533 4981 eundem
1558 4925 1707 4981 sanctum
1729 4915 1839 4982 locum
1863 4916 2062 5002 supradictis
2086 4917 2173 4980 casis
2197 4914 2293 4983 cum¹²
2315 4934 2350 4983 so

645 5020 733 5084 omni
757 5021 945 5104 integritate
962 5018 1218 5085 confirmamns¹.
1244 5019 1435 5085 Statuentes
1452 5042 1541 5106 ergo,
1565 5029 1600 5085 ut
1616 5020 1725 5085 nullus
1749 5019 1907 5107 quislibet
1930 5044 1972 5086 ex
1995 5019 2147 5085 fidelibus
2171 5022 2293 5086 nostris

645 5134 702 5188 aut
725 5123 898 5188 iudiciaria
920 5132 1088 5209 potestate
1103 5123 1157 5189 vel
1180 5123 1328 5209 qualibet
1343 5147 1486 5210 persona
1509 5133 1568 5190 aut
1583 5123 1624 5189 ab
1649 5126 1815 5210 episcopis
1832 5127 1937 5210 ipsius
1961 5125 2106 5189 civitatis
2123 5124 2164 5191 de
2181 5147 2293 5212 supra·

647 5228 745 5292 dictis
767 5226 867 5292 rebus
891 5236 1037 5292 rectores
1059 5229 1165 5313 ipsius
1190 5226 1385 5292 venerabilis
1408 5226 1472 5293 loci
1496 5230 1677 5314 inquietare
1700 5251 1806 5314 neque
1834 5227 2033 5294 calumniam
2056 5251 2213 5314 generare
2237 5240 2295 5294 aut

646 5332 737 5417 ipsas
760 5354 813 5395 res
837 5331 959 5395 exinde
982 5331 1112 5395 auferre
1134 5331 1344 5417 presumatis,
1369 5332 1428 5397 sed
1451 5334 1623 5397 nostriset
1645 5332 1764 5397 futuris
1787 5331 1991 5418 temporibus
2007 5355 2083 5398 cum
2107 5335 2196 5398 omni
2214 5334 2294 5398 inte·

646 5436 777 5520 gritate,
813 5436 900 5500 sicut
929 5457 1035 5521 usque
1063 5457 1150 5501 nunc
1180 5446 1271 5501 curte
1298 5444 1411 5501 nostra
1440 5458 1593 5522 possesse
1622 5445 1707 5518 sunt,
1742 5436 1787 5501 ad
1815 5437 1977 5522 prefatam
2008 5457 2120 5502 casam
2155 5433 2232 5501 dei¹⁵
2261 5438 2295 5500 in
2317 5455 2352 5504 to

647 5538 864 5604 luminaribus
888 5541 958 5603 eius
974 5538 1127 5623 basillice
1152 5539 1325 5620 innostra,
1348 5549 1384 5605 ut
1400 5541 1557 5617 diximus,
1581 5540 1760 5605 elemosina
1777 5549 1809 5604 et
1830 5541 1941 5605 anima
1957 5542 2023 5605 iam
2041 5541 2126 5605 dicte
2147 5541 2295 5626 coniugis

647 5666 718 5707 mec
744 5643 779 5706 in
810 5645 997 5727 augmentis
1021 5641 1197 5729 proficiat¹.
1243 5644 1316 5707 Hoc
1339 5666 1417 5708 vero
1442 5652 1671 5730 preceptumm,
1703 5643 1753 5727 [ut
1774 5644 1900 5708 firmius
1925 5643 2012 5727 sit]¹²,
2041 5666 2140 5709 manu
2162 5645 2296 5731 propria

647 5747 852 5812 firmavimus
876 5746 927 5811 vel
953 5747 993 5812 de
1016 5747 1115 5812 anulo
1139 5756 1253 5812 nostro
1278 5747 1425 5833 sigillare
1449 5749 1615 5813 iussimus.

723 5918 782 5973 155.
801 5919 827 5981 a)
846 5925 1038 5985 augumentum
1057 5927 1085 5970 et
1102 5919 1250 5970 stabilitate
1268 5918 1296 5971 Β
1382 5919 1410 5984 b)
1428 5935 1519 5971 amore
1537 5918 1565 5971 Β
1634 5920 1658 5986 c)
1677 5921 1702 5970 si
1720 5917 1748 5971 B
1834 5918 1863 5985 d)
1880 5917 1938 5984 srei
1954 5919 2113 5988 pelasseucr
2130 5918 2228 5973 Reum

800 5989 826 6053 e)
844 5989 952 6039 haleute
970 5987 998 6040 Β
1066 5989 1198 6054 tluigera
1215 5987 1243 6040 Β
1312 5989 1340 6054 g)
1357 6004 1374 6038 a
1391 5987 1419 6040 Β
1489 5987 1518 6046 hl
1535 6005 1586 6039 con
1605 5987 1631 6040 B
1705 5989 1726 6054 i)
1743 5987 1958 6040 confirmavimus
1976 5988 2004 6042 Β
2073 5991 2102 6056 k)
2122 5988 2227 6042 dictiB
2319 5989 2352 6038 lb

801 6060 821 6120 l)
839 6060 1009 6124 augementis
1026 6057 1148 6124 perficiat
1165 6056 1193 6109 Β
1262 6059 1299 6125 ιιι)
1319 6065 1470 6124 prepertum
1489 6057 1515 6108 Β
1586 6059 1614 6124 ιι)
1631 6061 1746 6126 uqutet
1765 6057 1838 6110 ιιιισΙι
1855 6069 1888 6110 ιιο
1906 6061 1946 6122 ts,
1964 6061 2012 6112 82.
