5642 7159
991 715 1113 775 naas
1136 714 1225 776 nna
1247 714 1415 778 oaossn
1441 711 1644 798 [583-595)
2081 713 2140 782 251

497 903 538 969 de
566 905 633 968 iam
665 902 761 968 dictis
791 901 892 967 rebus
913 902 1096 987 inquietare
1119 909 1178 965 ant
1200 900 1424 987 calumpniam
1447 925 1605 989 generare
1628 912 1686 968 aut
1708 901 1833 990 aliquid
1861 903 2055 970 abstrahere
2084 927 2145 970 nec

497 1009 667 1073 minuare·
689 1007 755 1073 ullo
773 1029 927 1093 umquam
943 1015 1091 1092 tempore
1107 1002 1308 1092 presumatl,
1333 1006 1392 1072 sed
1407 1029 1467 1093 pro
1482 1007 1643 1072 mercedis
1659 1017 1770 1072 nostre
1787 1017 1962 1094 augmento
1979 1017 2013 1074 et
2035 1010 2143 1075 anime

496 1114 644 1198 germani
675 1113 779 1177 nostri
803 1111 1021 1176 Karlomanni
1054 1110 1141 1196 regis
1170 1110 1214 1176 ad
1236 1112 1302 1175 iam
1337 1109 1462 1177 dictum
1491 1121 1641 1176 sanctum
1671 1111 1781 1176 locum
1810 1112 1931 1178 nostris
1958 1112 2143 1198 futurisque

496 1214 700 1303 temporibus
715 1213 847 1280 Christo
864 1215 1001 1300 auspice
1017 1236 1076 1300 per
1097 1235 1231 1280 manum
1247 1215 1435 1300 agentium⁰
1457 1237 1569 1280 eorum
1591 1216 1624 1278 in
1647 1214 1863 1281 luminaribus
1879 1216 1982 1301 ipsius
2005 1214 2144 1280 ecclesie

458 1340 474 1387 5
498 1342 557 1385 seu
573 1318 746 1404 stipendiis
770 1339 940 1383 servorum
956 1318 1018 1401 dei,
1043 1319 1098 1404 qui
1117 1317 1239 1385 ibidem
1263 1319 1324 1383 deo
1348 1319 1509 1384 famulare
1532 1318 1694 1400 videntur,
1718 1317 1925 1405 perhenniter
1947 1317 2145 1404 proficiant‘l

494 1425 527 1488 in
544 1423 739 1508 augmentis.
762 1423 807 1487 Et
821 1431 858 1486 ut
873 1421 933 1487 hec
949 1423 1129 1487 auctoritas
1145 1421 1305 1488 inviolata
1320 1421 1382 1488 deo
1406 1422 1575 1488 adiutore⁰
1598 1419 1769 1507 omnique*
1782 1431 1929 1508 tempore
1943 1423 2055 1488 valeat
2069 1446 2139 1509 per·

497 1528 627 1611 durare,
651 1546 750 1590 manu
767 1527 899 1612 propria
922 1524 1035 1591 subter
1049 1525 1209 1592 roborare
1232 1525 1438 1591 decrevimus
1455 1535 1488 1590 et
1510 1524 1551 1590 de
1567 1525 1665 1591 anulo
1681 1535 1793 1591 nostro
1812 1525 1954 1611 sigillare
1976 1527 2142 1592 iussimus.

599 1664 721 1729 Actum
743 1687 831 1730 anno
855 1682 905 1729 xn
928 1674 1085 1750 regnante
1108 1665 1233 1732 Karolo
1256 1673 1363 1750 regess.

1284 1940 1370 2016 187.

445 2130 477 2180 ro
499 2106 595 2177 Kart
621 2106 685 2178 dar
710 2103 837 2176 Groasa
864 2102 1044 2194 beprrodipt
1071 2104 1138 2173 dan
1159 2099 1414 2192 Lonpobordcn
1434 2099 1516 2172 Aio
1544 2103 1618 2172 aad
1640 2100 1714 2192 pibt
1740 2081 1813 2171 ihm
1840 2103 1904 2173 das
1930 2103 2147 2194 einqesoffeae

496 2228 671 2320 Elpenpat
697 2227 736 2297 ia
763 2225 893 2296 Frioal
919 2226 994 2296 aad
1020 2225 1070 2294 im
1102 2222 1221 2295 Gabiet
1247 2247 1312 2296 oon
1346 2222 1484 2295 Verona
1510 2225 1585 2295 aad
1619 2221 1766 2294 Vicensa
1791 2224 1932 2295 tardato.

1683 2363 1805 2421 Asabon
1827 2367 1888 2424 799
1912 2363 2051 2422 Fabraar
2071 2366 2102 2423 2.

600 2556 765 2618 Obartalar
787 2556 837 2615 des
859 2557 911 2616 15.
936 2554 990 2616 Jb.
1013 2571 1071 2612 aaa
1094 2552 1235 2627 Aquiteja
1267 2551 1450 2627 (Ommattors'
1473 2555 1506 2612 is
1528 2554 1595 2612 iare
1617 2548 1728 2631 36tl⁶⁸)
1759 2551 1784 2626 s.
1809 2556 1849 2614 45
1879 2556 1920 2613 tm
1944 2553 2148 2615 Stsatsarcttv

600 2681 641 2721 aa
669 2661 795 2734 Vmedr'y
819 2657 881 2737 (0).

600 2801 833 2874 Mittbeilasqea
855 2800 906 2858 des
922 2798 1062 2857 Instituta
1087 2796 1111 2868 f.
1128 2801 1182 2857 ost.
1202 2795 1267 2856 (ἶῖ.
1286 2801 1315 2866 1,
1338 2799 1402 2856 279
1419 2801 1454 2854 55ο
1469 2798 1487 2854 1
1510 2812 1567 2854 aas
1584 2793 1665 2855 0:
1688 2796 1778 2856 Mem.
1795 2800 1866 2856 ator.
1884 2797 1963 2856 della
1976 2798 2016 2858 R.
2034 2798 2145 2872 Dspat.

605 2905 714 2964 Veneta
736 2921 794 2965 ser.
817 2902 869 2961 IV
886 2900 1009 2962 Miscelt.
1033 2895 1071 2960 3ὁ
1097 2901 1218 2981 (1884),
1242 2905 1283 2962 19
1306 2906 1342 2959 n⁰
1355 2906 1385 2962 1.
1410 2935 1452 2944 —-
1475 2903 1670 2964 Mttbtbacber
1692 2903 1765 2976 Res.
1788 2905 1853 2964 348
1876 2901 1976 2981 (339).

603 3043 807 3116 Setbstctadiqa
829 3041 1016 3114 Stila'sr'ranq,
1050 3040 1099 3098 die
1122 3040 1199 3098 assela
1221 3039 1270 3098 die
1297 3039 1541 3113 Uabebolfentes't
1563 3042 1617 3101 der
1639 3039 1848 3102 Constraettoa
1877 3044 1919 3100 im
1941 3045 2038 3102 ersten
2064 3041 2147 3100 lucit

602 3149 655 3207 der
681 3146 824 3208 Urkaade
845 3145 1021 3205 constaret.
1049 3145 1143 3204 Ueber
1164 3142 1223 3202 Aio
1245 3143 1478 3219 Mittbeilunqen
1501 3144 1551 3204 des
1574 3146 1716 3206 Instituta
1740 3144 1764 3218 s.
1788 3149 1842 3206 ost.
1870 3145 1936 3206 GP.
1961 3150 1990 3216 1,
2013 3148 2088 3206 266.

601 3335 748 3401 Karolns
772 3335 881 3418 gratia
904 3331 956 3397 dei
979 3354 1040 3397 rex
1062 3331 1266 3397 Francorum
1289 3341 1322 3396 et
1343 3332 1644 3418 Langobardorum
1666 3355 1706 3398 ao
1733 3333 1891 3418 patricius
1912 3332 2147 3398 Romanorum.

443 3460 477 3509 20
603 3440 726 3504 Notum
755 3440 798 3502 sit
820 3439 965 3503 omnium
994 3444 1182 3502 nostrorum
1204 3435 1351 3502 fidelium
1378 3437 1598 3522 magnitudini
1627 3437 1828 3523 presentium
1852 3436 1979 3501 scilieet
2007 3446 2041 3502 et
2063 3436 2146 3501 futu·

498 3567 619 3628 rorum,
644 3543 786 3631 qualiter
800 3551 936 3630 propter
950 3564 1069 3607 nomen
1085 3540 1210 3606 domini
1231 3541 1335 3606 nostri
1351 3541 1429 3607 Iesu
1445 3539 1580 3624 Christi,
1604 3543 1658 3627 qui
1677 3563 1736 3627 per
1759 3550 1908 3607 sanctam
1925 3539 2148 3626 evangelicam

499 3650 674 3715 lectionem
697 3646 1001 3713 misericordissime
1024 3644 1181 3711 admonet
1203 3644 1333 3711 dicens:
1370 3645 1548 3728 ,Dimittite
1578 3655 1611 3711 et
1635 3645 1817 3711 dimittetur
1839 3643 1945 3709 vobis‘
1956 3642 1979 3724 1)
2009 3643 2149 3730 ideoque

500 3776 559 3840 pro
582 3755 653 3819 eius
675 3751 833 3817 ineffabili
856 3761 889 3816 et
911 3759 1046 3816 aeterna
1068 3750 1343 3831 remuneratione,
1367 3750 1446 3835 quia
1461 3749 1559 3814 Aioni
1582 3749 1818 3834 Langobardo,
1842 3749 1897 3836 qui
1921 3750 2068 3836 peccatis
2090 3750 2147 3814 im·

499 3856 700 3924 minantibus
723 3855 874 3942 partibus
889 3854 1035 3920 Avariae
1059 3855 1099 3919 de
1121 3875 1222 3940 regno
1244 3853 1343 3919 nobis
1366 3875 1387 3918 a
1410 3853 1473 3919 deo
1497 3875 1655 3920 concesso
1675 3853 1793 3920 Italiae
1816 3854 1946 3938 fugivit,
1970 3863 2147 3940 postquam

443 3981 477 4029 ao
499 3962 592 4028 illum
615 3968 808 4049 protegente
832 3958 965 4024 domino
990 3957 1225 4023 dilectissimus
1256 3956 1343 4022 filins
1367 3966 1479 4024 noster
1501 3958 1639 4045 Pipinus
1669 3981 1730 4024 rex
1753 3957 2051 4043 Langobardorum
2073 3980 2147 4024 eum

499 4075 612 4133 nostro
636 4066 785 4131 exercitu
808 4062 970 4130 hostiliter
992 4062 1181 4149 adquisivit,
1216 4082 1345 4128 omnem
1368 4061 1501 4148 eulpam
1524 4063 1553 4128 ei
1576 4062 1772 4128 indulsimus
1801 4072 1834 4128 et
1856 4085 1968 4129 omnes
1996 4085 2049 4128 res
2073 4084 2146 4150 pro·

499 4170 650 4256 prietatis
674 4191 764 4250 suae,
792 4187 1017 4255 quascumque
1040 4175 1118 4230 tunc
1141 4175 1288 4252 tempore
1311 4167 1396 4232 iuste
1419 4174 1452 4231 et
1473 4165 1715 4231 rationabiliter
1738 4166 1778 4232 de
1802 4165 1950 4253 quolibet
1972 4166 2149 4232 adtractu⁸

500 4276 570 4339 iure
585 4273 803 4360 proprietario
821 4272 959 4336 vestitus
983 4279 1054 4336 erat
1069 4279 1102 4335 et
1125 4269 1366 4357 possidebatis
1390 4271 1553 4336 territorio
1571 4270 1786 4337 Foroiulense
1802 4281 1835 4336 et
1852 4271 2028 4337 Visentino
2048 4281 2148 4358 atque

500 4378 703 4458 Veronense,
728 4374 860 4461 quando
885 4373 1026 4439 infidelis
1050 4384 1083 4439 et
1106 4375 1264 4461 fugitivus
1287 4375 1452 4462 apparuit,
1476 4373 1613 4440 reddere
1630 4376 1785 4440 iussimus
1808 4385 1842 4442 et
1865 4374 1972 4441 denuo
1996 4399 2055 4461 per
2077 4398 2147 4463 pre-

444 4502 479 4550 50
501 4490 633 4568 ceptum
656 4475 885 4545 auctoritatisb
908 4487 1020 4544 nostre
1042 4479 1235 4565 plenissima
1258 4479 1497 4546 deliberatione
1519 4480 1728 4547 concessisse
1751 4489 1784 4545 et
1806 4481 1841 4544 in
1858 4479 2009 4547 omnibus
2032 4481 2148 4546 confir·

501 4606 609 4651 masse
632 4584 834 4669 cognoscite.
877 4583 1103 4669 Pracipientes
1126 4606 1203 4668 ergo
1227 4582 1389 4666 iubemus,
1423 4592 1459 4648 ut
1481 4605 1588 4670 neque
1610 4606 1671 4650 vos
1694 4605 1801 4670 neque
1827 4585 1972 4650 iuniores
1996 4606 2053 4650 seu
2077 4607 2147 4651 suc·

501 4711 716 4774 sessoresque
739 4689 842 4753 vestri
865 4697 1046 4753 memorato
1064 4686 1163 4753 Aioni
1186 4687 1276 4753 fideli
1298 4696 1425 4771 nostro,
1449 4687 1477 4752 si
1501 4687 1657 4774 deinceps
1680 4688 1779 4754 fidem
1802 4688 1973 4754 inlibatam
1997 4688 2149 4776 partibus

502 4794 622 4860 nostris
645 4793 852 4878 filiorumque
880 4801 1069 4858 nostrorum
1093 4792 1284 4868 servaverit,
1319 4791 1361 4858 de
1390 4793 1624 4877 suprascriptis
1651 4792 1751 4857 rebus
1781 4794 1992 4880 proprietatis
2021 4816 2080 4879 sua
2102 4795 2148 4858 in-

502 4901 651 4986 quietare
674 4907 733 4962 aut
755 4896 955 4962 calumniam
977 4919 1136 4982 generare
1158 4919 1219 4962 nee
1243 4895 1371 4982 aliquid
1399 4897 1521 4962 exinde
1543 4896 1737 4963 abstrahere
1766 4908 1823 4964 aut
1844 4899 1994 4963 minuare
2020 4918 2150 4984 quoque

446 5020 481 5070 ao
503 5013 649 5089 tempore
673 5002 884 5089 presumatis,
909 5000 968 5066 sed
990 5023 1050 5087 per
1072 5000 1135 5066 hoc
1151 5010 1300 5066 nostrum
1324 5002 1532 5067 auctoritatis
1548 5011 1647 5088 atque
1670 5002 1930 5068 confirmationis
1949 5010 2149 5090 preceptum,

503 5106 660 5193 quiequid
682 5105 803 5171 exinde
825 5105 934 5171 facere
950 5094 1099 5187 voluerit,
1124 5106 1235 5190 quieto
1253 5105 1368 5171 ordine
1390 5126 1467 5170 cum
1486 5105 1538 5171 dei
1555 5115 1588 5171 et
1610 5114 1725 5171 nostra
1739 5107 1850 5192 gratia
1871 5104 2011 5171 liberum
2032 5107 2067 5169 in
2084 5125 2150 5170 om·

502 5210 599 5277 nibus
622 5210 833 5296 perfruatur⁰
861 5208 1044 5276 arbitrium.
1090 5210 1135 5274 Et
1162 5219 1199 5273 ut
1221 5209 1282 5274 hec
1313 5210 1495 5275 auctoritas
1518 5211 1643 5277 firmior
1671 5210 1834 5278 habeatur
1861 5220 1895 5275 et
1916 5232 1976 5296 per
2002 5218 2152 5296 tempora

501 5315 619 5381 melius
653 5323 877 5396 conservetur,
913 5335 1013 5379 manu
1046 5314 1181 5400 propria
1215 5313 1328 5379 subter
1360 5315 1563 5380 firmavimus
1599 5325 1632 5381 et
1660 5315 1701 5381 de
1736 5314 1834 5380 anulo
1863 5323 1977 5381 nostro
2013 5313 2151 5399 sigillari

501 5441 669 5486 rnssrmus.

446 5581 480 5628 so
607 5558 742 5644 Signum
766 5563 832 5636 (Μ.)
854 5557 971 5624 Karoli
993 5556 1224 5643 gloriosissimi
1249 5557 1345 5643 regis.

578 5745 638 5802 18⁶.
657 5747 684 5813 a)
702 5749 823 5798 minuere
841 5745 869 5798 B
937 5746 965 5812 b)
983 5743 1190 5813 presumaturB
1259 5746 1285 5812 c)
1303 5746 1452 5813 legentium
1470 5744 1497 5798 B
1565 5747 1594 5810 d)
1612 5746 1755 5814 proficiunt
1772 5745 1799 5800 B
1868 5747 1894 5814 5)
1911 5748 2038 5800 adintorli
2057 5747 2083 5800 B

656 5817 678 5883 5)
695 5819 769 5868 omni
786 5815 822 5870 B'
891 5815 920 5884 g)
939 5814 985 5869 die
1003 5814 1153 5883 Dattraaq
1170 5831 1228 5868 saar
1245 5815 1278 5868 irs
1295 5815 1339 5882 B‘,
1357 5814 1384 5868 B
1402 5813 1494 5869 briebt
1511 5815 1563 5870 ms't
1581 5819 1708 5868 iussimus
1726 5816 1770 5874 ab,

580 5920 640 5977 187.
660 5923 687 5988 5)
704 5921 895 5976 adtractumG
971 5922 1000 5987 b)
1018 5921 1256 5974 auctoritatatisG
1332 5923 1358 5990 c)
1377 5919 1567 5988 perferaturO

538 6029 560 6095 ¹)
577 6025 630 6084 155.
651 6026 720 6081 nuc.
739 6029 766 6095 o,
782 6028 828 6081 37.
