5642 7159
1163 592 1169 600 ’
1248 645 1404 704 rrrrru
1429 641 1500 706 759.
2154 642 2192 708 rr

549 825 691 891 villabus
716 827 867 894 domibus
902 829 1076 916 mancipiis
1099 831 1202 894 vineis
1227 831 1316 895 silvis
1345 833 1447 916 pratis
1475 833 1610 917 pascuis
1638 841 1696 895 aut
1723 832 1763 897 de
1793 831 1993 919 quibuslibet
2027 833 2193 900 beneficiis

548 933 690 994 cernitur
706 954 780 996 cum
805 934 961 1017 equitatis
978 933 1093 997 ordine
1115 933 1295 1017 possidere,
1320 958 1378 1021 per
1401 934 1486 1000 hanc
1507 937 1736 1001 auctoritatem
1762 935 1928 1001 suffultum
1946 935 2073 1022 absque
2088 939 2193 1002 cuius·

547 1033 628 1098 libet
656 1035 788 1099 inlicitis
816 1036 1049 1100 controversiis
1083 1036 1162 1101 inibi
1187 1047 1253 1102 tem
1284 1040 1426 1123 presenti
1451 1060 1550 1123 quam
1571 1039 1681 1104 futuro
1712 1050 1859 1124 tempore
1882 1037 2030 1104 Christo·
2065 1040 2195 1125 presule

548 1138 699 1223 proficiat
722 1140 754 1202 in
777 1149 999 1224 augmentum.
1035 1139 1078 1204 Et
1102 1140 1329 1226 undecumque
1353 1145 1460 1227 ipsum
1484 1144 1719 1207 monasterium
1744 1165 1848 1227 usque
1870 1165 1956 1208 nunc
1980 1142 2096 1208 habuit
2118 1165 2194 1209 con·

511 1259 678 1305 occasum
707 1252 739 1306 et
767 1267 871 1328 usque
906 1242 1066 1309 hactenus
1095 1255 1325 1310 conservatum
1349 1245 1399 1310 vel
1429 1268 1487 1330 per
1518 1255 1745 1310 antecessores
1776 1255 1908 1311 nostros
1931 1270 2025 1332 reges
2048 1250 2137 1312 circa
2159 1269 2195 1311 se

547 1347 722 1428 firmatum,
755 1349 802 1411 ita
831 1357 863 1411 et
891 1348 1024 1411 inantea
1047 1348 1205 1410 resecatis
1229 1346 1491 1433 quibuscumque
1514 1349 1706 1432 superfluis‘
1733 1337 2015 1434 inquietudinibus
2046 1348 2106 1414 sub
2134 1357 2195 1414 eo'

548 1449 661 1515 ordine
684 1450 818 1514 valeant
841 1452 873 1514 in
897 1460 1009 1514 nostro
1034 1471 1183 1514 sermone
1207 1451 1389 1516 auxiliante
1414 1451 1546 1517 domino
1569 1474 1627 1537 per
1650 1462 1800 1537 tempora
1828 1475 2029 1538 permanere.
2069 1453 2113 1517 Et
2134 1475 2195 1516 vos

548 1563 581 1618 et
604 1575 814 1618 successores
839 1556 971 1635 vestri',
995 1552 1051 1618 ubi
1071 1555 1254 1618 necessitas
1270 1555 1378 1634 fuerit,
1402 1557 1435 1618 irr
1458 1554 1706 1620 condicionibus
1729 1556 1834 1640 ipsius
1857 1557 2049 1620 monasterii
2071 1557 2193 1620 iustum

547 1657 681 1721 faciatis
704 1658 862 1722 auxilium
888 1659 1054 1742 inpertire,
1079 1666 1115 1720 nt
1138 1643 1253 1722 melius
1271 1657 1411 1722 delectet
1435 1660 1540 1743 ipsam
1557 1660 1853 1743 congregacionem
1876 1661 1980 1744 ipsius
2004 1660 2193 1724 monasterii

496 1777 530 1824 10
550 1770 637 1845 pro'
661 1761 766 1825 salute
790 1771 904 1826 nostra
928 1762 979 1826 vel
1010 1760 1188 1826 stabilitate
1211 1761 1303 1845 regni
1333 1764 1436 1825 nostri
1462 1761 1583 1825 domini
1612 1761 1871 1826 misericordiam
1900 1763 2019 1847 iugiter
2045 1783 2194 1828 exorare.

550 1865 592 1928 Et
615 1875 650 1928 ut
673 1865 732 1930 hec
757 1868 925 1951 preceptio
941 1866 1036 1929 firma
1061 1862 1240 1927 stabilitate
1257 1862 1427 1945 subsistat,
1451 1866 1584 1949 propria
1600 1885 1701 1928 manu
1716 1866 1803 1928 infra
1817 1864 2022 1930 decrevimus
2037 1864 2195 1930 roborare

548 1967 644 2032 etde
668 1968 791 2032 anulo¹
813 1979 926 2032 nostro
951 1967 1104 2052 sigillare.

651 2103 786 2189 Signum
812 2105 883 2186 (Μ.)
907 2104 1134 2190 gloriosissimi
1159 2103 1268 2168 domni
1294 2104 1424 2190 Pippini
1447 2106 1543 2189 regis.

652 2242 865 2308 Wulmarusy
888 2245 997 2307 iussus
1021 2245 1214 2326 recognovit
1237 2253 1269 2307 et
1293 2246 1435 2332 scripsit.

498 2602 530 2650 rs
1351 2573 1411 2646 12.

547 2729 680 2822 Pippirr
708 2729 932 2812 beurlrurrdct,
968 2732 1049 2800 dosa
1076 2731 1147 2818 (ruf
1167 2731 1280 2820 Kquc
1307 2733 1366 2802 dos
1393 2731 1554 2802 Kloslers
1581 2731 1639 2801 St.
1668 2730 1807 2801 Derris
1838 2728 1940 2817 Grcs
1965 2726 2106 2799 Gerord
2131 2727 2203 2815 cus

547 2853 603 2922 die
643 2875 707 2922 oon
748 2851 820 2920 ilrrrr
856 2851 1125 2922 roidcrroclrtlirlr
1158 2851 1345 2921 erhobcrrcu
1380 2851 1475 2922 Zolle
1509 2854 1568 2922 des
1594 2851 1939 2942 Dionysiasmorlctcs
1970 2850 2020 2918 im
2046 2848 2196 2938 Koa-ios-

543 2972 676 3062 pcriclrl
703 2972 883 3043 carciola-tot
911 2971 1005 3042 debe.

1647 3073 1843 3157 [compsam]
1869 3077 1932 3136 759
1958 3074 2079 3134 October
2100 3075 2152 3137 30.

492 3275 528 3323 20
654 3265 791 3338 Ompiaut
812 3266 854 3322 im
877 3265 1124 3323 Noticnolurclrio
1144 3283 1185 3323 eu
1208 3267 1297 3324 Poris
1322 3264 1385 3342 (Α).

594 3486 597 3495 Ι
652 3419 797 3478 Mobillon
813 3419 859 3478 De
874 3437 906 3478 re
921 3420 993 3492 dipl.
1011 3423 1074 3478 493
1096 3427 1129 3478 rr⁰
1145 3423 1185 3478 44
1201 3421 1301 3479 cusA
1326 3443 1367 3475 =
1390 3421 1506 3480 Dubois
1522 3421 1602 3480 Hist.
1620 3410 1684 3481 er'ct
1701 3421 1800 3480 Paria.
1819 3425 1848 3491 1,
1863 3423 1937 3490 256,
1956 3442 1996 3474 .-.
2012 3420 2149 3495 Bouquet
2165 3420 2194 3488 5,

653 3527 715 3583 703
730 3529 764 3580 91⁰
778 3529 807 3592 9,
827 3546 867 3578 =
884 3523 964 3597 Oriq,
985 3522 1084 3595 Guels.
1102 3528 1133 3594 2,
1151 3527 1193 3584 78
1207 3530 1241 3581 n⁰
1254 3529 1285 3595 2,
1303 3547 1344 3578 =
1368 3524 1571 3584 Scironemonn
1588 3523 1660 3585 Cori,
1675 3523 1698 3596 f.
1711 3526 1813 3598 pretet.
1830 3525 1912 3598 Dipl.
1931 3530 1960 3595 1,
1977 3527 2020 3584 33
2034 3529 2069 3582 n⁰
2084 3526 2134 3594 18,
2153 3545 2195 3578 =

650 3626 751 3699 Mipne
765 3627 879 3688 Pctrol.
897 3629 948 3696 96,
973 3629 1057 3686 1530
1079 3633 1114 3685 n⁰
1138 3631 1188 3688 18.
1212 3661 1254 3671 -
1278 3628 1413 3686 Ferreae
1436 3627 1517 3687 Hist.
1538 3628 1573 3685 de
1596 3630 1639 3689 St.
1656 3628 1757 3702 Deuys
1777 3645 1825 3701 pr.
1843 3631 1885 3688 28
1905 3634 1940 3686 u⁰
1963 3632 2004 3687 10
2027 3644 2083 3686 arcs
2100 3627 2136 3684 Α.
2153 3660 2197 3670 -

655 3727 766 3800 Tardis
797 3729 880 3789 Mon.
909 3730 976 3789 hist.
1007 3733 1070 3788 638
1091 3735 1126 3788 c⁰
1149 3725 1230 3789 57⁶³·
1264 3749 1320 3788 cus
1350 3731 1387 3791 Α.
1423 3763 1465 3773 -
1499 3730 1654 3804 Lcstcyric
1689 3729 1768 3789 Cart.
1798 3730 1835 3788 de
1868 3730 1956 3788 Puris
1980 3734 2009 3800 1,
2031 3732 2076 3790 28
2097 3734 2132 3786 u⁰
2152 3731 2193 3788 21

650 3851 706 3890 cus
731 3833 767 3890 A.
792 3864 833 3878 ·-
865 3831 1089 3906 Schriftproben
1113 3833 1249 3894 Silvestre
1276 3831 1410 3905 Poleopr.
1427 3836 1458 3902 3,
1483 3838 1533 3902 71,
1558 3834 1631 3906 capt.
1659 3835 1752 3906 Ausa.
1776 3835 1813 3908 by
1829 3833 1961 3891 Mudden
1978 3832 2022 3904 pl.
2040 3834 2103 3892 169
2118 3837 2153 3889 n⁰
2174 3835 2196 3889 3

653 3937 783 4014 (Rapina
810 3937 863 3995 der
890 3937 1056 4016 ortuense),
1087 3939 1175 4011 Kopp
1205 3936 1416 4010 Schrifttcscln
1448 3941 1489 3998 23
1513 3939 1541 3996 B
1562 3936 1768 4015 (Recoprrition
1789 3937 1853 3996 acsd
1879 3939 1927 3995 ein
1952 3935 2036 3995 llicit
2057 3935 2111 3994 der
2131 3934 2196 3992 Dc-

652 4043 778 4114 1111669).
802 4075 844 4084 -
868 4042 1063 4100 Matthaeus
1085 4041 1155 4116 neq.
1181 4046 1222 4102 89
1245 4041 1325 4120 (87).

655 4195 742 4255 Gaas
768 4213 823 4254 von
846 4197 924 4254 Eius
956 4198 1150 4268 percutiebat,
1187 4200 1236 4255 ein
1263 4197 1557 4275 Volteielrurspsstriclr
1583 4198 1664 4255 nicht
1692 4196 1865 4266 erlcermbcr,
1900 4195 1954 4254 dos
1977 4195 2197 4267 Recopssitiorss·

651 4301 768 4358 eeiclreo
794 4301 868 4359 ohne
901 4302 1058 4359 tironiscte
1080 4301 1185 4370 Noten,
1220 4301 1268 4359 die
1290 4301 1532 4373 Datiranpsccilo
1558 4300 1708 4358 cebtcsst.
1733 4333 1774 4343 -
1800 4299 1879 4358 Zum
1901 4298 2002 4357 Inholt
2030 4297 2195 4371 6911116.

490 4497 528 4546 30
653 4485 715 4563 (O.)
739 4483 753 4567 Ξ
774 4485 932 4570 Pippinus
948 4507 1007 4549 rex
1019 4485 1221 4549 Francorum
1238 4486 1287 4548 vir
1302 4484 1486 4567 inlusterlj
1574 4484 1752 4548 Venientes
1768 4480 1904 4570 agentes
1927 4485 2033 4549 sancti
2044 4483 2196 4550 Dionisio

548 4597 582 4651 et
610 4586 785 4653 Follerado
813 4587 955 4652 abbate*
988 4587 1164 4653 Aderulfus
1193 4597 1226 4652 61
1253 4586 1458 4674 Rodegarius
1489 4585 1691 4672 compendio
1722 4588 1852 4672 palacio
1883 4585 2022 4673 publeco
2052 4586 2112 4652 sub
2143 4585 2196 4652 die

550 4689 679 4754 decimo
702 4691 864 4755 kalendas
888 4689 1074 4756 novembris
1098 4712 1184 4754 anno
1202 4700 1320 4754 octavo
1344 4692 1436 4776 regni
1460 4691 1572 4770 nostri,
1596 4690 1651 4755 ubi
1675 4712 1735 4754 nos
1757 4691 1802 4756 ad
1824 4693 2052 4755 universorum
2074 4711 2195 4754 causas

549 4792 731 4857 audiendas
766 4804 798 4858 61
832 4803 922 4858 recta
949 4793 1072 4858 iudicia
1099 4791 1381 4858 determinandum
1412 4793 1648 4875 resederemus,
1683 4793 1728 4858 ibi
1763 4795 1825 4858 visi
1861 4804 1937 4858 sunt
1968 4793 2196 4879 interpellasse

549 4895 735 4961 Gerardum
764 4898 926 4978 comitem,
961 4918 999 4960 eo
1024 4895 1112 4982 quod
1140 4897 1226 4961 malo
1252 4896 1364 4961 ordine
1395 4895 1652 4961 recontendebat
1686 4907 1720 4961 et
1752 4897 1915 4962 retinebat
1947 4897 2076 4962 teloneo
2110 4897 2197 4962 infra

492 5013 529 5060 so
550 4999 694 5064 Parisius
718 4997 780 5064 eub
803 4999 942 5064 navibus
966 5010 998 5064 61
1021 5001 1130 5084 pontis
1146 4999 1345 5064 volutaticos
1369 5021 1409 5064 ac
1425 5001 1594 5080 rotaticos,
1618 5021 1716 5085 quern
1732 4999 1773 5064 ab
1790 5001 1863 5085 ipsa
1878 5000 1932 5064 die
1955 5001 2057 5065 missa
2080 5010 2195 5065 sancto

548 5103 701 5169 Dionisio
726 5127 855 5190 semper
877 5103 920 5169 ab
945 5106 1080 5190 antiquo
1105 5104 1314 5189 accipiebant
1336 5115 1472 5189 agentes
1502 5105 1607 5168 sancti
1637 5103 1747 5168 domni
1776 5104 1939 5170 Dionisio.
1980 5102 2075 5169 Unde
2104 5125 2195 5190 prae·

548 5205 657 5271 dictus
674 5206 843 5273 Gerardus
859 5229 970 5274 comes
986 5209 1076 5274 dedit
1092 5211 1124 5272 in
1148 5210 1326 5294 responsis,
1352 5209 1439 5294 quod
1462 5209 1570 5292 ipsum
1585 5207 1750 5272 teloneum
1767 5208 1862 5273 aliter
1884 5232 1951 5274 non
1966 5207 2196 5281 contendebat,

548 5310 613 5374 nisi
638 5310 802 5396 quomodo
825 5320 1053 5377 antecessores
1077 5312 1174 5394 illius,
1200 5313 1255 5397 qui
1278 5313 1417 5377 comites
1440 5313 1573 5376 fuerunt
1600 5321 1676 5375 ante
1704 5311 1806 5393 illum,
1836 5314 1883 5376 ita
1904 5314 2013 5397 ipsum
2036 5311 2080 5375 ad
2103 5333 2195 5377 suam

549 5423 676 5498 partem
692 5412 866 5479 retinebat.
899 5412 1085 5500 Supradicti
1109 5426 1221 5480 autem
1236 5427 1372 5501 agentes
1397 5417 1503 5480 sancti
1527 5415 1668 5479 Dionisii
1691 5417 1738 5479 ita
1755 5425 1870 5480 contra
1885 5438 1961 5480 eurn
1983 5413 2198 5479 intendebant

493 5533 530 5582 40
551 5525 585 5581 et
598 5516 815 5582 ostendebant
837 5527 1050 5603 praeceptum
1068 5517 1248 5603 Dagoberti
1264 5522 1362 5604 regis,
1387 5519 1528 5604 qualiter
1550 5521 1657 5604 ipsum
1675 5528 1856 5583 marcatum
1874 5518 2054 5584 stabilisset
2076 5518 2196 5604 inipso

642 5702 678 5756 11.
698 5705 721 5771 s)
738 5719 809 5756 corr.
829 5719 882 5756 cus
902 5707 961 5769 ipso
980 5704 1009 5757 E
1112 5707 1133 5770 t)
1151 5707 1291 5772 superfluit
1309 5705 1338 5757 E
1449 5705 1478 5773 n)
1498 5722 1546 5757 suo
1564 5722 1596 5756 ea
1616 5704 1663 5774 G„
1684 5703 1738 5786 63,-
1757 5723 1806 5759 sna
1824 5722 1855 5757 sa
1874 5705 1908 5758 Η
2008 5707 2036 5774 v)
2053 5721 2124 5759 corr.
2143 5721 2197 5758 cus

705 5775 789 5824 nostri
808 5771 838 5825 E
948 5773 982 5839 vr)
1000 5789 1069 5826 corr.
1090 5789 1144 5825 aas
1162 5791 1210 5840 per
1227 5775 1257 5827 E
1367 5778 1394 5839 x)
1412 5777 1514 5826 annulo
1534 5772 1563 5839 0,
1580 5774 1611 5826 E
1626 5773 1688 5827 aad
1705 5792 1737 5827 m
1756 5775 1810 5829 den
1828 5774 1963 5828 Druclcea
2074 5779 2104 5841 y)
2122 5773 2151 5842 0,
2170 5775 2199 5827 11

705 5839 765 5894 aad
783 5840 815 5892 iu
834 5839 888 5893 ders
906 5841 1054 5909 Drucken;
1073 5843 1209 5894 Wlmarus
1228 5843 1261 5895 Β.

641 5944 678 5999 12.
706 5947 734 6011 a)
749 5953 776 5998 16
795 5945 853 6012 aas
868 5945 967 6000 Rosar
984 5961 1037 6000 corr
1056 5946 1197 6000 derselben
1215 5945 1306 5999 Hand
1325 5957 1328 5962 “
1410 5948 1438 6014 b)
1456 5963 1510 6000 cua
1522 5947 1767 6018 ursprdrspliclseer
1784 5955 1812 6000 et
1829 5962 1901 6001 corr.

596 6048 829 6128 Kaissrnrlrnndsn
853 6049 876 6099 1.
1546 6077 1556 6094 ι
1993 6054 2009 6098 3
