5642 7159
1064 736 1183 795 KAer
1206 736 1294 795 Dllll
1315 734 1483 797 enasse
1507 733 1578 798 812.
2088 737 2151 803 289

499 922 759 987 misericordiam
783 921 835 987 dei
851 944 912 987 rex
927 922 1134 988 Francorum
1151 931 1184 987 et
1199 921 1506 1007 Langobardorum.
1612 922 1758 990 Veniens
1774 937 1850 992 ante
1873 948 1933 992 nos
1949 926 2151 1013 Aquisgrani

499 1024 620 1112 palacii
635 1026 740 1091 nostri
763 1023 906 1111 publici⁰
927 1024 1026 1090 homo
1050 1025 1156 1090 alicus
1179 1028 1310 1091 nominc
1326 1026 1467 1093 Salanus
1482 1026 1579 1093 nobis
1595 1029 1748 1113 innotuit,
1771 1052 1810 1097 eo
1827 1031 1916 1117 quod
1931 1030 2028 1097 homo
2045 1031 2151 1097 alicus

498 1130 630 1196 nomine
653 1128 828 1215 'singulfus
851 1130 881 1194 ei
902 1128 1106 1195 fideiussoris
1130 1129 1229 1195 datus
1252 1129 1435 1215 habuisset,
1469 1140 1506 1197 ut
1528 1132 1614 1198 infra
1642 1131 1772 1199 noctisd
1794 1152 1869 1199 xnn
1897 1144 1974 1201 ante
2002 1155 2063 1201 nos
2088 1135 2150 1201 sibi

499 1233 734 1321 adpresentare
763 1232 933 1299 debuisset
955 1254 1015 1321 pro
1044 1233 1173 1320 aliquas
1196 1256 1318 1301 causas
1347 1237 1381 1302 in
1408 1236 1583 1301 racionis⁰.
1628 1237 1723 1303 Tunc
1751 1239 1823 1324 ipse
1847 1238 1986 1306 Salacns
2014 1262 2073 1326 per
2096 1241 2150 1304 tri-

461 1351 477 1400 5
500 1337 602 1403 duum
625 1360 684 1404 seu
707 1337 861 1425 amplius,
891 1347 928 1403 ut
949 1338 1005 1404 lex
1027 1337 1153 1422 habuit,
1183 1339 1342 1426 placitum
1366 1360 1462 1405 suum
1486 1338 1616 1425 legibus
1639 1341 1820 1409 custodivit
1842 1351 1875 1408 et
1896 1345 1968 1429 ipso
1992 1342 2149 1429 Tingulfo

498 1441 621 1508 ibidem
650 1442 780 1507 iactivit
809 1441 862 1508 vel
892 1442 1066 1508 solscdivit
1095 1453 1128 1508 et
1155 1453 1355 1510 memoratus
1377 1442 1553 1530 Tingulfus
1582 1466 1643 1509 nee
1665 1443 1709 1509 ad
1738 1467 1798 1511 eac
1828 1446 1950 1533 placito
1977 1449 2061 1515 vinit
2088 1472 2150 1517 nec

497 1547 622 1614 nullum
647 1547 768 1615 direxit
796 1547 946 1613 adviccm
970 1570 1075 1631 suum,
1110 1550 1166 1634 qui
1191 1569 1250 1634 pro
1279 1568 1340 1612 eac
1366 1549 1461 1613 sonia
1490 1548 1690 1633 nunciasset,
1726 1548 1782 1614 sed
1805 1550 1950 1617 iactivus
1974 1551 2093 1619 exinde
2116 1554 2150 1620 in

498 1652 652 1719 omnibns
667 1652 809 1738 aparuit.
831 1649 1018 1736 Pr[oin]de'
1031 1673 1092 1717 nos
1108 1652 1218 1718 taliter
1233 1674 1300 1717 una
1315 1672 1390 1717 cum
1405 1650 1558 1717 fidelibus
1572 1653 1704 1735 nostris,
1720 1652 1755 1718 id
1771 1664 1848 1721 sunt
1864 1654 2029 1741 Gerulfus,
2044 1656 2150 1724 Gunt-

498 1753 627 1841 landus,
640 1755 748 1841 Hedo,
761 1754 960 1839 Armannus,
972 1756 1161 1839 Hamricus,
1174 1754 1344 1839 Sicardus,
1360 1756 1540 1824 Rctbertus
1553 1758 1740 1841 comitibus,
1757 1759 1920 1845 lscgerus,
1937 1761 2149 1847 Ingenoldus,

444 1877 475 1926 ιο
498 1860 682 1948 Agmbinus
706 1883 765 1927 seu
792 1870 825 1927 et
850 1861 944 1926 Acilo
968 1860 1021 1926 vel
1044 1860 1231 1927 Amalricus
1254 1862 1368 1927 comiti
1392 1860 1513 1947 palacii
1536 1863 1640 1927 nostri
1662 1862 1715 1928 vel
1737 1863 1873 1951 reliquis
1898 1874 2018 1952 quam⁸
2039 1866 2150 1952 plures

497 1965 560 2030 visi
589 1965 718 2030 fuemus
746 1964 923 2049 iudicasse,
957 1973 1003 2047 ut,
1038 1964 1117 2030 dum
1145 1966 1218 2051 ipse
1247 1963 1387 2031 Salacus
1416 1964 1575 2051 placitum
1605 1987 1700 2032 suum
1730 1966 1857 2053 legibus
1891 1969 2070 2035 custodivit
2098 1968 2150 2035 vel

498 2068 682 2151 adiactivit,
707 2068 765 2135 sed
789 2076 991 2135 memoratus
1013 2068 1188 2153 Tingulfus
1211 2090 1272 2134 nec
1294 2068 1340 2134 ad
1363 2091 1424 2135 eao
1452 2068 1574 2154 placito
1597 2069 1683 2136 sinit
1709 2093 1770 2137 nec
1793 2070 1921 2137 nullum
1949 2072 2071 2140 direxit
2093 2073 2149 2141 ad·

497 2173 604 2237 vicem
621 2194 729 2256 snum,
745 2172 801 2258 qui
819 2195 878 2259 pro
895 2194 955 2238 eac
973 2174 1068 2238 sonia
1083 2174 1285 2255 nunciasset,
1302 2183 1335 2238 et
1348 2173 1489 2239 iactivus
1506 2173 1626 2239 exinde
1638 2175 1780 2261 aparuit.
1796 2175 1976 2262 Propterea
1988 2176 2149 2263 iubemus,

496 2285 543 2360 ut,
578 2276 656 2342 dum
673 2298 720 2342 ac
742 2298 846 2379 causa
868 2279 916 2343 sic
939 2286 1017 2343 acta
1038 2277 1090 2343 vel
1115 2287 1304 2364 perpetrata
1331 2299 1405 2344 esse
1430 2279 1658 2362 cognovimns,
1692 2289 1729 2345 ut
1751 2289 1951 2347 memoratus
1973 2279 2150 2367 Tingulfus

443 2396 475 2447 ιι
497 2382 648 2447 incontra
676 2404 753 2468 sepe
790 2381 879 2448 dicto
903 2381 1067 2449 Salacono
1097 2382 1138 2448 de
1166 2382 1241 2448 illos
1269 2383 1387 2465 iactus,
1424 2382 1511 2448 sicut
1537 2382 1594 2449 lex
1622 2382 1703 2449 locis
1736 2393 1846 2451 vestre
1876 2384 1917 2450 de
1945 2384 2011 2450 tale
2046 2408 2149 2452 cause

497 2484 657 2568 docuerit,
681 2486 814 2551 omnino
838 2494 1026 2571 conponeat
1048 2485 1100 2551 vel
1123 2485 1298 2553 emendare
1322 2486 1465 2553 studeat.

600 2647 659 2724 (0.)
682 2645 754 2731 Ego
777 2643 979 2710 Eldebertus
1002 2647 1180 2731 recognovi
1203 2653 1237 2709 et
1258 2647 1350 2723 (SR).
1374 2648 1432 2722 (SI.
1457 2644 1501 2723 2.)

598 2784 657 2863 (0.)
680 2783 806 2849 Datum
834 2783 923 2870 quod
946 2785 1026 2849 fecit
1054 2784 1177 2851 mensis
1208 2806 1289 2850 mar.
1314 2783 1384 2849 dias
1408 2779 1812 2849 v111annoxl10bristo
1840 2784 1989 2869 propicio
2019 2784 2147 2870 imperii

496 2887 606 2952 domni
636 2890 741 2953 nostri
761 2887 878 2954 Karoli
909 2898 942 2953 et
964 2904 1067 2953 xnnn
1094 2890 1186 2973 regni
1216 2888 1284 2953 eius
1313 2888 1347 2953 in
1368 2887 1513 2952 Francia
1542 2886 1651 2974 adque
1674 2904 1815 2953 xxxv111
1845 2889 1878 2953 in
1902 2888 2009 2973 Italia,
2044 2889 2147 2955 indic-

438 3007 473 3056 ιο
495 2991 590 3056 cione
613 2988 690 3075 111¹¹3
714 2992 748 3056 in
772 2991 825 3057 dei
847 2992 980 3057 nomine
1002 2988 1145 3058 feliciter
1166 2989 1289 3059 amen¹.

1284 3336 1371 3411 217.

495 3496 589 3567 Kcrl
615 3496 679 3567 der
711 3494 839 3567 Groesa
871 3494 1005 3584 6060ιί1-
1038 3496 1105 3566 den
1144 3492 1301 3583 Gnoson,
1343 3496 1410 3566 den
1444 3496 1709 3587 spanisclcen
1744 3492 2017 3568 Aneiedlern
2050 3498 2147 3569 locine

494 3617 600 3688 Zinee
626 3617 831 3708 crcfanleqen
856 3618 932 3689 aad
957 3616 1062 3688 ibncn
1089 3617 1154 3688 dos
1177 3618 1335 3707 yerodete
1361 3615 1544 3708 Fleoalgrnt
1569 3640 1614 3689 nu
1641 3616 1804 3688 delassare.

1727 3754 1849 3815 Aacben
1871 3758 1937 3816 812
1958 3755 2050 3830 April
2071 3760 2102 3818 2.

439 3961 473 4010 25
598 3944 763 4007 Obanalar
784 3966 840 4008 von
861 3948 1024 4009 Narbonae
1051 3964 1108 4007 aaa
1135 3948 1200 4007 dem
1223 3951 1276 4009 12.
1299 3947 1364 4018 Jb„
1380 3961 1384 3969 ·
1400 3944 1462 4007 OL.
1486 3946 1593 4008 11015
1616 3944 1642 4018 f.
1665 3948 1686 4007 8
1708 3947 1742 4005 in
1770 3945 1823 4005 der
1843 3946 2146 4008 Nationalbibliotbek

582 4071 637 4116 un
658 4054 750 4113 Paris
774 4051 840 4131 (B).

597 4192 714 4251 Balara
736 4191 929 4266 Oapitnloria
951 4197 981 4263 1,
1006 4195 1080 4263 190,
1102 4195 1133 4252 2.
1159 4192 1203 4250 ed.
1220 4197 1250 4262 1,
1274 4195 1341 4252 312
1361 4208 1398 4250 ca
1421 4192 1501 4252 arob.
1518 4190 1674 4250 Narbona.
1692 4188 1746 4268 (B)
1771 4212 1812 4245 =
1835 4188 1880 4250 In
1898 4186 2001 4250 Ocinte
2015 4190 2096 4251 Ann.
2115 4193 2145 4263 7,

596 4300 660 4357 193
681 4314 723 4355 sn
745 4298 811 4356 812
831 4301 866 4355 n⁰
880 4298 909 4366 5,
941 4317 982 4350 =
1011 4294 1149 4369 Bonqaet
1173 4297 1202 4366 5,
1228 4296 1290 4355 776
1312 4300 1347 4351 n⁰
1361 4298 1412 4366 99,
1444 4316 1485 4347 =
1511 4293 1615 4353 Morari
1639 4291 1748 4353 Coracil.
1771 4311 1802 4355 n.
1826 4294 1888 4353 coll.
1913 4288 1982 4366 14⁶,
2005 4298 2080 4375 311,
2104 4316 2145 4349 =

603 4401 716 4461 Walter
740 4400 855 4474 Corpus
877 4402 937 4459 iar.
960 4399 1059 4459 Germ.
1076 4400 1107 4472 2,
1130 4400 1205 4458 255.
1232 4431 1268 4441 -
1300 4395 1361 4475 (De
1388 4398 1440 4457 Vic
1467 4402 1493 4457 et
1522 4396 1664 4475 Vaiseete)
1688 4398 1769 4457 Hist.
1785 4398 1822 4456 do
1844 4397 2023 4472 Lanynedoc
2038 4392 2086 4469 1⁶,
2103 4400 2145 4457 36

596 4511 631 4564 n⁰
650 4508 701 4576 16,
726 4503 770 4564 td.
790 4522 852 4578 pur
872 4505 927 4564 Dn
948 4504 1032 4578 Meae
1053 4506 1085 4575 2,
1110 4505 1170 4562 601
1195 4507 1229 4560 n⁰
1248 4503 1291 4561 16
1314 4502 1350 4560 de
1373 4500 1474 4561 l'arcb.
1499 4501 1534 4560 do
1556 4501 1718 4561 Narbonae
1741 4499 1806 4580 (B).
1834 4534 1876 4545 -
1899 4502 1980 4563 Hist.
2004 4501 2040 4561 de
2061 4500 2145 4561 Lan-

594 4609 705 4684 enedoc
727 4613 757 4669 3.
782 4608 826 4669 e'd.
846 4626 909 4682 par
929 4608 1100 4667 Dalanrr'er
1120 4602 1168 4678 2⁶,
1195 4612 1236 4667 73
1257 4612 1292 4665 ιιο
1304 4611 1347 4668 20
1371 4624 1429 4666 aas
1451 4606 1482 4665 B
1505 4628 1546 4661 =
1568 4606 1611 4666 Μ.
1633 4605 1669 4666 G.
1688 4602 1881 4679 Oopdnlaria
1903 4610 1933 4678 1,
1957 4610 2020 4668 169
2043 4612 2077 4665 n⁰
2092 4609 2144 4668 76.

595 4747 639 4759 -
660 4714 855 4774 Mnblbaabcr
876 4714 951 4788 Ray.
974 4716 1038 4774 170
1063 4710 1164 4791 (156).

598 4854 801 4928 Selbstdndiqc
816 4853 1003 4926 80630009,
1028 4852 1081 4911 der·
1095 4852 1192 4912 Nonae
1215 4852 1266 4911 dae
1281 4852 1534 4926 Recognosocnten
1549 4867 1606 4910 aas
1622 4850 1779 4911 Witherius
1797 4848 1868 4927 (act.
1882 4856 1917 4909 ιιο
1930 4849 2019 4930 218),
2043 4850 2145 4909 iader

596 4958 751 5032 Datiruno
774 4958 880 5018 mensis
902 4974 960 5016 ans
983 4972 1086 5028 nonas,
1115 4973 1143 5016 a.
1167 4959 1236 5032 imp.
1260 4955 1344 5015 XIIII
1367 4973 1424 5015 aas
1447 4956 1512 5027 ΧΠ,
1543 4954 1626 5031 regni
1648 4954 1680 5015 in
1703 4956 1827 5016 Francia
1849 4956 1931 5016 bllll
1954 4972 2012 5014 aas
2034 4955 2142 5015 xmm

597 5061 739 5123 surderbt.
782 5062 874 5123 Ueber
896 5061 945 5119 die
967 5060 1125 5121 Aneiedlcr
1146 5062 1180 5119 in
1203 5060 1256 5119 der
1283 5060 1460 5133 spaniacben
1488 5060 1580 5120 Mara
1614 5059 1734 5121 Sinnon
1755 5059 1885 5133 Lndwig
1907 5059 1935 5118 d.
1959 5059 2014 5118 Fr.
2038 5064 2068 5129 1,
2092 5061 2143 5130 17,

596 5168 671 5227 aber
693 5167 863 5227 beboraniae
885 5166 950 5226 and
971 5167 1086 5227 saiones
1114 5166 1214 5227 War'tr
1242 5164 1305 5225 VII.
1328 5169 1360 5225 2.
1384 5165 1422 5224 Α.
1446 5168 1476 5236 1,
1500 5167 1575 5237 172,
1600 5167 1673 5235 110,
1698 5163 1747 5222 die
1769 5163 1949 5239 Bodinqanq
1972 5163 2025 5221 der
2050 5163 2144 5222 Treue

595 5273 826 5346 Mittheilnnqen
848 5273 898 5331 dea
922 5272 1064 5331 Instituta
1088 5270 1112 5343 s.
1136 5274 1190 5330 ost.
1218 5269 1284 5330 GF.
1308 5271 1382 5343 Ery.
1408 5272 1437 5339 6,
1462 5271 1535 5329 880.

596 5478 634 5543 Ιιι
657 5478 787 5542 nomine
809 5478 913 5563 patris
937 5485 970 5541 et
992 5475 1051 5540 filii
1075 5485 1108 5540 et
1131 5475 1267 5561 spiritus
1291 5475 1406 5539 sancti.
1432 5473 1577 5540 Karolus
1601 5474 1829 5538 serenissimus
1853 5481 2014 5557 augustus
2036 5495 2056 5537 a
2080 5471 2141 5538 deo

491 5591 669 5648 coronatus
685 5602 825 5666 magnus
840 5581 999 5666 pacificus
1015 5580 1195 5665 imperator
1210 5580 1396 5645 Romanum
1412 5577 1601 5664 gubernans
1616 5579 1798 5662 imperium,
1824 5580 1879 5663 qui
1895 5585 1928 5643 et
1943 5599 2001 5663 per
2019 5579 2143 5644 miseri-

435 5705 470 5753 ιο
492 5687 638 5753 cordiam
651 5685 703 5752 dei
718 5709 778 5752 rex
790 5686 993 5751 Francorum
1010 5693 1042 5750 et
1055 5682 1352 5769 Langobardorum
1365 5684 1503 5767 Berane,
1522 5681 1734 5765 Gauscelino,
1752 5680 1971 5765 Gisclafrcdo,
1989 5680 2142 5765 Odilonc,

568 5892 628 5949 tto.
647 5893 672 5958 c)
690 5893 802 5961 plublici
821 5894 848 5945 A
934 5894 962 5959 d)
979 5894 1051 5944 notis
1069 5890 1120 5943 nsit
1139 5888 1401 5943 Horisontalstrr'cb
1419 5888 1486 5944 r'c'bcr
1504 5907 1520 5942 o
1539 5890 1566 5943 A
1652 5889 1678 5955 e)
1697 5906 1728 5941 rs
1745 5904 1799 5943 von
1817 5886 1959 5941 darselben
1977 5886 2069 5940 Hand
2088 5886 2145 5952 anf

645 5962 746 6017 Raanr
814 5960 998 6026 Ooerblasst,
1016 5977 1072 6014 nar
1090 5959 1161 6013 nacla
1174 5958 1287 6027 Spuma
1304 5976 1417 6027 conpro
1436 5958 1561 6013 sicbtbar
1610 5958 1658 6025 g)
1676 5974 1729 6027 qus
1742 5959 1767 6011 A
1839 5959 1868 6026 h)
1886 5956 1974 6011 dacor
1986 5956 2047 6010 eine
2060 5956 2142 6024 Zabi,

646 6029 878 6085 wabrsrbeinlr‘cb
895 6032 945 6094 111,
962 6030 1059 6083 radirt
1165 6032 1185 6095 i)
1202 6044 1281 6081 amen
1299 6029 1331 6082 in
1350 6028 1523 6083 tirorriscben
1541 6026 1643 6081 Noton.

535 6135 774 6188 Kaiserurknnden
795 6134 817 6185 Ι.
1939 6131 1971 6179 et
