5642 7159
1048 735 1169 794 4444
1191 733 1279 794 nnn
1301 734 1467 796 eaossu
1489 731 1587 817 [7871.
2076 679 2160 805 217¹

492 927 677 983 memorata
699 917 780 984 villa
794 919 897 1003 Trite,
921 921 1008 985 sicut
1022 919 1065 986 ab
1089 922 1224 1007 antiquo
1240 930 1387 1008 tempore
1410 921 1539 989 illorum
1564 925 1656 1010 origo
1680 924 1722 990 ad
1745 926 1914 992 servitium
1935 927 2139 995 reddendum

493 1018 597 1085 debiti
620 1022 762 1104 luerunt,
785 1023 833 1087 ita
856 1033 889 1088 et
911 1022 1066 1110 deinceps
1088 1033 1217 1090 remota
1240 1024 1411 1090 demedio
1437 1027 1524 1092 omni
1548 1026 1700 1094 libertate
1716 1028 1897 1114 legitimum
1921 1033 2091 1099 servitium
2108 1043 2141 1100 et

493 1123 687 1210 obsequium
710 1125 944 1213 perpetualiter
961 1129 1048 1193 omni
1072 1136 1218 1214 tempore
1234 1151 1293 1215 per
1315 1139 1465 1195 nostrum
1489 1130 1676 1197 donationis
1692 1143 1882 1220 preceptum
1898 1144 1936 1201 ut
1957 1137 2139 1221 perficiant,

492 1227 654 1293 iubemus.

453 1533 470 1581 o
1279 1510 1367 1588 160.

492 1667 589 1739 Korl
621 1670 686 1740 der
724 1666 853 1740 Grosse
886 1668 1044 1760 1441411141
1083 1671 1161 1740 dem
1194 1670 1339 1742 Kloater
1370 1671 1515 1760 Furfo
1554 1695 1620 1744 444
1654 1672 1794 1765 Hermu
1826 1673 2055 1768 Hildcproud
2085 1700 2141 1769 pe·

492 1789 667 1861 441441144
691 1787 774 1876 aar,
797 1791 947 1862 4144444
968 1791 1095 1863 diesem
1116 1814 1228 1883 wepem
1249 1791 1877 1887 141444144944414114114149444944
1896 1799 2036 1870 mordeo
2054 1822 2138 1871 mar.

1659 1933 1822 2007 1444114144
1845 1937 1909 1995 788
1931 1935 2024 1995 Mara
2044 1940 2097 1998 28.

596 2119 771 2193 1144141444
793 2115 944 2189 Farfense
966 2136 1023 2178 aas
1046 2118 1112 2178 dem
1134 2119 1222 2178 114414
1244 2119 1295 2178 des
1317 2118 1369 2181 11.
1388 2120 1443 2181 114.
1467 2121 1510 2178 im
1534 2118 1603 2181 0441.
1631 2122 1723 2181 Vatic.
1748 2124 1835 2182 8487
1857 2120 1881 2194 f.
1904 2126 1946 2183 48
1967 2130 2002 2182 u⁰
2022 2127 2086 2186 163
2108 2127 2140 2183 in

596 2214 650 2282 der
676 2223 901 2283 14114441441144
922 2223 1091 2283 Bibliotbels
1112 2242 1153 2283 au
1176 2223 1254 2283 Rom
1277 2222 1342 2303 (B).

596 2361 747 2422 Fattescfsi
761 2361 852 2424 Mem.
867 2364 916 2424 iat.
933 2363 1007 2436 dipl.
1024 2363 1071 2422 4141
1092 2363 1200 2422 ducato
1223 2364 1256 2422 di
1272 2362 1389 2437 speum
1403 2367 1467 2424 281
1485 2370 1519 2422 4ο
1532 2366 1574 2424 85
1597 2381 1655 2425 aas
1671 2364 1709 2425 Β.
1734 2399 1768 2408 -
1797 2367 1922 2439 11444414
1946 2367 1978 2425 us·
1992 2366 2095 2440 Furfo
2109 2371 2140 2448 2,

597 2471 660 2538 124
684 2473 717 2525 n⁰
731 2470 796 2527 148
818 2484 875 2526 aas
897 2467 938 2528 B.
961 2500 1004 2511 —
1027 2467 1222 2527 Mublbacber
1245 2468 1318 2541 1149.
1341 2471 1406 2528 293
1432 2467 1531 2546 (284).

594 2605 660 2664 Dos
686 2605 749 2665 Gut
777 2623 841 2665 war
870 2607 912 2664 im
934 2606 1090 2666 1141787
1116 2624 1172 2666 oon
1195 2607 1387 2680 Hildeprand
1414 2624 1455 2665 aa
1478 2605 1582 2680 Furfo
1607 2608 1762 2681 pescbenkt
1791 2610 1923 2680 worden,
1958 2612 2083 2684 Repesto
2110 2610 2143 2669 di

597 2709 834 2783 4144142121
859 2715 994 2785 41144ς
1030 2729 1087 2771 aus
1110 2712 1164 2770 der
1187 2711 1526 2786 8414414444441444414,
1557 2711 1606 2770 die
1632 2711 1765 2786 supleiels
1788 2711 1969 2785 Aufscfsluss
1997 2716 2071 2773 uber
2096 2715 2143 2773 die

602 2815 781 2874 Vertreolsen
795 2816 955 2875 Rubeunos
977 2816 1042 2874 aad
1058 2817 1240 2886 Haterancs,
1264 2817 1313 2874 414
1330 2815 1514 2886 Ebedroma,
1536 2817 1608 2889 qibt,
1631 2819 1776 2875 stammas
1798 2818 1875 2876 oucb
1897 2818 2143 2892 41144444ωό14-

597 2918 693 2978 rietes
714 2919 893 2979 Ausdrtcke
917 2922 950 2978 is
972 2920 1024 2978 der
1046 2918 1325 2991 Pertineusfosmel.

596 3104 743 3171 Karolus
767 3108 875 3190 gratia
898 3105 952 3171 dei
975 3129 1035 3171 rex
1058 3107 1261 3172 Francorum
1285 3115 1318 3172 et
1340 3106 1641 3194 Langobardorum
1664 3129 1703 3172 ac
1727 3108 1886 3194 patricius
1908 3109 2142 3176 Romanorum.

597 3210 765 3296 Quicquid
793 3210 877 3276 locis
907 3220 1094 3277 sanctorum
1121 3211 1360 3277 venerabilium
1391 3211 1432 3278 ob
1461 3233 1606 3278 amorem
1637 3211 1759 3277 domini
1789 3213 1894 3277 nostri
1922 3213 2000 3278 Iesu
2023 3213 2143 3280 Christi

494 3315 642 3380 cedimus
666 3315 718 3380 vel
741 3313 980 3398 condonamus,
1004 3314 1067 3380 hoe
1090 3314 1187 3381 nobis
1210 3316 1254 3381 ad
1277 3317 1463 3382 mercedem
1485 3317 1539 3382 vel
1564 3316 1778 3383 stabilitatem
1800 3319 1892 3403 regni
1914 3321 2018 3383 nostri
2041 3319 2074 3383 in
2091 3318 2143 3383 dei

439 3421 626 3487 eonomine
648 3420 812 3507 pertinere
834 3419 1041 3486 confidimus.
1086 3420 1192 3505 Igitur
1214 3430 1330 3486 notum
1360 3424 1403 3486 sit
1426 3420 1578 3486 omnibus
1606 3419 1760 3486 fidelibus
1782 3421 1903 3486 nostris
1933 3422 2143 3507 presentibus

495 3523 623 3589 scilicet
645 3533 678 3589 41
700 3524 831 3607 1414414,
855 3523 996 3610 qualiter
1019 3525 1069 3589 vir
1091 3524 1292 3591 venerabilis
1309 3526 1481 3613 Altpertus
1504 3523 1609 3590 abbas
1626 3523 1678 3589 441
1702 3523 1854 3589 monachi
1878 3524 1919 3590 de
1942 3528 2142 3591 monasterio

496 3639 610 3715 sancte
634 3629 687 3695 dei
709 3631 879 3716 g'enitricis
901 3628 1005 3714 Maria
1030 3652 1161 3717 semper
1183 3630 1331 3716 virginis,
1366 3630 1455 3718 quod
1478 3639 1528 3695 est
1552 3630 1649 3695 situnr
1679 3630 1712 3694 in
1736 3628 1809 3695 loco
1833 3629 1889 3715 qui
1914 3629 2034 3696 dicitur
2055 3630 2142 3696 Acu-

495 3736 605 3801 tianus
635 3736 787 3800 territorii
812 3733 1019 3816 Sabineusis,
1053 3733 1261 3818 clementiam
1284 3736 1377 3822 regni
1405 3734 1509 3799 nostri
1532 3735 1705 3821 petierunt,
1739 3742 1777 3798 ut
1804 3733 1933 3819 aliquas
1962 3757 2025 3816 res,
2060 3757 2142 3821 quas

495 3838 743 3924 Hildeprandus
772 3836 840 3903 dux
868 3837 975 3902 fidelis
999 3847 1113 3903 noster
1146 3860 1245 3925 super
1276 3839 1418 3925 quodam
1454 3839 1584 3903 homine
1619 3839 1749 3903 nomine
1778 3835 1977 3903 Rabennone
2012 3847 2044 3902 et
2072 3840 2143 3903 eius

440 3960 472 4008 ao
496 3944 635 4028 coniuge
658 3943 789 4007 nomine
812 3941 983 4007 Haleruna
1013 3943 1192 4008 secundum
1223 3943 1366 4009 edictum
1390 3942 1690 4028 Langobardorum
1719 3964 1780 4028 pro
1805 3940 2001 4028 quibusdam
2031 3943 2143 4007 causis

495 4046 621 4112 illicitis
652 4045 694 4111 ab
718 4045 842 4110 eisdem
871 4047 1067 4131 perpetratis
1097 4048 1274 4133 acquisivit
1302 4046 1354 4112 441
1383 4046 1565 4112 iudicatum
1593 4048 1733 4132 accepit,
1764 4069 1807 4111 ex
1837 4047 1924 4111 omni
1956 4044 2144 4111 substantia

496 4149 652 4216 antedicti
669 4148 882 4215 Rubennonis
905 4149 1125 4235 medietatem,
1150 4151 1190 4216 de
1214 4150 1401 4217 substantia
1424 4173 1501 4216 vero
1522 4150 1712 4234 Halerunq⁸
1734 4151 1768 4215 in
1788 4149 1962 4235 integrum,
1988 4149 2144 4236 quicquid

496 4259 527 4321 in
557 4255 693 4320 civitate
715 4256 873 4320 Firmano
902 4253 1010 4319 44114
1041 4255 1145 4341 ipsius
1170 4255 1330 4321 territorio
1358 4255 1556 4337 babuerunt,
1586 4254 1630 4320 ad
1657 4256 1724 4319 iam
1754 4253 1880 4318 dictum
1909 4254 2144 4318 monasterium

498 4370 613 4444 sancte
628 4358 733 4443 Mar-iq
756 4359 789 4422 in
805 4357 999 4423 helimosina
1014 4367 1129 4423 nostra
1151 4357 1230 4423 darc
1245 4358 1299 4424 441
1322 4359 1517 4424 confirmare
1534 4357 1738 4423 deberemus.
1767 4356 1915 4438 Quorum
1931 4355 2144 4442 petitionibus

440 4465 583 4530 4441441
614 4464 789 4548 unicuique
812 4461 958 4528 fidelium
980 4471 1167 4527 nostrorum
1191 4463 1276 4528 iuste
1300 4463 1486 4549 petentibus
1510 4461 1675 4527 noluimus
1704 4462 1878 4546 denegare.
1922 4460 2145 4546 Precipientes

496 4590 575 4654 ergo
605 4567 766 4640 iubemus,
795 4575 831 4630 nt
859 4558 1016 4652 quicquid
1044 4574 1245 4630 memoratus
1268 4565 1516 4652 Hildeprandus
1547 4565 1616 4631 dux
1646 4564 1826 4631 secundum
1855 4565 2015 4630 iustitiam
2046 4587 2145 4650 super

496 4674 625 4759 prefato
649 4671 851 4738 Rabcnnone
881 4680 915 4736 et
943 4672 1013 4735 eius
1043 4671 1182 4756 coniuge
1205 4669 1376 4736 Haleruna
1405 4670 1534 4756 legibus
1565 4671 1751 4757 acquisivit,
1787 4678 1854 4734 tam
1883 4686 1961 4734 serris
1991 4668 2144 4734 domibus

496 4776 633 4862 edificiis
661 4776 787 4862 campis
817 4791 892 4840 silvis
926 4792 1010 4856 pratis
1037 4777 1171 4861 pascuis
1209 4775 1305 4861 aquis
1336 4796 1540 4860 aquarumve
1575 4773 1770 4840 decursibus
1801 4795 1964 4860 quamque
1993 4782 2026 4838 et
2059 4789 2144 4838 vineis

496 4897 638 4947 arboribus
656 4896 800 4946 fructiferis
824 4900 850 4945 et
873 4895 1048 4967 infructiferis
1075 4895 1177 4945 cultum
1200 4901 1226 4944 et
1248 4894 1378 4944 incultum
1401 4893 1500 4944 mobile
1524 4888 1556 4943 el
1585 4893 1720 4944 immobile
1743 4909 1834 4943 servos
1858 4897 1885 4942 et
1906 4892 2026 4956 ancillas,
2056 4893 2146 4943 omnia

440 5004 474 5053 34
497 4994 531 5049 41
553 4986 586 5049 14
615 4983 777 5057 omnibus,
807 4983 850 5048 ad
876 4993 1001 5070 partem
1032 4985 1249 5070 suprascripti
1278 4984 1468 5049 monasterii
1501 4991 1614 5068 444414
1636 4982 1741 5066 Μ4414
1771 4982 1918 5067 prefatus
1948 4979 2146 5046 venerabilis

495 5087 695 5155 Aldebertus
718 5087 823 5153 abbas
847 5089 962 5173 suique
986 5109 1205 5171 successores,
1240 5090 1296 5174 qui
1319 5087 1440 5152 fuerint
1462 5096 1606 5152 rectores
1629 5088 1735 5172 ipsius
1758 5085 1961 5167 monasterii,
1996 5107 2055 5170 per
2083 5085 2145 5149 hoc

496 5203 607 5278 444144
641 5193 826 5258 serenitatis
861 5202 1053 5278 preceptum
1087 5201 1186 5278 atque
1220 5192 1478 5257 confirmationis
1513 5191 1634 5256 donum
1663 5190 1848 5278 perenniter
1881 5199 2016 5254 teneant
2047 5197 2146 5275 atque

497 5298 700 5384 possideant,
724 5299 878 5383 quatinus
895 5299 928 5361 in
951 5296 1170 5361 luminaribus
1194 5296 1403 5382 4441441444]
1427 5296 1591 5383 stipendia
1607 5294 1843 5360 monachorum
1866 5293 1989 5358 ibidem
2012 5291 2074 5356 deo
2092 5293 2147 5357 de·

497 5403 709 5467 servientium
725 5401 893 5486 perpetuis
909 5399 1113 5486 temporibus
1129 5399 1161 5463 in
1174 5399 1370 5465 helimosina
1385 5408 1500 5465 nostra
1515 5401 1695 5486 uxorisque
1711 5421 1751 5464 ac
1764 5399 1942 5464 liberorum
1957 5405 2146 5462 nostrorum

325 5538 328 5540 ’
442 5523 475 5572 to
498 5506 674 5592 proficiant
697 5505 729 5568 in
745 5507 944 5590 augmentis.
973 5504 1018 5568 Et
1032 5514 1069 5568 ut
1091 5503 1151 5587 1444
1168 5504 1353 5568 auctoritas
1377 5504 1502 5567 firmior
1518 5502 1680 5568 habeatur
1696 5503 1747 5568 vel
1764 5501 1926 5568 diuturnis
1943 5500 2146 5586 temporibus

495 5609 614 5674 melius
644 5617 866 5691 conservetur,
900 5630 1001 5673 manu
1030 5608 1164 5696 propria
1199 5604 1331 5671 subterb
1364 5606 1568 5672 firmavimus
1598 5616 1631 5672 et
1653 5607 1694 5671 de
1728 5605 1825 5671 anulo
1850 5616 1962 5670 nostro
1999 5604 2145 5691 sigillare

496 5735 665 5779 russrmue.

601 5852 737 5939 Signum
762 5856 827 5931 (11.)
849 5850 966 5916 Karoli
989 5850 1221 5937 gloriosissimi
1245 5851 1343 5937 regis.

575 6042 634 6098 lto.
654 6043 681 6109 a)
699 6041 752 6096 das
770 6045 947 6094 4441444444
965 6037 1106 6092 4144441144
1123 6036 1215 6091 Hasd
1233 6053 1288 6090 aus
1307 6054 1326 6089 u
1343 6052 1415 6091 corr.
1520 6037 1548 6104 b)
1565 6041 1657 6105 supter
1674 6035 1709 6090 Β.

541 6145 779 6198 Kaissrurlsnnden
793 6145 817 6194 1.
