5642 7159
1100 710 1219 770 abab
1242 707 1330 767 ΗΕΒ
1352 704 1517 765 uuousu
1541 736 1590 762 -.
2103 695 2165 760 461

616 908 727 981 piapen
748 905 827 966 uocis
847 904 897 963 die
923 901 1098 972 Urtunden,
1122 900 1211 960 scibat
1234 899 1290 958 das
1312 897 1437 970 Diplom
1458 892 1554 954 Karta
1577 893 1605 953 ἄ.
1625 892 1676 963 Κ,
1699 891 1764 951 orsd
1785 890 1954 951 Besitstitel
1974 907 2016 948 su
2042 889 2167 950 (ἄνανιᾶε

621 1008 740 1081 (Gallis
765 1008 867 1067 sudet.
889 1007 910 1069 t.
933 1022 968 1076 a,
1003 1003 1111 1062 Marco
1133 1006 1197 1064 801
1221 1000 1246 1074 s.
1268 1007 1303 1060 νο
1316 1006 1369 1072 39,
1393 1004 1445 1072 40,
1474 997 1539 1078 60).
1584 998 1674 1057 Dicae
1705 995 1889 1066 Thatsochsn
1915 995 2089 1056 uerorbcitet
2118 995 2166 1054 dic

619 1112 793 1184 Fdlschunq
815 1109 880 1169 aad
901 1108 979 1169 stellt
1001 1109 1045 1166 sie
1066 1124 1125 1165 sur
1146 1105 1318 1180 Ενβνιᾶανιε
1341 1107 1424 1164 einer
1446 1103 1525 1163 alten
1551 1100 1897 1176 Grdndunqseescbichtc
1920 1117 1973 1158 um
1996 1100 2045 1158 ein
2067 1098 2162 1159 Jahr-

620 1216 748 1276 hsmdsrt
773 1213 898 1274 surricis.
940 1212 992 1273 Da
1020 1211 1114 1271 wedcr
1135 1213 1169 1270 in
1191 1210 1245 1269 ἄεν
1266 1211 1373 1269 Marcu
1395 1209 1487 1282 Hisp.
1510 1208 1584 1267 noch
1611 1207 1644 1264 in
1667 1205 1720 1266 ἄεν
1744 1203 1848 1264 Gallia
1869 1203 1981 1282 christ,
2009 1202 2057 1262 die
2084 1202 2166 1262 bride

619 1321 693 1380 noch
718 1319 773 1378 das
800 1317 949 1376 εενιενενε
971 1314 1137 1377 Οιιενιᾶιαν
1163 1332 1220 1375 oon
1248 1312 1336 1375 Osca
1364 1299 1519 1382 teudisca,
1554 1310 1651 1370 dieser
1677 1307 1850 1381 Fdlscbune
1880 1307 1984 1381 iresnd
2009 1309 2074 1367 eine
2103 1307 2163 1366 Er·

622 1425 771 1495 wttnusc
791 1422 947 1496 peschisht,
981 1422 1021 1479 ist
1043 1437 1073 1479 ss
1096 1417 1347 1488 wahrscheiaiich,
1382 1417 1453 1476 dass
1476 1413 1600 1474 dissolbe
1627 1413 1691 1472 sich
1711 1411 1792 1471 nicht
1822 1412 1864 1468 im
1887 1410 2054 1469 Gloriatur
2075 1409 2163 1482 saud,

620 1529 675 1587 das
697 1525 878 1586 mindestens
901 1524 946 1584 bis
968 1525 1002 1582 in
1024 1523 1080 1582 den
1103 1523 1221 1596 Beeinn
1243 1522 1294 1580 des
1316 1523 1368 1581 13.
1393 1519 1447 1580 Jh.
1470 1519 1578 1578 reictte
1607 1517 1668 1595 (die
1683 1517 1807 1591 junceta
1834 1514 1977 1575 Urlrunds
2004 1532 2061 1575 oss
2085 1515 2160 1575 derri-

618 1631 715 1691 eelben
740 1631 774 1688 in
796 1628 1123 1700 Marcellianum
1152 1632 1187 1684 νο
1206 1627 1270 1686 403
1298 1624 1391 1684 ἄειινι
1422 1641 1477 1683 oon
1507 1624 1602 1693 1173,
1637 1623 1670 1680 iu
1698 1616 1881 1704 dchGctlia
1903 1621 2004 1682 ειινιει.
2029 1616 2076 1691 6⁶.
2100 1623 2163 1681 488

616 1740 652 1794 νι*
668 1736 711 1794 15
734 1749 790 1792 oon
812 1729 922 1808 1203).
965 1730 1025 1788 Die
1045 1730 1218 1803 Fulschunq
1245 1726 1352 1800 aurfte
1372 1728 1437 1787 uiso
1464 1727 1556 1785 ioum
1578 1725 1654 1784 diter
1675 1727 1739 1784 sein
1761 1725 1807 1785 als
1829 1724 1884 1784 dos
1908 1721 2080 1794 oranaim,
2115 1724 2164 1784 die

618 1837 871 1911 chroucioqiscbsn
894 1835 1149 1894 Anachronismsn
1169 1834 1310 1907 spresuen
1332 1830 1388 1904 fiir
1409 1828 1654 1890 mittelalterliclse
1674 1828 1797 1902 Macha-
1829 1846 1891 1887 nor
1912 1829 1967 1889 das
1989 1829 2162 1905 stdndiyee
2242 1815 2248 1826 ’

616 1943 727 2002 tonate
749 1945 838 2001 anter
860 1939 913 1999 ἄεν
933 1939 1184 2012 Vcraosseteone,
1207 1938 1277 1997 dass
1299 1936 1349 1995 dis
1363 1933 1519 2006 Aeschrist
1541 1934 1605 1992 ihre
1625 1932 1748 2008 Vorlapc
1767 1951 1849 2007 qens
1861 1949 1962 2006 qenau
1984 1933 2161 2007 wiederqibt,

615 2049 709 2107 neten
738 2047 851 2118 siniqer
876 2043 1185 2118 prummctitclischer
1218 2040 1477 2116 Repetwidripkcit
1506 2040 1554 2100 die
1582 2039 1769 2112 Estotehsmp
1797 2039 1831 2097 in
1859 2038 1951 2097 0οενο
1982 2039 2058 2110 Ζείι,
2092 2041 2164 2100 ἄιεν

616 2152 689 2210 doch
710 2168 771 2209 nur
793 2151 827 2208 in
849 2148 904 2207 dus
927 2150 1077 2207 11.-10.
1094 2146 1122 2207 J
1121 2148 1149 2207 h.
1164 2145 1398 2218 hincufrrteiren.
1433 2145 1492 2203 Die
1507 2140 1786 2216 dilettantenlsoften
1800 2141 2042 2217 Aasftlrrunqsn
2057 2144 2161 2214 Fonts,

615 2255 669 2315 ἄεν
691 2254 739 2314 ἄιε
764 2253 936 2326 0νᾶνᾶοΜ
958 2251 1009 2311 des
1030 2251 1166 2312 Klosters
1190 2253 1224 2310 iss
1246 2251 1301 2311 stac
1324 2251 1406 2310 Jalsr
1429 2250 1492 2309 745
1514 2253 1597 2320 setst,
1625 2249 1673 2308 dic
1695 2248 1867 2322 Paterisne
1888 2254 1924 2306 νο
1937 2249 2000 2309 306
2023 2246 2079 2320 fstr
2101 2250 2162 2308 ecit

618 2359 739 2439 ertldrt,
764 2358 831 2418 weil
844 2359 888 2417 sis
903 2357 980 2416 caet
994 2358 1027 2415 in
1041 2355 1182 2415 notariell
1197 2355 1398 2429 beplcabiyter
1412 2352 1568 2426 Abschrift
1583 2354 1715 2428 sortisse,
1741 2353 1789 2412 die
1809 2352 1952 2414 Urlande
1966 2353 2059 2412 Karta
2075 2351 2104 2411 ἄ.
2121 2353 2160 2410 K.

617 2465 684 2523 dem
706 2464 788 2523 Jahr
810 2467 871 2523 771
896 2462 961 2521 und
981 2461 1062 2520 Korl
1084 2461 1113 2522 ἄ.
1140 2461 1194 2522 Gr.
1217 2462 1351 2530 euweist,
1380 2460 1432 2519 tet
1454 2460 1559 2520 territa
1582 2457 1678 2518 Brusl
1699 2458 1742 2517 im
1764 2457 1938 2532 Repertoire
1960 2456 2010 2518 des
2032 2461 2162 2519 tracuus

616 2569 684 2629 hist.
707 2572 730 2629 2
753 2566 876 2647 (1882),
899 2569 963 2628 804
985 2567 1116 2626 014271
1140 2565 1392 2639 petranssichnet

617 2756 648 2805 Iu
671 2755 778 2805 nomine
799 2757 892 2819 sancte
915 2757 942 2803 st
964 2751 1102 2818 individue
1125 2753 1261 2801 trinitatis.
1306 2751 1420 2802 Carolus
1440 2751 1529 2818 gratia
1551 2750 1594 2800 dei
1616 2765 1662 2800 rex
1691 2743 1724 2799 et
1747 2735 1925 2820 imperator
1948 2732 2158 2801 Narbonensi

514 2845 764 2930 archiepiscopo
781 2863 884 2908 necne
907 2858 1040 2924 episeopis
1055 2839 1210 2906 Elenensi
1235 2849 1268 2906 et
1282 2839 1501 2925 Urgellitan0‚
1526 2838 1673 2905 simulet
1695 2855 1838 2905 comitibus
1854 2861 1913 2903 seu
1930 2856 2037 2904 vicariis
2060 2848 2160 2925 atque

457 2966 490 3012 ao
513 2947 679 3014 iudicibus
713 2947 838 3013 nostris
866 2945 1008 3010 salutem
1042 2954 1237 3032 perpetuam
1266 2944 1308 3009 ad
1344 2944 1637 3030 obtemperandum
1672 2951 1895 3030 praeceptum.
1999 2959 2098 3008 Notum
2127 2960 2161 3008 sit

512 3052 665 3119 omnibus
699 3050 805 3135 vobis,
840 3050 930 3138 quod
965 3050 1100 3137 quidam
1134 3048 1411 3115 archidiachonus
1445 3056 1666 3134 cognomento
1694 3046 1864 3112 Protasriu
1899 3070 1942 3112 ex
1973 3046 2160 3133 parrochiis

511 3157 631 3222 vestris
654 3154 699 3220 ad
720 3175 782 3220 nos
805 3155 896 3219 venit
918 3176 994 3220 cum
1016 3153 1184 3241 aliquibus
1207 3155 1380 3220 monachis
1397 3153 1595 3220 denuntians
1618 3151 1713 3217 nobis
1730 3172 1866 3216 oausam
1889 3152 1985 3216 nimis
2001 3151 2158 3217 lamenta·

511 3259 623 3342 bilem,
647 3257 821 3323 cuiusdam
838 3257 965 3323 scilicet
988 3257 1245 3324 destructionem
1263 3256 1393 3344 cenobii
1418 3280 1476 3342 per
1490 3256 1766 3344 periclitationem
1790 3265 1889 3342 atque
1911 3254 2159 3321 inundationem

512 3363 636 3446 diluvii,
662 3361 751 3449 quod
773 3369 845 3427 erat
867 3363 966 3427 situm
989 3363 1023 3427 ln
1045 3363 1235 3429 adiacentia
1259 3361 1441 3449 ceredaniq
1463 3362 1516 3428 vel
1537 3380 1564 3427 in
1586 3376 1721 3428 convalle
1737 3376 1902 3427 Confluentis
1925 3378 2001 3427 iuxta
2016 3377 2127 3428 flurium
2143 3393 2159 3424 a

455 3487 489 3535 28
511 3483 578 3534 'Pete
591 3500 607 3531 s
623 3485 650 3532 in
673 3483 774 3533 honore
789 3483 876 3533 sancti
898 3482 1014 3548 apostoli
1028 3482 1143 3550 Andree,
1165 3470 1199 3533 in
1222 3484 1282 3536 loco
1304 3485 1350 3550 qui
1373 3468 1556 3555 antiquitus
1579 3468 1744 3532 vocitatur
1765 3483 1890 3548 Exalata,
1913 3466 2003 3552 quod
2025 3476 2059 3531 ei
2081 3467 2157 3550 pils-

510 3574 614 3638 simus
642 3581 738 3658 pater
766 3594 860 3636 meus
888 3572 1025 3656 Pipiuus
1053 3571 1271 3638 roboraverat
1298 3595 1356 3658 per
1386 3594 1481 3637 suum
1512 3581 1704 3658 preceptum
1732 3569 1853 3656 regale.
1900 3570 2006 3656 Igitur
2032 3579 2069 3635 ut
2097 3567 2158 3656 hec

510 3687 643 3743 nostrae
667 3677 852 3743 serenitatis
876 3677 1014 3742 auribus
1037 3678 1274 3742 intimaverunt
1296 3677 1397 3760 dicta,
1427 3677 1660 3763 inquisivimus
1682 3675 1769 3740 inter
1791 3685 1913 3759 cetera,
1941 3677 1970 3740 si
1993 3675 2157 3761 prefatum

510 3791 701 3869 preceptum
723 3780 885 3848 haherent
907 3782 960 3847 vel
984 3781 1096 3866 charte
1120 3780 1310 3867 prediorum
1332 3782 1523 3846 monasterii
1546 3802 1567 3845 a
1588 3781 1669 3846 viris
1692 3778 1845 3845 fidelibus
1870 3777 2004 3862 alicubi,
2038 3801 2079 3845 ne
2102 3801 2158 3865 pe·

509 3889 621 3970 rirent,
643 3895 881 3952 remanserant.
911 3886 1139 3970 Comperimus
1162 3893 1274 3951 autem
1297 3907 1318 3950 a
1340 3885 1471 3971 prefato
1495 3884 1729 3950 archidiacono
1745 3883 1929 3957 veritatem,
1954 3884 2031 3969 quia
2046 3883 2157 3970 plures

454 4009 488 4056 eo
510 4013 584 4056 cum
601 3998 758 4076 precepto
775 3992 809 4055 in
825 3990 883 4055 illa
897 3991 994 4055 ruina
1009 3991 1177 4077 perierant
1193 3989 1305 4075 charte
1321 3989 1548 4077 plurimasque
1571 4010 1610 4054 eo
1627 3989 1751 4054 fatente
1775 3986 1961 4053 audivimus
1976 4010 2157 4053 remanere.

511 4094 557 4160 Ut
579 4116 657 4158 vero
682 4093 844 4179 imperiali
868 4093 963 4160 decet
986 4094 1226 4160 excellentiae·
1249 4104 1385 4160 cunctos
1408 4093 1566 4161 videlicet
1588 4115 1702 4178 regere
1729 4093 1925 4178 cunctisque
1948 4093 2093 4179 compati
2117 4114 2158 4158 ac

508 4199 653 4262 maxime
676 4196 809 4263 famulis
825 4196 959 4281 Christi,
983 4198 1114 4264 illorum
1138 4198 1368 4265 condoluimus
1391 4198 1594 4283 mestitudini
1619 4197 1777 4263 deflentes
1800 4195 1953 4284 prelibati
1975 4196 2039 4263 loci
2063 4197 2156 4263 deso·

509 4301 676 4366 lationem.
722 4299 871 4367 Scientes
895 4312 1017 4385 autom,
1052 4302 1140 4389 quod
1164 4305 1235 4368 sine
1257 4302 1420 4390 imperiali
1443 4303 1530 4369 dono
1554 4324 1593 4368 ao
1616 4304 1778 4387 permissu
1807 4323 2018 4388 nequaquam
2045 4311 2158 4388 posset

508 4406 692 4492 reedificari
715 4410 950 4472 monasterium
974 4407 1192 4495 prescriptum
1214 4409 1248 4472 in
1270 4407 1410 4494 pristino
1434 4406 1550 4493 gradu,
1581 4409 1858 4493 interrogavimus
1880 4408 2067 4473 Protasium
2091 4429 2156 4473 una

453 4529 486 4576 ss
509 4532 584 4576 cum
607 4510 781 4576 monachis
805 4533 845 4576 ac
867 4512 999 4578 famulis
1023 4513 1101 4588 suis,
1126 4514 1154 4578 si
1177 4534 1359 4598 congruum
1381 4522 1518 4578 nossent
1540 4512 1649 4579 locum
1672 4513 1717 4578 ad
1740 4511 1997 4578 construendam
2021 4511 2155 4578 domiuo

508 4615 643 4681 domum
658 4624 758 4702 atque
774 4616 957 4700 proficuam
972 4615 1210 4682 habitationem
1225 4618 1359 4682 monitis
1377 4616 1500 4683 Christi
1518 4616 1780 4702 obsequentium.
1800 4617 2000 4683 Intimaruut
2016 4616 2156 4704 denique

508 4740 573 4784 uno
604 4719 702 4785 simul
725 4741 780 4784 ore
809 4742 845 4784 se
867 4731 983 4806 aptum
1013 4722 1096 4787 scire
1119 4720 1303 4807 prediolum
1333 4723 1367 4785 in
1390 4720 1477 4786 valle
1500 4719 1686 4788 Confluenti
1715 4720 1805 4809 quod
1828 4721 1947 4788 dicitur
1970 4721 2155 4805 Coxauum,

507 4821 565 4888 ubi
590 4822 652 4888 deo
676 4823 819 4905 favente,
844 4824 872 4888 si
894 4834 1009 4889 nostra
1032 4828 1236 4909 permitteret
1257 4827 1443 4910 clementia,
1466 4826 1616 4893 valerent
1631 4836 1821 4893 construere
1845 4826 2003 4914 templum
2022 4827 2155 4892 domino

508 4926 644 5011 dignum
673 4948 732 4991 seu
759 4926 910 5012 preclara
938 4927 1131 4993 habitacula
1158 4929 1405 4996 monachorum.
1451 4930 1520 4994 Nos
1549 4941 1660 4997 autem
1689 4931 1750 4997 deo
1779 4932 1905 5018 gratias
1934 4940 2071 5017 agentes
2095 4953 2155 5017 pro

451 5047 484 5095 so
506 5030 622 5094 audito
646 5051 687 5094 ac
710 5031 842 5095 invento
867 5030 996 5096 adhoc
1021 5054 1103 5118 opus
1133 5034 1431 5117 congruentissimo
1456 5033 1529 5099 loco
1557 5037 1767 5120 precepimus
1791 5035 1898 5101 eidem
1921 5036 2085 5117 Protasio,
2120 5045 2156 5100 ut

505 5133 630 5199 ibidem
651 5156 774 5199 novum
798 5135 977 5201 fabricaret
999 5139 1033 5202 in
1056 5137 1180 5202 bonore
1203 5135 1281 5201 almi
1306 5135 1464 5202 Germani
1487 5139 1768 5206 Autisiodorensis
1798 5141 1946 5227 episcopi
1969 5140 2154 5225 cenobium.

504 5239 636 5324 Ingenti
668 5248 779 5304 autem
801 5239 857 5305 ille
887 5239 1033 5326 repletus
1056 5240 1179 5326 gaudio
1208 5263 1267 5328 pro
1291 5251 1431 5328 accepta
1454 5265 1474 5308 a
1496 5242 1593 5308 nobis
1623 5243 1758 5309 licentia
1780 5244 1948 5310 ultroneus
1976 5244 2156 5331 spopondit

504 5352 583 5407 aute
606 5345 806 5429 presentiam
829 5353 977 5410 nostram
1002 5367 1036 5409 se
1053 5344 1185 5410 Christo
1209 5345 1425 5411 militaturum
1448 5347 1508 5412 suh
1532 5367 1649 5413 norma
1668 5370 1708 5413 ac
1731 5347 1846 5433 regula
1870 5348 2105 5415 monachorum
2122 5357 2156 5413 et

506 5468 567 5510 sua
583 5446 700 5532 predia
723 5446 775 5512 vel
792 5447 917 5522 alodes,
942 5449 1055 5535 quein
1077 5450 1222 5516 confinio
1238 5449 1371 5516 Cuxani
1394 5450 1446 5516 vel
1464 5450 1568 5518 ubist
1589 5450 1647 5517 ubi
1666 5451 1822 5536 habebat,
1846 5454 1998 5540 promisit
2021 5454 2154 5519 domino

448 5565 482 5614 45
504 5549 735 5614 universorum
768 5573 809 5616 ac
837 5551 936 5617 beato
966 5551 1133 5618 Germano
1164 5577 1224 5640 per
1258 5556 1455 5641 scripturam
1485 5555 1673 5621 donationis
1703 5578 1739 5621 se
1768 5556 1929 5622 daturum.
1974 5557 2153 5624 Enimvero

504 5653 641 5741 cupiens
670 5657 791 5721 reverti
814 5657 859 5723 ad
888 5657 1023 5744 propria
1044 5667 1193 5723 retentus
1220 5667 1271 5724 est
1293 5678 1314 5721 a
1336 5667 1451 5724 nostra
1472 5659 1634 5745 imperiali
1658 5657 1814 5745 lpotentia
1837 5670 1870 5725 et
1896 5662 2065 5748 profectus
2087 5685 2154 5728 una

502 5758 675 5825 nobiscum
692 5760 795 5846 Rome
818 5760 862 5826 ad
884 5760 1000 5827 limina
1021 5761 1194 5828 beatorum
1218 5763 1444 5848 apostolorum
1468 5765 1557 5830 Petri
1578 5775 1612 5831 et
1626 5764 1721 5832 Pauli
1744 5775 1956 5832 consecratus
1972 5777 2023 5832 est
2038 5777 2152 5834 nostro

503 5863 607 5948 regali
632 5865 725 5954 iussu
747 5887 768 5930 a
789 5866 1056 5932 reverentissimo
1079 5888 1169 5955 papa
1191 5865 1340 5934 Adriano
1371 5868 1535 5955 prcrbitsr
1556 5889 1596 5936 ac
1619 5867 1717 5934 abba.
1762 5869 1889 5957 Nempe
1912 5877 2044 5956 etpost
2067 5873 2150 5938 ordi-

579 6015 639 6072 Μ.
659 6019 685 6086 a)
703 6018 866 6072 excellentia
883 6020 910 6072 B
