5642 7159
1285 737 1721 798 Kslsusuaxunuus.

787 923 977 996 lineatione
1006 923 1060 982 der
1087 923 1229 984 Urlunde
1254 925 1324 983 sind
1351 925 1447 984 daret
1475 926 1524 984 die
1551 926 1727 1000 Verleibunp
1756 927 1809 985 der
1832 926 1918 985 Abtei
1941 924 1986 988 St.
2011 925 2130 986 Martia
2157 944 2198 985 on
2221 927 2336 988 Almia

787 1027 941 1104 (7961291.
964 1027 1088 1086 Alesiai
1110 1046 1155 1102 ep.
1178 1032 1240 1089 101
1265 1029 1312 1091 Μ.
1338 1027 1376 1090 0.
1400 1029 1499 1103 Epist.
1524 1033 1553 1100 1,
1577 1027 1653 1108 148)
1688 1030 1753 1092 uad
1775 1029 1867 1090 Korls
1890 1030 2069 1102 Konipstitel
2088 1031 2221 1104 praeben.
2267 1031 2335 1090 Dos

789 1131 871 1192 Jobr
881 1133 945 1190 800
966 1130 1074 1190 imnis
1095 1150 1157 1192 nur
1172 1133 1305 1191 iasoweit
1328 1133 1424 1206 einim
1447 1133 1757 1193 Wobrscbeinlieblreit
1781 1132 1836 1206 fur
1858 1135 1920 1193 siclt
1935 1135 2167 1207 beonsprucben,
2192 1135 2237 1194 als
2257 1135 2337 1193 Ksrl

789 1238 831 1294 im
846 1234 980 1295 &mmm
994 1235 1143 1295 desselben
1157 1237 1251 1310 einipe
1269 1237 1335 1296 Zeit
1349 1239 1383 1296 in
1398 1237 1497 1298 Tours
1513 1238 1615 1309 wetlte,
1633 1237 1712 1297 Aren.
1728 1256 1753 1297 r.
1771 1237 1881 1300 Frons.
1900 1236 2067 1317 (bour-ise.)
2084 1239 2130 1300 ed.
2143 1239 2245 1298 Kurue
2261 1243 2335 1300 110.

788 1340 848 1398 Die
868 1339 1091 1399 wechledeaen
1113 1338 1306 1412 Absebriften
1328 1339 1437 1413 besem
1459 1341 1533 1400 aocb
1555 1343 1619 1400 eino
1643 1343 1760 1401 Anaabl
1794 1341 1975 1416 belmrploser
2001 1342 2164 1401 Varioaten
2186 1342 2251 1401 aad
2272 1359 2335 1401 ver·
2359 1357 2376 1404 o

787 1442 990 1504 sobleeltterter
1010 1443 1183 1516 meamea,
1206 1444 1478 1516 Abscbreibefebler
1499 1445 1564 1508 end
1583 1446 1893 1518 grammatiboliscber
1913 1447 2128 1520 Bessorunpea,
2152 1447 2200 1506 die
2222 1445 2336 1519 oufen-

788 1548 913 1606 nebmcn
934 1547 996 1607 siclt
1017 1548 1099 1607 nieht
1120 1548 1226 1610 lobreto.

789 1715 951 1782 Carolus·
972 1720 1082 1804 gratia
1105 1719 1158 1784 dei
1180 1742 1241 1785 rex
1256 1721 1461 1787 Francorum
1485 1729 1518 1786 et
1532 1716 1853 1806 Langobardorumb
1877 1741 1917 1785 ac
1940 1721 2099 1806 patricius
2115 1720 2337 1786 Romanorum

686 1840 810 1890 omnibus
833 1823 998 1909 episcopis
1014 1839 1158 1890 abbatibus
1180 1842 1298 1907 virisque
1319 1841 1471 1893 illustribus
1486 1841 1599 1892 ducibus
1622 1841 1765 1891 comitibus
1789 1840 1940 1891 domesticis
1962 1839 2126 1908 grafionibus
2148 1842 2255 1892 vicariis
2278 1857 2338 1892 ceu-

686 1945 796 1994 teuariis
818 1945 1022 2011 iunioribusque
1044 1946 1140 1996 vestris
1163 1950 1244 2011 atque
1267 1947 1354 1996 missio
1376 1948 1474 1997 aestus
1497 1945 1709 1996 discurrentibus
1738 1945 1907 2009 presentibus
1928 1945 2055 1997 videlicet
2077 1950 2103 1997 et
2125 1946 2232 1997 futuris,
2362 1947 2397 1994 to

685 2049 771 2099 Decet
793 2050 890 2100 etenim
905 2049 1003 2116 regalis
1025 2050 1181 2101 clementiae
1197 2050 1363 2117 dignitatem,
1386 2056 1417 2100 ut
1432 2054 1536 2116 cuncte,
1560 2063 1628 2116 quae
1644 2065 1661 2099 a
1683 2048 1867 2100 sacerdotibus
1883 2049 2056 2100 rationabilia
2077 2050 2212 2114 postulata
2228 2050 2339 2114 fuerint,

686 2153 789 2205 sollerti
811 2168 877 2204 cura
904 2153 1056 2220 prospicere
1078 2159 1106 2206 ot
1133 2160 1285 2220 opportuna
1306 2155 1350 2205 vel
1378 2169 1497 2222 congrua
1518 2172 1535 2204 o
1557 2153 1688 2206 beneficia
1718 2170 1772 2205 nou
1794 2154 1926 2221 denegare
1956 2159 2037 2220 atque
2060 2157 2222 2205 anteriorum
2246 2171 2339 2222 regum

687 2263 748 2309 acta
769 2256 883 2323 plonius,
905 2273 975 2324 quae
989 2274 1037 2323 pro
1053 2259 1097 2309 dei
1119 2264 1182 2309 sunt
1195 2260 1304 2323 iutuitu,
1327 2258 1490 2310 confirmare.
1524 2260 1610 2327 Igitur
1626 2259 1786 2310 venerabilis
1809 2259 1850 2310 vir
1866 2242 2054 2318 Aleuinufl⁰,
2079 2259 2162 2310 abbas
2178 2259 2210 2310 de
2226 2259 2340 2311 basilica

687 2362 830 2431 peculiaris
860 2364 965 2427 patroni
992 2363 1077 2413 nostri
1104 2364 1190 2413 sancti
1222 2363 1347 2429 Martini,
1380 2365 1428 2415 ubi
1455 2365 1513 2431 ipse
1541 2365 1674 2430 protiosus
1703 2365 1815 2415 domnus
1850 2379 1960 2429 corpore
1986 2365 2143 2430 requiescit,
2179 2365 2339 2416 emunitates

686 2466 862 2534 gloriosorum
877 2481 978 2532 regum,
1000 2471 1198 2517 autecessorum
1212 2473 1371 2532 uestrorum,
1394 2470 1519 2520 manibus
1542 2485 1633 2520 eorum
1656 2469 1795 2520 roboratas
1818 2474 1898 2535 atque
1921 2468 2011 2519 domni
2034 2459 2078 2530 [et]
2101 2469 2230 2535 genitoris
2252 2471 2337 2520 nostri
2364 2471 2397 2518 lb

687 2571 795 2636 Pippiui
817 2573 887 2638 bouq
909 2574 1034 2638 memorie
1057 2571 1190 2638 quondam
1212 2575 1283 2639 regis
1305 2573 1383 2623 uobis
1398 2572 1511 2638 protulit
1533 2573 1569 2623 ad
1584 2573 1748 2640 relegendas,
1771 2573 1818 2624 ubi
1839 2573 2026 2623 continebatur
2041 2555 2201 2638 insertumd,
2224 2573 2340 2638 qualiter

687 2675 817 2740 praedicti
839 2691 915 2742 reges
936 2691 985 2741 pro
1014 2678 1163 2728 reverentia
1184 2678 1270 2742 ipsius
1298 2678 1445 2729 beatissimi
1475 2678 1560 2728 sancti
1581 2677 1691 2727 Martini
1725 2677 1758 2728 de
1787 2677 1867 2728 rebus
1898 2679 1982 2743 ipsius
2011 2678 2098 2727 sancti
2120 2677 2148 2725 in
2176 2693 2258 2743 reguo
2288 2675 2338 2727 deo

686 2781 802 2846 propitio
825 2772 938 2830 ιιοι1ιοο
960 2762 1093 2843 susurri,
1121 2781 1248 2832 Nenstria
1269 2785 1296 2832 et
1317 2781 1484 2848 Burgundia,
1513 2781 1659 2846 Aquitania
1682 2785 1709 2832 et
1730 2781 1877 2844 Provintia,
1900 2781 1933 2831 de
1956 2781 2080 2831 omuibus
2103 2781 2183 2831 rebus
2207 2785 2234 2830 et
2255 2780 2339 2830 iacul-

687 2877 809 2935 tatibus⁸
822 2885 908 2949 ipsius
923 2885 1070 2935 beatissimi
1085 2886 1170 2935 sancti
1186 2885 1296 2935 Martini
1311 2867 1429 2950 positish
1443 2887 1472 2936 iu
1489 2900 1572 2952 regna
1587 2886 1710 2949 superine
1725 2886 1824 2950 scripta
1839 2886 1867 2934 iu
1882 2885 2096 2951 quibuscumque
2110 2884 2176 2934 locis
2193 2885 2339 2935 maioribus

686 2988 730 3038 vel
752 2989 908 3051 minoribns,
941 2993 995 3038 tam
1017 2988 1090 3055 qnod
1117 3004 1165 3055 per
1186 2990 1371 3055 preceptiones
1399 2988 1443 3040 vel
1466 2989 1647 3055 indulgentias
1674 3005 1722 3040 seu
1750 2990 1930 3039 immunitates
1953 3004 2045 3055 regum
2075 2987 2119 3038 vel
2142 3003 2159 3037 a
2186 2988 2340 3039 christianis
2363 2991 2400 3038 20

685 3093 839 3143 bominibus
870 3098 949 3158 atque
972 3092 1084 3143 divorsis
1112 3093 1296 3144 contractibus
1318 3108 1366 3158 per
1395 3107 1580 3159 quaecumque
1607 3093 1785 3143 iustrumenta
1812 3098 1945 3143 cartarum
1974 3091 2008 3142 ad
2034 3092 2182 3158 praefatam
2212 3106 2301 3142 casam
2324 3108 2341 3140 ι

687 3199 773 3248 sancti
794 3198 904 3248 Martini
931 3199 983 3249 luit
1011 3197 1147 3249 conlatum
1175 3197 1220 3248 rel
1248 3197 1398 3264 delegatum
1429 3201 1476 3247 ant
1505 3181 1614 3247 adhuc
1636 3184 1771 3247 inantea
1799 3196 1897 3246 futuris
1924 3197 2089 3263 temporibus
2117 3194 2269 3246 addendum
2296 3195 2341 3245 vel

687 3302 872 3368 delegandum,
895 3301 1127 3364 confirmaverunt,
1150 3307 1181 3352 ut
1203 3303 1253 3353 sub
1277 3304 1423 3353 emunitate
1446 3306 1538 3352 nostra
1559 3303 1633 3367 ipsae
1656 3318 1698 3353 roe
1721 3301 1764 3352 vel
1787 3303 1838 3366 ipsi
1861 3302 1981 3352 homiues
2004 3301 2090 3352 sancti
2113 3301 2223 3351 Martini
2246 3301 2338 3350 rivere

688 3406 811 3457 debeant.
848 3405 952 3457 Idcirco
974 3407 1172 3470 suprascriptus
1196 3388 1372 3455 11101ιί1118ί
1394 3407 1465 3457 abba
1488 3407 1657 3458 serenitatem
1680 3408 1755 3473 regni
1778 3407 1862 3457 nostri
1884 3407 1969 3471 petiit,
1993 3411 2023 3456 ut
2046 3407 2073 3455 in
2096 3405 2123 3455 id
2146 3407 2234 3470 ipsum
2258 3407 2337 3456 robo-

687 3511 800 3561 randum
822 3511 950 3561 bonitatis
973 3509 1132 3562 beneficium
1154 3509 1245 3576 largiri
1268 3509 1433 3563 deberemus.
1478 3511 1562 3561 Cuius
1585 3526 1634 3562 uos
1656 3512 1780 3576 petitioni
1810 3513 2005 3562 consentientes
2028 3516 2055 3561 et
2081 3511 2231 3576 patrocinia
2252 3511 2339 3560 sancti
2363 3512 2400 3560 25

686 3617 797 3666 Martini
819 3619 986 3678 venerantes,
1016 3615 1087 3664 sicut
1108 3614 1309 3679 prodecessores
1331 3631 1408 3681 reges
1431 3615 1604 3681 singulariter
1626 3616 1809 3680 expleverunt,
1841 3619 1868 3666 et
1889 3631 1938 3666 nos
1960 3614 2012 3665 hoc
2034 3613 2218 3680 indulgentiae
2240 3613 2340 3663 douum

686 3724 823 3788 gratanter
844 3720 992 3785 prestitisse
1022 3719 1183 3784 cognoscite.
1229 3719 1410 3784 Precipieutes
1440 3721 1547 3785 quippe,
1582 3725 1613 3770 ut
1640 3736 1731 3771 omues
1754 3736 1795 3770 res
1826 3721 1912 3785 ipsius
1938 3719 2086 3770 beatissimi
2113 3718 2199 3768 sancti
2222 3718 2343 3780 Martini,

687 3830 933 3891 quantumcumque
954 3824 982 3872 iu
1004 3839 1086 3889 reguo
1102 3822 1151 3875 deo
1174 3824 1291 3889 propitio
1306 3829 1398 3875 uestro
1422 3829 1476 3874 tem
1498 3825 1527 3873 iu
1549 3825 1628 3874 villas
1652 3830 1678 3875 et
1699 3823 1792 3889 predia
1814 3825 1915 3875 maiora
1929 3824 1972 3874 vel
1995 3823 2101 3874 modica
2123 3838 2170 3873 seu
2192 3808 2226 3872 in
2249 3837 2342 3873 omues

687 3930 830 3982 facultates
851 3929 999 3980 beatissimi
1014 3928 1100 3978 sancti
1115 3928 1224 3978 Martini
1240 3929 1290 3980 sub
1314 3928 1468 3979 emunitatis
1483 3927 1592 3978 titulum
1616 3929 1760 3980 consistere
1784 3928 1906 3992 debeant,
1929 3934 1960 3978 ut
1975 3911 2095 3998 aliquis
2119 3926 2200 3977 iudex
2215 3927 2341 3992 publicus

688 4034 745 4085 bsai
768 4036 852 4086 nostri
873 4035 902 4083 iu
923 4035 977 4083 iam
999 4032 1084 4084 dictas
1106 4033 1185 4084 villas
1201 4034 1244 4085 vel
1267 4032 1409 4085 facultates
1424 4035 1510 4098 ipsius
1533 4034 1619 4084 sancti
1637 4033 1672 4084 ad
1694 4032 1827 4100 mondum
1843 4032 1886 4084 vel
1910 4047 2005 4083 causas
2023 4031 2186 4082 audiendum
2202 4046 2250 4083 seu
2265 4031 2341 4083 freda
2364 4035 2400 4083 30

687 4139 731 4189 vel
753 4138 905 4190 iuioroudas
928 4138 1104 4189 exactandum
1127 4138 1171 4190 vel
1186 4139 1321 4191 teloneum
1343 4137 1491 4190 tollendum
1510 4153 1558 4188 seu
1574 4139 1726 4189 mansiones
1748 4136 1900 4188 laciendum
1916 4141 1977 4185 neo
1999 4135 2168 4188 fideiussores
2184 4135 2340 4199 tollendum,

688 4259 705 4292 a
727 4243 831 4294 nullum
852 4243 1002 4309 ingressum
1024 4248 1085 4292 nec
1107 4244 1245 4294 introitum
1269 4244 1295 4292 iu
1318 4228 1410 4313 ipsas
1433 4241 1512 4292 villas
1535 4243 1620 4292 sancti
1636 4242 1745 4292 Martini
1768 4242 1866 4292 habere
1888 4246 1954 4290 nou
1976 4244 2121 4305 presumat,
2144 4240 2191 4292 sed
2213 4239 2342 4306 quicquid

689 4347 785 4398 exinde
802 4348 836 4398 ab
852 4348 970 4412 antiquis
986 4347 1151 4413 temporibus
1165 4345 1246 4398 flacus
1261 4351 1352 4398 nostor
1369 4351 1423 4396 tam
1440 4349 1582 4411 praeterito
1605 4362 1685 4413 quam
1701 4352 1728 4398 et
1750 4346 1866 4411 presenti
1882 4350 2000 4410 tempere
2022 4346 2144 4411 accipere
2160 4346 2202 4396 vel
2218 4349 2342 4396 exactare

689 4456 872 4515 consueverat,
896 4452 985 4501 omnia
1007 4456 1034 4501 et
1055 4467 1088 4502 ex
1111 4450 1234 4502 omuibus
1256 4466 1289 4501 ex
1311 4450 1375 4501 fisco
1398 4455 1489 4500 nostro
1511 4432 1660 4514 cedimusk,
1683 4456 1713 4501 ut
1735 4453 1763 4501 in
1785 4451 1962 4502 luminaribus
1984 4452 2069 4517 ipsius
2091 4467 2108 4500 o
2130 4452 2216 4502 sancti
2231 4450 2342 4500 Martini

687 4556 730 4608 vel
754 4555 881 4606 alimonia
902 4570 1049 4621 pauperum
1072 4571 1120 4606 seu
1142 4555 1276 4620 stipendia
1297 4555 1488 4607 monachorum
1511 4555 1632 4620 proficiat
1655 4557 1682 4605 iu
1705 4561 1886 4623 augmentum.
1908 4555 1945 4606 Et
1958 4554 2060 4604 nullam
2082 4559 2241 4621 potestatem
2257 4552 2339 4604 iudex
2364 4554 2400 4605 35

688 4661 813 4727 publicus
835 4659 893 4710 iisci
920 4662 1005 4710 nostri
1027 4675 1107 4724 super
1136 4643 1303 4730 predictas
1332 4658 1411 4710 villas
1435 4661 1478 4711 vel
1506 4661 1648 4713 facultates
1671 4663 1756 4711 sancti
1779 4661 1888 4711 Martini
1919 4675 1966 4725 per
1988 4658 2182 4726 qualecumque
2205 4661 2341 4726 ingenium

688 4763 787 4814 ibidem
809 4762 907 4814 habore
930 4754 977 4824 [so]
1001 4767 1158 4829 cognoscat,
1188 4762 1235 4814 sed
1257 4763 1291 4813 ab
1316 4765 1387 4815 omni
1410 4764 1495 4814 fiscali
1517 4769 1649 4830 potestate
1672 4747 1719 4815 do¹
1741 4764 1867 4830 predictis
1890 4764 1970 4814 rebus
1999 4764 2084 4812 sancti
2106 4763 2216 4813 Martini
2239 4779 2343 4829 sempor

689 4874 831 4919 extraneus
853 4873 933 4934 atque
954 4872 1071 4918 remotus
1093 4869 1129 4916 sit
1152 4873 1179 4918 ot
1200 4883 1250 4919 uec
1272 4867 1377 4936 aliquas
1392 4884 1518 4935 umquem
1541 4870 1695 4920 occasiones
1717 4870 1859 4936 inquirere,
1882 4867 1953 4918 unde
1973 4866 2141 4932 dispendium
2165 4868 2199 4917 ad
2222 4867 2343 4919 homiues

688 4973 774 5023 sancti
796 4972 905 5022 Martini
933 4972 1022 5023 iacere
1044 4971 1153 5035 debeat,
1182 4972 1217 5022 ait
1239 4987 1321 5024 ausus
1348 4988 1509 5037 presumere,
1532 4972 1578 5024 sed
1608 4965 1771 5038 inspectasm
1798 4972 1956 5022 emunitates
1985 4971 2147 5020 anteriorum
2176 4986 2267 5037 rogum
2289 4954 2343 5020 vel

689 5082 780 5126 nostra
808 5079 836 5126 iu
863 5078 986 5128 omnibus
1012 5081 1212 5128 conserventur.
1256 5077 1293 5126 Et
1320 5079 1343 5128 si
1372 5079 1432 5144 quis
1462 5077 1543 5128 fuerit
1572 5093 1659 5128 comes
1688 5076 1731 5127 rel
1761 5077 1922 5128 domesticus
1951 5091 1999 5128 seu
2027 5074 2120 5142 gratio,
2155 5077 2272 5126 vicarius
2301 5075 2344 5126 vel
2370 5078 2405 5125 111

690 5183 812 5234 tribunus
834 5199 882 5235 seu
905 5183 1092 5249 qualicumque
1113 5182 1256 5234 iudiciaria
1277 5189 1409 5249 potestate
1432 5185 1593 5248 succinctus,
1616 5183 1661 5250 qui
1678 5182 1871 5248 indulgentiam
1895 5186 1921 5230 et
1943 5181 2089 5232 bonitatem
2110 5181 2215 5245 piorum
2237 5184 2343 5245 patrum

691 5282 862 5340 nostrorum¹¹
884 5304 976 5355 regum
999 5287 1043 5338 vel
1057 5291 1176 5337 nostram
1197 5289 1395 5353 preceptionem
1419 5289 1564 5352 irrumpere
1580 5280 1638 5336 11111
1661 5286 1761 5336 violare
1776 5286 1975 5350 presumpserit,
1998 5288 2183 5334 sexcentorum
2199 5283 2345 5334 solidorum

692 5400 797 5464 usque
819 5377 863 5443 ad
885 5379 983 5443 finem
1006 5394 1065 5444 auri
1085 5408 1101 5439 ιι
1124 5393 1194 5442 cocti
1216 5385 1250 5441 ei
1271 5377 1437 5462 purissimi
1460 5407 1599 5442 numerum
1615 5406 1643 5442 se
1667 5394 1811 5458 eognomat
1826 5388 1993 5439 multandum
2015 5382 2132 5438 contra
2155 5389 2240 5453 ipsam
2256 5401 2344 5438 casam

767 5563 825 5619 195.
845 5566 872 5631 a)
889 5565 1005 5617 Karolus
1025 5562 1059 5618 0¹
1079 5562 1123 5626 0³,
1149 5564 1247 5617 eberiso
1265 5564 1297 5617 ia
1320 5564 1371 5617 der
1390 5562 1577 5633 Sigerumaes'le
1594 5565 1688 5616 Karoli
1793 5564 1821 5628 b)
1839 5563 2078 5629 Langobardorum
2098 5559 2132 5615 0¹
2152 5560 2187 5615 0⁸
2207 5560 2240 5614 01

843 5636 869 5703 c)
886 5635 1037 5686 Alehniuus
1051 5632 1085 5688 01
1099 5632 1134 5687 01
1147 5632 1180 5687 01
1250 5635 1277 5697 d)
1294 5636 1341 5685 ubi
1354 5636 1545 5686 continebatur
1556 5637 1687 5687 insertum
1706 5631 1776 5698 sebit
1789 5633 1862 5686 auct
1878 5633 1939 5685 bier
1950 5631 2012 5685 aad
2024 5631 2063 5684 ist
2077 5630 2156 5684 donn
2168 5630 2200 5683 iu
2214 5629 2248 5685 01
2263 5628 2297 5684 01
2310 5629 2345 5684 01
2369 5634 2405 5682 45

844 5720 883 5756 aa
902 5703 1044 5758 derselbrn
1061 5702 1242 5773 maricbtipea
1261 5702 1344 5757 Stella
1362 5703 1560 5772 desperaboltet
1579 5703 1632 5756 wie
1649 5703 1681 5756 ιἰι
1699 5713 1732 5755 av
1748 5705 1798 5755 141
1887 5703 1912 5768 e)
1935 5701 1967 5754 in
1986 5700 2060 5754 allen
2082 5699 2345 5769 Ueberlieferunpen

842 5790 926 5841 regno
940 5781 1039 5835 nostro,
1058 5773 1154 5826 ebeneo
1167 5777 1265 5840 opiter
1282 5788 1340 5827 rtur
1359 5772 1409 5825 der
1423 5771 1569 5842 Singular,
1588 5772 1620 5824 ia
1639 5783 1671 5825 no
1685 5774 1735 5824 141
1755 5787 1839 5838 regna
1858 5778 1951 5823 nostre
2020 5771 2042 5838 i)
2062 5769 2108 5822 die
2124 5768 2244 5891 ricbtige
2256 5767 2344 5821 Foras

842 5859 900 5896 nur
918 5842 950 5895 in
969 5842 1010 5907 01,
1028 5842 1060 5896 in
1079 5843 1134 5895 ders
1151 5842 1269 5912 bbripea
1287 5842 1472 5909 Abscbriften
1489 5842 1581 5894 Ostria
1658 5842 1686 5908 g)
1704 5842 1833 5893 facultate
1852 5839 1965 5894 0¹-D2
2052 5840 2081 5905 b)
2117 5841 2184 5890 uicti
2219 5838 2237 5873 '¹
2257 5835 2345 5891 0101

842 5926 870 5965 ee
887 5912 957 5978 seblt
975 5912 1007 5966 in
1025 5912 1078 5966 ders
1096 5911 1223 5966 cadmea
1242 5910 1425 5975 Abscbrifteu
1529 5913 1549 5975 i)
1567 5911 1737 5962 Hslcbuinns
1757 5909 1790 5964 01
1810 5909 1845 5964 01
1864 5909 1907 5977 01,
1930 5909 2081 5961 Alebuinus
2238 5907 2268 5973 k)
2285 5908 2344 5958 red·

842 5981 930 6105 ιίἐιιιιιι
949 5981 1062 6036 01-111
1149 5983 1170 6048 1)
1187 5987 1269 6049 atque
1286 5982 1320 6033 de
1339 5979 1373 6033 0⁶
1392 5979 1436 6033 111
1524 5982 1560 6048 ιιι)
1579 5984 1717 6048 inspectae
1736 5978 1851 6034 0¹-D2
1938 5979 1967 6045 u)
1985 5980 2102 6046 priorum
2120 5983 2149 6029 et
2166 5979 2344 6045 posteriorum
2370 5975 2406 6028 bo

876 6050 965 6104 ¹-D2
