5642 7159
727 768 769 832 54
1340 771 1770 832 ΚΑΙὸΕΒΠΒΚΠΝΒΕΝ.

726 970 763 1026 ut
784 962 876 1045 ipse⁸
897 958 1070 1041 referebat,
1094 959 1162 1024 eius
1185 960 1236 1024 ius
1261 960 1341 1024 satis
1357 969 1470 1024 notum
1494 967 1565 1024 erat
1587 957 1754 1044 regale-
1777 968 1964 1024 construere
1988 959 2049 1026 sibi
2072 955 2207 1025 licereth
2230 967 2263 1022 ct
2285 958 2373 1024 aedi·

726 1063 810 1128 ficiis
833 1061 937 1127 ordini
961 1062 1142 1127 monastico
1165 1063 1319 1148 congruis
1335 1060 1521 1128 ador·nare¹.
1546 1063 1647 1128 Cuius
1670 1063 1859 1148 petitionem
1876 1063 2093 1129 libentissime
2116 1074 2194 1128 tunc
2217 1063 2374 1149 temporis

726 1189 885 1240 annuens,
909 1177 945 1231 ut
968 1167 1134 1251 particeps
1156 1166 1267 1231 fierem
1291 1166 1361 1230 eius
1384 1165 1643 1249 benevolentiae,
1666 1189 1730 1231 non
1753 1168 1863 1252 parvis
1887 1165 2076 1231 muneribus
2092 1167 2192 1232 etiam
2215 1166 2375 1233 adiuvare

727 1273 798 1336 eius
821 1269 1092 1356 benignissimum
1116 1269 1213 1334 libuit
1235 1280 1357 1336 votum.
1396 1270 1492 1335 Nunc
1514 1291 1603 1351 vero,
1633 1271 1709 1356 quia
1732 1281 1898 1336 annuente
1921 1271 1982 1336 deo
2004 1271 2130 1357 regalia
2152 1281 2283 1356 sceptra
2306 1294 2376 1336 sus·

726 1371 898 1461 cepimusk
921 1396 941 1437 a
964 1373 1094 1438 domino
1127 1383 1240 1437 nostro
1268 1396 1356 1459 papa
1379 1373 1557 1460 Stephano,
1592 1394 1667 1438 cum
1695 1396 1759 1460 quo
1795 1377 1894 1441 etiam
1921 1375 2171 1441 collocutionem
2200 1373 2413 1440 habuimuso

726 1479 872 1546 eiusdem
896 1475 1042 1563 negotii¹‚
1076 1485 1222 1562 rogatum
1245 1479 1349 1542 nostri
1372 1477 1478 1543 fidelis
1502 1479 1670 1563 ipsiusque
1706 1477 1827 1543 domini
1852 1478 2005 1543 videlicet
2032 1499 2138 1565 papae
2161 1478 2203 1542 ob
2226 1477 2375 1564 redemp-

726 1585 848 1648 tionem
875 1584 1057 1646 auimarnm
1081 1591 1267 1646 nostrarum
1290 1583 1319 1646 ci
1343 1591 1376 1646 et
1399 1580 1461 1646 sibi
1486 1581 1711 1666 supradictum
1733 1582 1859 1663 fiscum,
1884 1581 2006 1668 [quern]
2021 1583 2055 1646 in
2077 1581 2226 1647 coenobii
2252 1591 2376 1646 statum

727 1687 903 1752 aedificare
926 1685 1108 1766 constitnit,
1142 1684 1352 1750 concedimus
1382 1693 1415 1749 et
1448 1684 1535 1750 dicto
1565 1685 1636 1749 loco
1671 1685 1861 1771 perpetuale
1895 1686 2134 1750 immunitatis¹¹
2163 1695 2375 1771 praeceptum

729 1790 850 1874 regalis
874 1788 1083 1854 authoritatis
1107 1810 1244 1853 assensn
1271 1785 1325 1871 [et]
1349 1789 1540 1853 voluntate⁰
1563 1790 1708 1853 omnium
1732 1810 1903 1875 procerum
1926 1799 2123 1871 nostrorum,
2147 1791 2225 1874 quip
2247 1811 2376 1854 mecum

727 1894 832 1980 pridie
857 1901 1071 1980 perrexerunt
1093 1891 1136 1956 ad
1159 1891 1417 1966 collustrandum
1441 1893 1527 1958 idem
1551 1893 1754 1975 coenobium,
1779 1895 1868 1980 quod
1883 1895 1950 1959 iam
1973 1895 2184 1980 praevidetur
2199 1893 2376 1960 deductum
2400 1911 2431 1958 ιο

729 1997 772 2062 ad
795 1997 1006 2083 perfectionis
1030 1997 1224 2080 aedificium,
1259 2007 1291 2061 et
1314 1997 1536 2082 complacuit‘¹
1559 1997 1635 2069 illis,
1671 1998 1826 2083 qnoniam
1856 2021 1938 2083 pene
1971 1999 2086 2084 viginti
2114 1996 2258 2063 millibus
2281 1996 2377 2062 abest

728 2101 769 2167 ab
783 2101 966 2187 Aginuensi
991 2102 1134 2177 civitate,
1158 2102 1190 2165 iu
1214 2124 1280 2187 qna
1302 2103 1532 2167 constituimus
1555 2101 1665 2168 hodie.
1689 2100 1927 2167 Censtituimus
1950 2123 2027 2188 ergo
2054 2100 2134 2188 [per]
2159 2103 2376 2168 immunitatis

726 2215 948 2292 pracceptum,
983 2215 1018 2270 ut
1040 2204 1149 2270 nullus
1173 2205 1214 2270 ab
1245 2204 1402 2270 hodierna
1426 2204 1477 2269 dic
1502 2207 1532 2268 in
1561 2214 1754 2291 perpetuum
1778 2205 1847 2270 dux
1870 2227 1981 2270 comes
2004 2208 2187 2271 vicecomes
2215 2215 2375 2292 tyrannus

727 2311 937 2396 praepositus
960 2310 1102 2374 vicarius
1125 2320 1263 2375 exactor
1291 2310 1470 2375 telonarius
1506 2332 1563 2374 seu
1586 2310 1753 2395 quaelibet
1780 2311 1982 2395 potestativa
2004 2330 2149 2395 persona
2177 2331 2251 2374 eum
2274 2307 2375 2391 adire,

727 2415 919 2499 iuquietare,
954 2413 1101 2477 homines
1126 2415 1229 2478 sancti
1256 2413 1363 2496 [loci]r
1395 2413 1574 2478 iustificare
1596 2413 1648 2477 vel
1676 2413 1767 2478 aliud
1790 2412 1957 2498 quodlibet
1988 2412 2103 2477 fuerit·
2131 2413 2259 2498 operari
2283 2435 2376 2498 prae·
2402 2428 2432 2476 15

728 2529 869 2600 sumant,
894 2517 982 2604 qnod
998 2519 1197 2583 contrarium
1214 2519 1256 2581 sit
1278 2517 1435 2581 fratribus
1452 2515 1576 2582 ibidem
1600 2517 1661 2582 deo
1678 2515 1906 2581 militantibus.
1935 2517 1980 2580 Et
1995 2517 2072 2603 qnia
2095 2516 2261 2581 dominus¹
2277 2537 2376 2601 papa,

728 2623 905 2688 secuudum
930 2622 1016 2707 quod
1039 2621 1117 2686 mihi
1142 2621 1304 2706 pollicitus
1328 2632 1389 2704 cst,
1413 2621 1521 2686 eidem
1545 2621 1617 2686 loco
1644 2620 1726 2706 [per]
1750 2632 1964 2707 praecepium
1981 2620 2183 2706 apostolicae
2206 2620 2376 2706 dignitatis

727 2727 919 2792 inducturus
936 2736 987 2791 est
1003 2749 1052 2807 ea,
1077 2747 1161 2812 qnae
1177 2727 1382 2790 auctoritatis
1407 2747 1486 2790 suae
1503 2724 1624 2790 iudicio
1648 2725 1847 2790 constituere
1863 2724 2035 2811 placuerit,
2060 2746 2197 2810 quorum
2213 2723 2376 2810 quaedam

727 2830 806 2895 inihi
830 2830 1004 2911 intimavit,
1029 2829 1100 2914 ipse
1124 2829 1222 2893 etiam
1247 2828 1410 2915 quaedam
1427 2830 1659 2914 praerogativa
1682 2831 1854 2893 maiestate
1871 2828 2013 2893 tenenda
2037 2837 2070 2893 et
2085 2827 2285 2893 stabilienda
2300 2849 2375 2892 eon·

727 2936 852 3013 firmor,
876 2932 1029 2996 videlicet
1044 2941 1090 3014 nt,
1114 2933 1141 2995 si
1164 2932 1282 2996 fratres
1299 2932 1445 2997 eiusdem
1467 2931 1531 2998 loci
1548 2931 1678 2997 abbatis
1702 2935 1883 3016 patrocinio
1900 2935 2098 3014 caruerintr,
2122 2955 2235 2998 eorum
2252 2934 2376 2998 saniori
2398 2950 2432 2998 ao

727 3037 863 3102 consilio
880 3037 1071 3102 electionem
1096 3037 1325 3101 constituimus
1342 3035 1591 3124 disponendam,
1615 3044 1652 3100 ut
1666 3035 1788 3100 nullius
1812 3037 1988 3121 potestatis
2013 3039 2170 3102 instinctu
2186 3059 2298 3103 eorum
2322 3037 2378 3103 de·

728 3140 904 3207 turbeturw
928 3164 1009 3206 sana
1031 3140 1194 3206 voluntas.
1236 3129 1269 3206 Si
1293 3141 1472 3226 aliqnando
1496 3142 1673 3225 instigante
1697 3139 1840 3205 humana
1862 3141 2041 3226 fragilitate
2069 3140 2275 3226 maligniter¹
2299 3141 2377 3206 deli·

727 3246 857 3331 querint
874 3245 973 3310 iidem
988 3246 1118 3327 fratres,
1140 3267 1206 3309 non
1223 3244 1311 3309 illico
1328 3245 1437 3330 gratia
1451 3244 1548 3310 huius
1565 3245 1751 3309 occasionis
1768 3266 1788 3308 a
1804 3243 1952 3330 quolibet
1970 3254 2103 3330 potente
2119 3246 2377 3332 opprimantur-r,

726 3349 860 3434 pietatis
882 3359 1014 3414 nostrae
1038 3349 1143 3414 forma
1165 3351 1200 3414 in
1224 3351 1271 3415 eis
1296 3351 1405 3435 vigeat
1440 3358 1473 3415 et
1494 3349 1593 3414 nullis
1628 3350 1760 3413 occasio
1784 3370 1864 3412 suae
1894 3347 2081 3434 tyrannidis
2103 3349 2171 3413 fiai.
2218 3349 2377 3434 Quisquis

728 3462 836 3518 sutem
860 3453 936 3518 huic
959 3454 1176 3518 immunitatiz
1200 3455 1363 3518 contraire
1385 3455 1635 3539 presumpserit,
1670 3454 1738 3517 sive
1762 3453 1880 3538 aliquis
1909 3451 2087 3517 haeredum
2115 3461 2300 3517 nostrorum
2324 3453 2376 3517 vel
2400 3471 2432 3519 25

727 3558 865 3644 quilibet
887 3570 1096 3645 praepotens,
1121 3559 1253 3645 publico
1277 3559 1398 3624 indicio
1423 3557 1658 3622 condemnetur
1681 3565 1713 3620 et
1735 3573 1797 3620 ccc
1821 3556 1921 3621 libras
1951 3558 2022 3621 auri
2045 3555 2179 3642 regibus
2203 3556 2375 3637 Franciae,

728 3662 972 3728 successoribus
989 3662 1143 3728 videlicet
1160 3664 1292 3745 nostris,
1310 3661 1477 3748 persolvat
1492 3671 1524 3726 et
1540 3683 1702 3726 consensu
1718 3661 2025 3726 circumsedentium
2042 3661 2227 3725 maiestatis
2244 3671 2377 3726 nostrae

728 3767 1047 3852 archiepiscoporum
1063 3775 1096 3832 et
1112 3769 1341 3853 episcoporum
1356 3776 1390 3832 et
1405 3776 1587 3832 ceterorum
1604 3765 1748 3831 fidelium
1768 3766 2039 3850 [unilversorum⁸
2054 3768 2087 3831 in
2105 3778 2221 3833 sancta
2237 3766 2378 3832 ecelesia

727 3873 926 3936 manentium
962 3871 1137 3935 anathema
1160 3873 1212 3951 sit,
1248 3872 1347 3936 etium
1376 3872 1484 3957 isqui
1518 3871 1559 3935 de
1587 3869 1745 3953 regimine
1776 3891 2004 3935 successorum
2034 3880 2230 3955 nostrorum,
2263 3891 2377 3957 regum

728 3973 881 4038 videlicet
896 3974 1069 4056 Francius,
1093 3973 1233 4040 eundern
1249 3972 1380 4040 locuml
1404 3994 1534 4061 quoquo
1557 3973 1655 4037 modo
1673 3972 1903 4057 subtraxerit⁰,
1928 3975 2082 4060 quoniam
2103 3974 2232 4040 fidelius
2248 3996 2378 4060 semper
2401 3991 2433 4038 3ο

729 4076 819 4141 illum
844 4080 1019 4164 posteritas
1042 4078 1248 4164 gubernabit.

831 4198 952 4264 Actum
987 4200 1117 4285 publice
1140 4198 1290 4285 elginnod
1325 4202 1357 4264 in
1387 4199 1511 4285 palatio
1546 4200 1703 4265 exteriori
1732 4201 1764 4263 in
1800 4208 1964 4265 conventu
1996 4199 2157 4265 nobilium
2185 4200 2377 4281 Franciae0,

729 4303 928 4388 Aquitaniae
952 4311 985 4367 et
1000 4302 1198 4385 Gasconiae,
1222 4303 1339 4368 Italiac
1362 4299 1847 4368 etNeust1·iae¹annodomini
1871 4303 2048 4386 nc[cn111]⁸
2064 4303 2249 4370 dominicae
2272 4306 2374 4369 incar·

728 4406 882 4488 nationis,
907 4405 1083 4470 indictione
1106 4407 1146 4490 V,
1172 4407 1223 4471 die
1247 4408 1362 4472 martis
1386 4404 1595 4471 ebdomadah
1617 4406 1723 4492 prima
1745 4407 1875 4471 mensis.

1524 4651 1584 4725 39.

1464 4810 1646 4886 (Uneclrt.)

726 4945 860 5036 Pippin
889 4947 1014 5015 nsviinmt
1046 4947 1110 5018 das
1136 4945 1280 5018 Kloster
1307 4946 1363 5019 St.
1393 4948 1444 5018 M
1446 4951 1615 5020 naiasin
1641 4951 1679 5021 in
1709 4950 1814 5022 Trier
1842 4951 1880 5020 in
1907 4950 2025 5020 scilian
2051 4949 2177 5021 Scir-ata
2205 4952 2280 5021 aud
2305 4974 2380 5022 oer-

729 5070 811 5138 loilrt
836 5067 926 5155 froia
946 5067 1137 5139 Ahtsrrulrl.

2022 5176 2133 5236 lnheim
2158 5178 2219 5236 765
2244 5175 2337 5237 Jaai.

823 5335 864 5388 38.
884 5334 911 5400 g)
928 5335 988 5400 ipsa
1007 5332 1033 5384 B
1120 5332 1147 5396 h)
1166 5339 1332 5386 construeret
1349 5335 1400 5385 sibi
1420 5334 1483 5386 licet
1501 5334 1528 5387 B
1616 5338 1636 5402 i)
1654 5335 1834 5389 adornaretB
1920 5336 1950 5403 k)
1959 5333 2179 5402 sncceprimnsB
2264 5335 2286 5400 l)
2304 5333 2379 5388 daza
2401 5335 2435 5383 to

881 5401 1000 5454 bemmlrt
1020 5401 1069 5454 der
1082 5401 1276 5469 Heruuapeber
1296 5403 1327 5455 ia
1340 5403 1389 5456 der·
1403 5403 1492 5456 Note.-
1509 5412 1551 5456 cet
1563 5405 1669 5456 endroit
1687 5413 1728 5457 est
1746 5422 1886 5472 corronrpn
1905 5405 1945 5456 les
1963 5407 2082 5456 derniers
2097 5412 2166 5456 mets
2184 5405 2255 5455 ainai
2267 5402 2379 5470 abrbgas

882 5475 989 5538 ipe'l93
1077 5471 1113 5534 nr)
1125 5471 1270 5538 rogatuiB
1374 5473 1402 5537 n)
1420 5475 1600 5525 immunitatio
1619 5473 1646 5525 Β
1733 5476 1760 5537 o)
1778 5491 1903 5527 assensus
1922 5475 2062 5526 voluntate
2080 5473 2107 5527 Β
2193 5475 2222 5540 p)
2238 5480 2270 5524 ut
2287 5476 2334 5540 qni
2352 5473 2380 5525 B

950 5541 978 5607 ql
996 5540 1162 5605 complacent
1181 5539 1207 5591 B
1292 5540 1316 5605 r)
1327 5541 1389 5591 hom
1408 5545 1424 5592 8
1442 5550 1504 5594 sant
1522 5543 1549 5594 B
1636 5543 1723 5608 s)fuit
1741 5543 1768 5595 B
1864 5546 1885 5608 t)
1897 5546 1960 5595 dnm
1978 5543 2005 5594 B
2092 5543 2121 5609 ιι)
2137 5544 2266 5595 confirma
2283 5541 2310 5595 Β

881 5611 908 5674 ιι)
927 5611 1035 5660 abbatie
1054 5613 1177 5675 patronio
1196 5613 1330 5661 carernint
1349 5610 1375 5661 B
1463 5614 1497 5676 ιι)
1513 5613 1547 5663 de
1573 5615 1707 5664 turbiteur
1724 5613 1751 5666 Β
1838 5613 1865 5680 x)
1884 5614 2047 5679 malignibns
2065 5611 2092 5666 Β
2194 5614 2223 5678 y)
2240 5611 2380 5677 quodlibet

881 5685 989 5746 potente
1009 5680 1173 5744 opprimatur
1190 5677 1217 5729 Β
1333 5679 1358 5744 z)
1376 5683 1545 5732 immunitate
1562 5680 1590 5734 Β
1705 5686 1731 5747 a)
1749 5685 1908 5733 exteriorum
1933 5683 2053 5733 fidelium
2076 5680 2179 5749 (abira
2197 5680 2303 5748 Lricke)
2322 5696 2379 5732 ver·
2402 5679 2436 5728 ib

881 5765 939 5800 sum
958 5747 985 5800 B
1088 5747 1115 5812 b)
1134 5748 1193 5798 loco
1211 5747 1238 5801 Β
1328 5750 1352 5814 c)
1371 5750 1554 5801 subtraxerint
1572 5750 1599 5802 Β
1685 5752 1712 5817 d)
1731 5752 1827 5818 Agnno
1846 5751 1873 5803 B
1978 5752 2003 5819 e)
2021 5753 2138 5803 Francia
2155 5749 2182 5801 Β
2269 5750 2380 5816 illisu·

880 5821 945 5869 stria
963 5815 990 5869 B
1093 5819 1120 5882 g)
1139 5833 1173 5867 an
1191 5819 1292 5868 domiui
1311 5817 1376 5871 DC⁰
1391 5817 1425 5882 B,
1454 5818 1528 5872 daza
1546 5818 1592 5873 dia
1610 5820 1697 5873 Note:
1723 5827 1798 5871 entre
1817 5821 1843 5872 le
1863 5818 1928 5873 Cet
1946 5821 1972 5871 le
1991 5824 2059 5887 petit
2076 5838 2091 5871 o
2110 5821 2136 5871 le
2165 5820 2321 5884 parchemin
2339 5825 2382 5870 est

880 5885 999 5954 emportri
1018 5885 1138 5951 peutbtre
1156 5885 1172 5936 b
1190 5889 1304 5938 dessein.
1341 5889 1383 5939 On
1405 5905 1423 5953 y
1446 5889 1520 5941 lisait
1540 5907 1604 5940 sans
1623 5890 1703 5941 doute
1722 5891 1795 5954 jadis
1813 5890 1985 5947 nccnxm,
2013 5893 2127 5956 puisqne
2156 5888 2318 5940 Lahdnaisie
2341 5888 2382 5939 dit

879 5958 975 6008 l'avoir
997 5955 1026 6005 lu
1053 5957 1123 6004 ainsi
1226 5956 1255 6021 b)
1274 5958 1344 6008 abite
1371 5959 1434 6009 seda
1453 5959 1487 6021 Β,
1511 5975 1546 6011 ra
1564 5960 1710 6010 ebdomada
1729 5958 1779 6027 rpl.
1799 5959 1928 6025 Boaquet
1946 5963 1989 6025 11,
2015 5963 2083 6024 6115
2110 5957 2242 6026 abriperis
2264 5956 2310 6022 fiel
2331 5960 2382 6010 763

881 6026 972 6146 derisi
986 6023 1118 6104 Febraar
1137 6022 1194 6088 aas
1209 6024 1288 6077 aaron
1301 6025 1443 6096 Dieastap
1460 6030 1528 6096 (dias
1547 6030 1656 6094 martis),
1676 6044 1706 6081 so
1726 6028 1795 6080 dass
1813 6029 1886 6081 ancli
1903 6028 1964 6081 eitra
1983 6027 2160 6096 Verderbaup
2180 6041 2234 6080 aas
2253 6027 2382 6079 februarii
2404 6024 2438 6075 60

898 6111 934 6147 veu
972 6109 1007 6147 ar
1025 6107 1109 6146 ware.
