5642 7159
662 766 724 830 196
1277 769 1700 830 nnsnauanuuonu.

769 960 876 1020 Wencls
898 963 983 1021 Hess.
1007 959 1223 1032 Landosoesels.
1246 954 1294 1029 2⁶,
1326 964 1365 1018 11
1392 962 1463 1018 ποθ
1490 975 1547 1017 aas
1570 957 1605 1029 0,
1629 955 1676 1028 3⁶,
1707 963 1748 1017 14
1770 964 1804 1015 πθ
1819 962 1860 1017 13
1889 975 1946 1017 aaa
1968 959 2006 1016 A.
2038 990 2080 1002 —
2108 958 2195 1017 Foes.
2220 960 2308 1032 Kopp

762 1061 975 1135 Schrifttafela
997 1065 1048 1132 14,
1072 1061 1251 1121 Kaiserark.
1274 1064 1308 1122 ia
1330 1062 1449 1123 Abbild.
1474 1061 1500 1134 I,
1525 1063 1554 1120 4.
1579 1095 1619 1106 -
1642 1061 1930 1135 Montaniana.
1953 1063 2017 1122 255
2042 1061 2141 1140 (246).

761 1184 821 1244 Die
835 1185 1015 1260 oerldnperte
1031 1181 1145 1253 Sobrift
1160 1200 1216 1241 oon
1238 1183 1384 1257 prald
1410 1180 1532 1241 Conteat
1555 1181 1620 1240 aad
1634 1181 1789 1256 Datiraap
1811 1199 1866 1240 voa
1889 1182 2029 1240 auderem
2049 1180 2201 1242 Schreiber
2217 1178 2308 1259 (BG),

761 1289 913 1359 uallarat,
936 1289 977 1347 do
1000 1305 1033 1346 er
1055 1287 1102 1345 die
1124 1286 1349 1360 deplomote'sclse
1363 1285 1517 1345 Minusltel
1537 1286 1717 1344 aamentlicls
1740 1287 1773 1344 in
1796 1287 1849 1345 der
1865 1286 2014 1360 Farraaq
2037 1285 2091 1343 der
2117 1283 2307 1357 Obersclrdfte

761 1393 842 1451 nicht
863 1393 1025 1464 Modiam,
1048 1393 1091 1450 s'm
1113 1390 1234 1450 Kloster
1254 1390 1341 1450 solbet
1361 1391 1557 1464 perisichen.
2331 1404 2347 1450 a

763 1566 821 1642 (O.)
842 1560 857 1648 a}
879 1561 1020 1629 Carolus
1044 1562 1153 1648 gratia
1175 1560 1227 1626 dei
1249 1583 1310 1627 rex
1334 1553 1536 1626 Francorum
1560 1569 1594 1624 ct
1615 1559 1912 1645 Langobardorum
1943 1583 1982 1625 ac
2006 1561 2164 1646 patricius
2188 1559 2306 1625 Roma-

659 1664 825 1751 norum}
928 1665 1096 1752 Quicquid
1124 1665 1209 1730 enim
1236 1663 1320 1729 locis
1348 1663 1594 1729 venerabilibus
1624 1662 1665 1729 ob
1696 1685 1841 1729 amorem
1871 1664 1995 1728 domini
2024 1674 2058 1729 et
2086 1663 2309 1750 oportunitate

661 1790 830 1835 servorum
854 1769 905 1836 dei
929 1769 1084 1836 benivola
1107 1768 1344 1834 deliberatione
1368 1768 1589 1842 concedimus,
1614 1767 1676 1833 hoc
1691 1768 1789 1833 nobis
1812 1768 1926 1856 procul
1951 1767 2051 1834 dubio
2075 1768 2118 1834 ad
2141 1778 2309 1834 aeternam

658 1872 896 1939 beatitudinem
920 1874 1076 1960 pertineri
1107 1872 1313 1937 confidimus.
1359 1872 1465 1957 Igitur
1495 1883 1687 1958 conpertum
1711 1873 1755 1937 sit
1784 1873 1929 1937 omnium
1955 1872 2101 1938 fidelium
2124 1881 2309 1938 nostrorum

659 1977 888 2063 magnitudini,
917 1976 1059 2064 qualiter
1082 1977 1243 2043 donamus
1266 1976 1309 2041 ad
1333 1973 1591 2041 monastherium
1620 1984 1769 2041 nostrum
1794 1975 2008 2050 Herulfisfelt,
2041 1976 2128 2062 quod
2160 1984 2211 2042 est
2232 1997 2308 2041 con·
2333 1995 2365 2042 10

661 2091 821 2148 structum
844 2083 877 2147 in
900 2081 1024 2148 honore
1046 2082 1220 2147 beatorum
1243 2079 1471 2166 apostolorum
1495 2079 1637 2145 Simonis
1661 2090 1694 2146 et
1708 2079 1827 2145 Tathei
1851 2090 2098 2167 ceterorumque
2122 2090 2310 2146 sanctorum

660 2188 693 2250 in
721 2195 816 2251 vaste
843 2185 1015 2250 Bochonia
1044 2206 1142 2270 super
1168 2185 1304 2249 fluvium
1331 2184 1454 2267 Fulda,
1491 2185 1579 2272 quod
1608 2184 1805 2250 venerabilis
1835 2187 1887 2250 vir
1916 2184 2012 2250 Lullo
2041 2184 2310 2271 archiepiscopus

659 2312 746 2356 novo
774 2292 959 2354 construxit
986 2311 1085 2375 opera
1115 2300 1148 2354 et
1169 2287 1266 2354 nobis
1289 2298 1366 2354 ante
1389 2289 1448 2354 hos
1477 2289 1547 2355 dies
1571 2313 1631 2376 per
1658 2299 1784 2355 cartam
1807 2290 1997 2356 traditionis
2028 2291 2120 2356 visus
2145 2301 2195 2356 est
2225 2290 2309 2356 delc-

659 2416 768 2480 gasse,
792 2394 1015 2480 donatumque
1037 2395 1281 2481 inperpetuum
1304 2417 1377 2459 esse
1392 2395 1542 2459 volemus
1567 2393 1707 2460 ecclesia
1722 2395 1780 2460 illa
1803 2394 1888 2460 infra
1904 2395 1985 2460 fisco
2008 2404 2122 2461 nostro
2139 2395 2308 2460 Scoronis·

660 2499 758 2580 haim,
784 2520 882 2584 quam
905 2498 1011 2563 Lioba
1034 2520 1094 2584 per
1115 2506 1263 2563 nostrum
1286 2497 1479 2563 benefitium
1501 2500 1574 2562 visa
1596 2508 1647 2563 est
1662 2500 1818 2573 tenuisse,
1843 2500 2028 2564 cumomni
2051 2501 2240 2584 integritate
2257 2498 2308 2564 vel
2334 2515 2365 2562 15

661 2602 827 2667 soliditate
851 2623 911 2666 sua
934 2624 1009 2667 cum
1031 2602 1131 2666 rebus
1154 2602 1198 2666 ad
1221 2602 1359 2667 eandem
1383 2601 1559 2667 ecclesiam
1583 2601 1845 2687 pertenentibus3
1869 2612 1902 2668 at
1924 2603 2001 2669 dnm
2025 2603 2099 2688 ipsa
2123 2601 2230 2667 Lioba
2253 2602 2309 2668 ad·

659 2709 791 2789 vixerit,
815 2729 874 2792 per
895 2716 1045 2771 nostrum
1069 2716 1281 2791 vestrumque
1304 2705 1500 2771 beneficium
1524 2707 1632 2792 ipsam
1656 2706 1830 2772 ecclesiam
1855 2705 1975 2772 debcat
1996 2705 2126 2771 habere.
2152 2704 2310 2771 Similiter

660 2812 822 2876 donamus
846 2810 890 2876 ad
912 2810 1052 2876 eundem
1074 2809 1333 2875 monastherium
1361 2811 1395 2874 in
1414 2831 1501 2897 pago
1526 2809 1761 2876 Unedrebenso
1785 2813 1819 2875 in
1847 2811 1921 2875 loco
1946 2811 2000 2896 qui
2025 2809 2145 2875 dicitur
2168 2810 2308 2895 Hoinge,

661 2915 747 2979 sicut
769 2914 979 2979 Haimcricus
1002 2937 1062 3001 per
1083 2924 1233 2979 nostrum
1256 2913 1452 2981 beneficium
1477 2913 1598 2981 ibidem
1623 2916 1736 2980 tenuit.
1782 2915 1820 2979 ln
1844 2915 1940 2979 tertio
1963 2936 2042 2979 vero
2070 2914 2143 2978 loco
2166 2914 2200 2978 in
2222 2935 2309 3000 pago

660 3017 858 3103 Logonense
881 3018 1044 3085 hominem
1067 3041 1178 3101 unum,
1204 3041 1299 3105 quem
1316 3018 1494 3084 Ratbcrtus
1518 3019 1646 3100 habuit,
1670 3021 1703 3084 in
1726 3020 1804 3085 villa
1829 3042 1913 3105 quac
1937 3029 2073 3084 vocatur
2089 3019 2309 3084 Bcrinsoozo⁸
2332 3033 2366 3081 aa

660 3143 735 3186 cum
751 3143 886 3187 mansos
902 3121 995 3204 duos,
1014 3126 1098 3188 sicut
1112 3144 1202 3188 nunc
1217 3134 1364 3210 tempora
1382 3123 1551 3209 possidere
1568 3124 1706 3190 videtur.
1731 3127 1770 3189 In
1787 3135 1903 3210 quarto
1921 3123 2054 3210 quidem
2070 3123 2143 3188 loco
2160 3123 2309 3188 homines

661 3223 743 3289 duos
767 3224 816 3289 his
844 3224 1047 3290 nominibus:
1084 3225 1259 3292 Gauzoldo
1283 3234 1315 3292 et
1343 3248 1498 3312 germano
1524 3249 1583 3291 sno
1608 3227 1782 3293 Hrodoldo
1815 3236 2061 3292 commanentes
2084 3227 2117 3291 in
2141 3226 2224 3291 silva
2247 3226 2309 3290 Bo·

660 3327 780 3393 chonia
802 3351 901 3414 super
922 3329 1057 3395 fluviolo
1083 3330 1252 3397 Geazaha
1279 3331 1373 3396 Haec
1399 3340 1508 3396 autem
1533 3334 1644 3396 omnia
1666 3352 1831 3396 unacum
1855 3333 1951 3396 terris
1975 3329 2128 3396 domibus
2152 3329 2310 3395 aedificiis

660 3432 839 3498 accolabus
862 3435 1035 3519 mancipiis
1058 3436 1175 3499 vinciis
1206 3435 1298 3499 silvis
1321 3437 1449 3521 campis
1477 3439 1581 3522 pratis
1605 3438 1738 3522 pascuis
1762 3437 1856 3521 aquis
1886 3456 2089 3521 aquarumve
2116 3433 2309 3520 decursibus

659 3536 779 3601 movile
802 3546 835 3601 et
857 3536 1077 3619 inmovilibus,
1102 3537 1258 3624 quicquid
1281 3538 1347 3603 dici
1370 3549 1429 3604 aut
1451 3540 1614 3605 nominari
1640 3548 1761 3625 potest,
1785 3549 1892 3605 totum
1915 3550 1948 3605 et
1964 3539 2008 3605 ad
2029 3541 2201 3623 integrum,
2226 3539 2311 3603 sicut
2332 3553 2366 3602 ae

661 3641 812 3726 superius
835 3651 886 3707 est
908 3641 1177 3729 conprehensum,
1202 3643 1245 3707 ad
1268 3644 1434 3730 prefatum
1458 3644 1754 3709 monastheriuma
1777 3643 1829 3708 die
1852 3646 1995 3729 presenti
2012 3644 2173 3710 tradimus
2196 3665 2310 3729 perpe·

660 3744 794 3809 tualiter
816 3745 860 3811 ad
887 3746 1146 3832 possedendum,
1180 3747 1228 3812 ita
1250 3757 1287 3810 ut
1318 3745 1360 3810 ab
1383 3746 1446 3811 hac
1476 3747 1528 3813 die
1557 3769 1635 3832 pars
1665 3747 1803 3833 predicti
1835 3746 2049 3812 monastherii
2078 3745 2309 3833 suprascriptis

660 3846 759 3912 rebus
782 3847 913 3931 habeat,
943 3858 1053 3916 teneat
1075 3859 1174 3936 atque
1197 3850 1375 3937 possedeat
1403 3850 1455 3916 vel
1479 3851 1635 3936 quicquid
1658 3850 1779 3916 exinde
1802 3859 1947 3916 rectores
1970 3852 2073 3937 ipsius
2097 3849 2310 3915 monastherii

661 3972 719 4035 pro
750 3954 972 4035 oportunitate
1001 3974 1114 4018 eorum
1143 3953 1253 4019 facere
1281 3952 1449 4038 elegerint,
1480 3954 1616 4020 liberum
1646 3956 1858 4042 perfruantur
1886 3954 2074 4037 arbitrium3
2120 3963 2153 4018 et
2181 3976 2201 4017 a
2229 3951 2309 4017 nulli

660 4053 806 4119 fidelium
829 4065 888 4120 aut
909 4077 1135 4123 successorum
1158 4066 1306 4121 nostrum
1330 4057 1397 4122 ullo
1422 4079 1578 4145 umquam
1601 4069 1747 4144 tempore
1770 4059 1969 4124 calomniam
1996 4057 2116 4122 habere
2140 4058 2308 4142 pertimes·
2331 4071 2364 4119 ao

662 4166 748 4239 cant,
781 4167 944 4243 qnatenus
968 4158 1085 4224 melius
1115 4159 1256 4227 delectet
1277 4163 1351 4247 ipsa
1374 4165 1630 4248 congregatione
1660 4183 1720 4248 pro
1744 4160 1839 4226 nobis
1869 4165 2029 4248 uxorique
2051 4169 2166 4226 nostra
2188 4157 2309 4224 etiaml

661 4261 762 4349 prolis
792 4261 914 4327 domini
943 4264 1171 4330 misericordia
1198 4265 1371 4331 adtencius
1394 4289 1543 4331 exorare.
1589 4265 1634 4330 Et
1661 4275 1698 4330 ut
1725 4264 1807 4330 haec
1836 4265 1970 4331 traditio
2003 4275 2102 4351 atque
2130 4264 2309 4330 auctoritas

661 4366 840 4431 nostriset
867 4368 987 4433 futuris
1011 4368 1214 4456 temporibus
1242 4371 1420 4435 firmiorem
1443 4367 1599 4435 obteneat
1622 4371 1779 4454 vigorem,
1812 4393 1912 4436 manu
1938 4369 2072 4456 propria
2102 4368 2214 4434 subter
2237 4389 2310 4434 eam

661 4467 866 4535 decrevimus
888 4470 1055 4536 roborare.

763 4610 778 4694 ᾖ
800 4609 937 4695 Signum
962 4615 1051 4689 (llll.)
1075 4610 1186 4676 Caroli
1210 4611 1442 4697 gloriosissimi
1465 4612 1602 4698 regis}
2335 4628 2367 4676 ss

764 4734 822 4810 (O.)
849 4731 863 4814 ξ
886 4731 1096 4818 Unigbaldus
1123 4733 1276 4799 advicem
1298 4734 1428 4800 Radoni
1457 4735 1634 4820 recognovi
1663 4737 1731 4819 etg
1759 4737 1826 4810 (SR.
1849 4737 1929 4796 N'R:
1969 4735 2156 4796 Unitboldas
2179 4734 2311 4793 caricem

661 4836 784 4896 Radani
805 4841 959 4912 recognovi
981 4844 1009 4897 et
1031 4840 1216 4915 sabsmipsi).
1242 4842 1299 4914 (Sl.
1323 4843 1373 4916 D.)

764 4953 873 5019 Data⁰
896 4956 1010 5042 quinto
1025 4953 1111 5021 kal.d
1126 4968 1263 5042 agustas
1280 4979 1367 5022 anno
1384 4967 1502 5044 quarto
1520 4958 1645 5024 decimo
1663 4968 1695 5023 et
1710 4981 1795 5024 nono
1812 4959 1903 5042 regni
1920 4959 2043 5040 nostri,
2066 4965 2177 5022 actum
2193 4955 2310 5021 Herul-

661 5057 762 5124 fisfelt
784 5059 1010 5126 monastherio
1034 5061 1068 5124 in
1091 5071 1184 5127 vaste
1206 5062 1377 5126 Bochonia
1400 5071 1641 5135 constructum
1666 5070 1787 5127 amen.⁸

1451 5285 1537 5358 llb.
2333 5309 2367 5358 so

662 5426 757 5497 Karl
771 5427 834 5497 der
853 5425 982 5498 arasse
1002 5429 1139 5499 solventi
1153 5431 1231 5501 dem
1245 5431 1389 5501 Klostar
1401 5429 1440 5500 F
1443 5453 1467 5500 a
1476 5431 1488 5500 l
1495 5431 1548 5501 olo
1562 5431 1618 5500 die
1639 5429 1753 5501 Villen
1767 5429 1951 5499 Dicebatur
1972 5429 2046 5498 ared
2060 5426 2309 5498 Doueraleeim.

1843 5547 1985 5621 Hersfsld
2011 5543 2098 5629 [782]
2122 5547 2193 5608 Jali
2213 5551 2266 5610 28.

739 5715 799 5769 m
817 5717 844 5780 a)
866 5733 943 5768 scoao
965 5717 1261 5788 (temereternere)
1283 5720 1335 5772 mit
1359 5719 1509 5772 dareltlerer
1529 5719 1611 5772 Teuta
1638 5734 1691 5772 vora
1711 5717 1852 5771 derselben
1871 5717 1961 5771 Hand
1989 5717 2020 5770 ia
2038 5717 2241 5787 ursprilupls‘ols
2259 5715 2313 5768 laer

816 5784 976 5854 pelasaeaeu
994 5786 1090 5840 Raam
1108 5789 1287 5858 aupetropea
1305 5791 1346 5855 A,·
1372 5791 1535 5841 Bercziesnn
1556 5789 1583 5850 O,
1603 5789 1634 5840 in
1653 5787 1939 5853 Dorsuolaussclsrift
1958 5802 2010 5839 rou
2029 5790 2055 5840 A
2074 5803 2128 5840 aas
2147 5787 2208 5840 dem
2227 5790 2252 5840 9.
2264 5785 2311 5840 Ja.

817 5856 981 5920 Beriscioza;
999 5857 1031 5909 s'a
1044 5856 1150 5910 Caucis
1163 5858 1209 5911 die
1217 5857 1357 5928 jatuperea
1369 5857 1601 5923 Nomervsformeu
1613 5858 1664 5924 [etr
1678 5856 1723 5910 die
1736 5856 1861 5910 crederem
1878 5857 1943 5910 Orto
1956 5857 2150 5920 Soomesheim,
2164 5859 2310 5923 chngnn,
2333 5851 2366 5900 45

818 5925 936 5977 Geisaha
1023 5928 1051 5991 b)
1068 5927 1270 5996 arsprareplicls
1288 5935 1323 5991 et,
1342 5931 1397 5979 iarn
1415 5943 1468 5980 oon
1487 5927 1629 5981 derectum
1648 5925 1738 5979 Harrei
1757 5926 1814 5990 aas
1830 5925 1879 5978 der
1898 5926 1973 5979 Zeila
1990 5926 2197 5994 aactpetrapen
2216 5928 2243 5978 A

816 5996 842 6055 c)
860 5993 917 6059 aas
933 5995 1038 6057 Rosar,
1057 5995 1146 6048 dovor
1164 5997 1309 6049 vmwiaclet
1327 5999 1390 6048 date
1408 6000 1502 6062 quinto
1521 5997 1558 6048 kl.
1572 5999 1600 6049 A
1670 5997 1697 6060 d)
1714 5997 1724 6046 l
1742 5995 1794 6048 mit
1812 5995 2078 6064 Kareurspeeeiclsen
2097 6010 2151 6047 non
2169 5993 2312 6047 deraelbea

817 6063 908 6115 Hand
927 6064 994 6116 aber
1012 6064 1063 6116 der
1082 6065 1157 6118 Zeila
1173 6065 1379 6135 nacbpetrapen
1397 6067 1425 6117 A
1495 6066 1520 6131 e)
1538 6066 1569 6117 iu
1589 6064 1761 6119 tiroaisclvea
1780 6065 1881 6117 Notou.
