5642 7159
674 728 739 793 2991
1290 731 1714 795 sustentavimus.

776 921 913 1006 Signum
937 916 1048 985 Caroli
1071 918 1323 1004 gloriosissimi¹¹
1344 919 1442 1006 regis.

775 1058 969 1126 Ercambolt
991 1057 1139 1124 advicem
1162 1058 1311 1124 Redonis
1332 1060 1534 1145 recognovit.

776 1199 867 1264 Data
893 1215 916 1262 v
947 1196 991 1262 id.
1014 1198 1081 1263 iun.
1112 1218 1198 1262 anuo
1222 1215 1299 1261 xxu
1326 1206 1359 1263 et
1381 1216 1457 1262 xvu
1484 1198 1576 1284 regni
1604 1200 1724 1282 nostri3
1761 1208 1873 1265 aetum
1894 1199 2066 1286 Mogontia
2096 1200 2249 1282 civitatc3
2286 1201 2320 1265 in

674 1305 727 1370 dei
749 1299 1062 1369 nomine'felieiter0
1083 1323 1188 1367 amen.
1898 1307 1900 1311 ’

1457 1559 1544 1636 166.
2342 1593 2358 1640 s

673 1725 769 1796 Korl
786 1726 850 1796 der
873 1722 1001 1796 Grossc
1026 1723 1165 1795 sabbabi
1191 1724 1270 1794 dem
1287 1721 1432 1793 Klosier
1458 1719 1514 1793 st.
1534 1721 1671 1793 Deoia
1703 1719 1816 1794 Gaiter
1841 1746 1886 1794 so
1904 1722 2089 1796 Binsbeim
2116 1727 2320 1799 99919977-

674 1848 812 1940 osinpen
844 1848 895 1917 im
921 1847 1107 1936 liscisque,
1142 1843 1263 1915 raotola
1295 1841 1367 1914 Abs
1392 1841 1602 1915 Mainorios
1634 1866 1700 1916 cus
1731 1843 1959 1934 malisoirtem
1986 1847 2062 1919 ond
2093 1870 2138 1918 aa
2171 1847 2321 1920 Uarecbt

673 1968 902 2041 crworbencm
928 1967 1049 2038 Bestia
1070 1963 1224 2058 palaest,
1253 1963 1336 2035 aber
1364 1963 1635 2056 assumendas
1661 1965 1765 2037 boile.

1816 2069 1972 2129 Kostbeim
1995 2074 2058 2132 790
2081 2073 2203 2146 Aaoust
2224 2076 2277 2134 31.

779 2261 918 2336 original
939 2262 983 2320 im
1003 2259 1251 2320 Notioualarcbic
1270 2276 1313 2318 aa
1334 2258 1426 2318 Paris
1449 2257 1513 2336 (Α).
2345 2279 2378 2326 10

776 2401 925 2461 Matilica
945 2401 992 2460 Dc
1015 2417 1046 2459 re
1067 2399 1140 2472 dipl.
1164 2400 1228 2460 502
1249 2403 1284 2456 ss⁰
1298 2399 1340 2458 56
1362 2413 1420 2457 aas
1442 2395 1472 2456 A
1495 2419 1536 2452 =
1559 2397 1696 2472 Bouquet
1719 2401 1749 2469 5,
1774 2401 1837 2460 753
1858 2404 1893 2457 ss⁰
1908 2402 1959 2470 67,
1984 2421 2024 2454 =
2052 2398 2132 2474 Oria.
2161 2400 2264 2475 Garis.
2287 2406 2318 2474 2,

777 2508 819 2566 80
841 2506 919 2576 22⁰4,
943 2525 985 2558 =
1007 2502 1143 2577 Neaqort
1165 2501 1231 2562 OD.
1256 2502 1351 2561 Alam.
1377 2504 1406 2572 1,
1430 2503 1472 2562 98
1493 2507 1527 2558 n⁰
1541 2504 1605 2561 110
1628 2501 1859 2577 uaoollstdudip,
1891 2525 1932 2557 =
1963 2502 2166 2564 Sabbaemoaa
2195 2503 2266 2568 God.
2294 2505 2319 2578 f.

772 2609 875 2684 proici.
890 2607 975 2681 Dipl.
988 2612 1019 2679 1,
1042 2610 1083 2667 40
1099 2613 1133 2664 a⁰
1146 2610 1199 2678 22,
1215 2628 1257 2661 =
1279 2605 1383 2680 Hique
1399 2605 1511 2666 Puirol.
1529 2610 1580 2677 97,
1598 2610 1663 2667 977
1682 2612 1717 2664 n⁰
1730 2609 1782 2667 53.
1807 2637 1846 2651 -ν
1871 2607 2007 2667 Felibicn
2024 2609 2103 2668 Hiat.
2120 2609 2155 2667 de
2172 2609 2203 2671 S.
2220 2610 2321 2686 Denys

772 2731 824 2787 pr.
840 2715 884 2776 42
897 2717 931 2771 πθ
946 2715 985 2772 61
1009 2729 1067 2771 aas
1081 2710 1119 2770 A.
1145 2743 1183 2755 -
1210 2709 1325 2783 Tardis
1342 2710 1426 2770 Mors.
1442 2711 1510 2770 bist.
1529 2713 1568 2771 69
1584 2716 1618 2768 n⁰
1632 2713 1673 2770 89
1690 2729 1746 2770 aas
1762 2710 1800 2771 A.
1827 2744 1864 2755 -
1890 2710 2093 2786 Schriftprobe
2116 2714 2322 2793 (Reoopnition

777 2817 842 2877 aad
862 2814 1029 2894 Dctiranp)
1052 2815 1141 2888 Kopp
1165 2812 1378 2887 Schrifttofebs
1398 2817 1442 2875 23
1464 2813 1504 2876 D.
1532 2847 1568 2859 -
1592 2814 1786 2875 Mbblbocber
1807 2816 1880 2890 Res.
1904 2819 1968 2877 308
1992 2815 2091 2897 (299).
2345 2835 2376 2884 15

775 2958 834 3018 Die
854 2957 1049 3030 Rcooqnitiou
1070 2972 1126 3014 voa
1149 2954 1330 3026 Erconbdd,
1361 2952 1495 3024 (lostost,
1527 2953 1730 3028 fibnumaeile
1752 2955 1817 3013 aad
1838 2955 2003 3032 Dotirunq,
2039 2956 2118 3016 disse
2141 2957 2245 3017 beiden
2267 2959 2320 3017 mit

776 3062 922 3121 bidaserer
945 3061 1046 3131 linio,
1076 3076 1132 3119 oon
1162 3059 1303 3118 eadmero
1327 3056 1482 3118 Sclrcibcr
1505 3055 1591 3136 (RD)
1617 3059 1818 3132 pescbrieten,
1849 3059 1897 3119 die
1919 3061 2019 3120 Itoote
2048 3063 2091 3120 im
2113 3062 2323 3136 Monopromm

776 3165 1009 3240 unrroetmdssip
1031 3164 1086 3223 mit
1109 3168 1198 3223 etwas
1222 3162 1382 3222 dunblercr
1406 3163 1494 3222 Pisto
1515 3163 1710 3236 claustram,
1734 3181 1799 3222 oona
1815 3163 1910 3238 Siepel
1931 3182 1993 3224 nur
2015 3167 2065 3224 ein
2086 3165 2196 3226 klcines
2211 3166 2321 3226 Mittel-

681 3299 684 3302 ’
774 3271 862 3332 atacis
884 3270 1025 3341 erbolten,
1055 3268 1110 3329 das
1132 3271 1204 3329 aber
1225 3268 1284 3328 den
1305 3267 1395 3342 Kopf
1416 3285 1517 3342 panau
1540 3268 1789 3329 damnatores.
1819 3303 1861 3313 -
1889 3268 2094 3343 Selbstdndipe
2116 3271 2257 3345 Fossunp
2280 3293 2321 3326 ::

774 3381 810 3435 n⁰
823 3378 899 3436 167.
2343 3391 2377 3440 20

777 3566 836 3642 (0.)
857 3565 871 3646 l
893 3561 1033 3628 Carolus
1056 3564 1164 3647 gratia
1186 3561 1238 3626 dei
1261 3584 1321 3627 rex
1344 3561 1550 3626 Francorum
1578 3569 1611 3625 et
1632 3559 1931 3646 Langobardorum
1954 3583 1994 3626 ac
2021 3563 2178 3648 patricius
2201 3563 2319 3630 Roma·

673 3689 800 3733 norum.
906 3667 1030 3731 Notum
1047 3687 1119 3731 esse
1142 3665 1304 3731 universis
1320 3664 1441 3730 nostris
1465 3664 1630 3731 credimus
1645 3664 1809 3739 fidelibus,
1833 3665 1975 3752 qualiter
1990 3674 2138 3752 tempore
2160 3667 2321 3752 genitoris

673 3771 778 3835 nostri
801 3765 815 3848 ᾗ
836 3767 944 3834 bonae
972 3769 1149 3833 memoriae
1172 3767 1303 3855 Pippini
1334 3767 1500 3854 quondam
1528 3769 1615 3854 regis
1645 3791 1702 3833 seu
1730 3779 1763 3834 et
1792 3769 1946 3835 avunculi
1977 3772 2080 3835 nostri
2109 3771 2320 3837 Carlomanni

673 3896 725 3939 res
749 3872 879 3960 aliquae
893 3873 928 3936 in
951 3872 1073 3937 ducatu
1089 3871 1306 3938 Alamanniae
1328 3873 1401 3938 fisci
1426 3872 1603 3938 ditionibus
1627 3872 1783 3939 redactae
1806 3874 1946 3957 fuerunt,
1970 3897 2053 3960 quas
2077 3875 2175 3940 modo
2200 3875 2320 3941 diversi

673 3977 823 4043 homines
846 3978 942 4064 quasi
967 3977 1036 4043 iure
1060 3979 1194 4064 proprio
1218 3977 1442 4063 possedebant
1464 3978 1583 4044 iniuste
1598 3986 1631 4043 et
1654 3978 1783 4064 aliquas
1807 3977 1926 4043 exinde
1942 3980 2008 4043 iam
2031 4001 2090 4064 per
2112 3979 2318 4055 vinditiones,
2342 3998 2375 4046 25

675 4081 870 4147 donationes
895 4103 954 4147 seu
976 4081 1126 4146 diversos
1150 4081 1318 4168 quoslibet
1339 4081 1457 4148 modos
1479 4081 1647 4148 habebant
1670 4082 1854 4168 dispersas3
1892 4106 1935 4148 ex
1959 4068 2319 4168 quibus‘Hrodhardus

673 4186 775 4252 comis
799 4184 965 4273 quondam
992 4184 1034 4251 ab
1058 4185 1190 4252 Unnido
1223 4210 1282 4252 seu
1305 4186 1348 4253 ab
1371 4187 1446 4253 aliis
1469 4187 1657 4252 hominibus
1687 4210 1745 4273 per
1767 4198 1876 4252 cartas
1906 4187 2097 4255 vinditionis
2125 4189 2244 4254 exinde
2268 4212 2320 4254 res

674 4291 803 4377 aliquas
826 4290 915 4354 visus
938 4290 1000 4354 fuit
1021 4311 1231 4376 conparasse,
1261 4315 1346 4378 quae
1369 4301 1534 4378 ponuntur
1557 4292 1591 4356 in
1614 4313 1700 4377 pago
1724 4293 1913 4377 Brisigauia
1936 4294 1970 4356 in
1993 4291 2068 4358 loca
2090 4303 2320 4378 nuncupantes

675 4393 871 4461 Binuahaim
895 4396 964 4459 sive
981 4404 1013 4459 et
1028 4394 1325 4481 Romaningahoba
1341 4395 1392 4460 vel
1416 4397 1450 4460 iu
1466 4398 1584 4461 ceteris
1608 4395 1688 4461 locis
1705 4417 1780 4461 cum
1804 4419 1916 4462 eorum
1933 4395 2131 4462 adiacenciis
2148 4407 2181 4462 et
2198 4419 2321 4483 appen-

676 4501 781 4583 diciis,
813 4522 898 4584 quae
921 4499 1070 4586 partibus
1094 4501 1199 4566 sancti
1224 4501 1366 4566 Dionisii
1390 4502 1554 4588 martyris,
1586 4501 1642 4567 ubi
1666 4502 1737 4566 eius
1760 4502 1967 4588 praeciosum
1990 4522 2111 4589 corpus
2134 4501 2319 4586 requiescit,
2343 4518 2377 4568 30

675 4604 801 4670 inlicito
832 4603 945 4669 ordine
973 4604 1065 4669 visus
1094 4604 1157 4669 fuit
1185 4604 1372 4670 vendidisse
1405 4604 1457 4670 vel
1487 4605 1670 4692 delegasse,
1705 4605 1792 4670 unde
1819 4603 2001 4670 Mainarius
2034 4604 2122 4669 abba
2155 4627 2214 4690 per
2242 4626 2321 4670 suos

674 4709 800 4774 wadios
824 4707 951 4794 legibus
974 4707 1070 4773 nobis
1093 4711 1185 4773 visus
1209 4718 1259 4774 est
1281 4711 1467 4776 revestisse.
1514 4709 1580 4775 Sed
1603 4708 1697 4775 nobis
1720 4708 2006 4775 considerantibus
2035 4707 2076 4774 ob
2100 4729 2246 4775 amorem
2270 4709 2321 4775 dei

675 4825 708 4880 et
729 4815 947 4879 reverentiam
972 4815 1077 4879 sancti
1102 4814 1244 4880 Dionisii
1268 4835 1327 4899 pro
1351 4814 1512 4880 mercedis
1536 4824 1747 4900 augmentum
1772 4822 1805 4879 et
1827 4813 1958 4879 animae
1986 4823 2119 4878 nostrae
2142 4813 2320 4879 remedium

675 4940 732 4983 seu
756 4917 971 4983 stabilitatem
994 4919 1087 5004 regni
1111 4918 1218 4983 nostri
1246 4918 1401 5005 deinceps
1423 4941 1482 5004 per
1504 4927 1651 4983 nostrum
1673 4927 1887 5006 praeceptum
1911 4919 2079 5004 praefatas
2106 4940 2159 4983 res
2181 4916 2225 4982 ad
2248 4918 2322 5004 ipsa

675 5043 755 5087 casa
778 5021 830 5087 dei
854 5022 1100 5108 prumptissimo
1125 5023 1235 5088 animo
1258 5045 1297 5088 ae
1321 5023 1489 5088 volontate
1504 5021 1648 5109 benigna
1671 5022 1854 5089 concedere
1871 5044 1910 5087 ac
1934 5022 2087 5108 delegare
2104 5022 2320 5088 decrevimus.
2345 5040 2378 5090 uo

675 5128 854 5212 Propterea
876 5126 940 5191 hoc
962 5135 1096 5191 nostrae
1119 5127 1284 5192 firmitatis
1300 5136 1511 5213 praeceptum
1535 5128 1691 5192 iussimus
1708 5126 1881 5209 conscribi,
1905 5136 1942 5191 ut
1956 5135 2156 5192 memoratas
2177 5148 2230 5191 rcs
2246 5147 2321 5191 cum

676 5232 762 5296 omui
780 5230 979 5316 integritate,
1003 5253 1078 5295 cum
1095 5232 1191 5296 terris
1216 5230 1368 5296 domibus
1384 5231 1544 5296 aedificiis
1559 5231 1735 5318 mancipiis
1758 5231 1863 5296 vineis
1880 5230 1972 5296 silvis
1988 5230 2040 5295 vel
2057 5231 2183 5295 cunctis
2200 5229 2321 5295 ibidem

675 5335 872 5401 adiacenciis
901 5334 954 5400 vel
983 5335 1191 5421 appendiciis
1214 5336 1249 5400 iu
1278 5334 1479 5421 quibuslibet
1506 5333 1604 5418 locis,
1640 5335 1725 5399 sicut
1752 5343 1851 5400 antea
1873 5335 1946 5420 ipsa
1976 5357 2056 5400 casa
2085 5335 2138 5400 dei
2166 5334 2238 5398 visa
2261 5333 2322 5397 suit

674 5436 881 5525 possedesse,
905 5439 952 5503 ita
967 5448 1000 5503 et
1019 5438 1174 5525 deinceps
1197 5462 1255 5523 per
1271 5448 1419 5504 nostrum
1443 5450 1654 5526 praeceptum
1669 5439 1797 5525 plenius
1820 5438 1923 5503 iudei
1947 5441 2078 5505 nomine
2093 5440 2321 5504 confirmatum

675 5541 717 5608 ab
741 5563 781 5607 ae
805 5541 859 5606 die
883 5563 960 5627 para
983 5543 1153 5627 praefatae
1176 5541 1338 5609 basilicae
1362 5543 1468 5608 sancti
1492 5543 1635 5610 Dionisii
1659 5542 1790 5626 habeat,
1825 5552 1937 5609 teneat
1959 5553 2059 5630 atque
2089 5541 2267 5631 possedeat
2289 5549 2322 5606 et
2343 5555 2377 5604 4ο

675 5650 708 5714 iu
731 5657 847 5714 nostra
870 5647 1075 5732 aelymosina
1096 5648 1218 5713 ibidem
1242 5649 1328 5714 omni
1353 5658 1501 5734 tempore
1524 5648 1558 5714 in
1580 5650 1767 5735 augmentis
1790 5647 1950 5734 proficiat.
1979 5649 2023 5713 Et
2045 5657 2082 5714 ut
2104 5647 2186 5714 baec
2210 5655 2321 5713 aucto-

674 5754 758 5818 ritas
781 5747 908 5817 firmior
928 5749 1089 5816 habeatur
1110 5751 1162 5816 vel
1186 5775 1245 5838 per
1267 5762 1419 5838 tempora
1441 5752 1559 5818 melius
1581 5763 1804 5826 conservetur,
1835 5773 1936 5818 manu
1959 5753 2094 5839 propria
2121 5752 2323 5817 firmavimus

676 5865 709 5921 et
731 5854 772 5920 dc
793 5855 894 5920 anulo
917 5863 1030 5920 nostro
1055 5855 1201 5940 sigillare
1226 5857 1391 5922 iussimus.

751 6041 812 6098 lfifi.
831 6048 860 6110 n)
877 6043 988 6110 gloriosi
1007 6041 1033 6095 B
1138 6041 1165 6111 ο)
1183 6043 1271 6094 iclitor
1289 6043 1324 6096 B.
