5642 7159
1072 706 1194 767 nanu
1215 706 1306 767 nnn
1327 707 1495 771 eeoeen
1518 703 1593 769 773.
2089 708 2152 776 299

603 895 747 955 ideaiseb
774 898 831 968 teir
867 895 1016 955 accidie
1045 896 1079 954 ia
1101 895 1156 953 ber
1175 896 1350 969 oblectent
1377 895 1562 957 wiederbolte
1583 898 1779 972 Reoopaitiua
1804 900 2003 975 (Amulbertm
2027 903 2067 962 ist
2089 921 2150 961 ver·

603 1000 687 1060 derbi
709 1017 766 1059 asc
788 997 984 1077 emelbertus)
1012 1000 1053 1059 ist
1080 1017 1143 1059 aar
1170 1003 1235 1060 887
1263 1000 1334 1060 Just
1355 1034 1398 1045 -
1421 1000 1589 1075 September
1610 1003 1644 1061 ies
1669 1001 1816 1077 Geticae,-
1849 1003 1897 1063 die
1924 1006 2154 1079 crsproaptiebe

603 1103 795 1162 Datcmeeile
816 1102 876 1176 lies
893 1103 995 1178 taupp
1018 1103 1093 1162 ober
1114 1102 1167 1161 der
1181 1104 1324 1178 jetrs'pers.
1347 1104 1499 1179 Nirpends
1520 1104 1612 1177 findet
1634 1107 1697 1166 sicis
1719 1109 1784 1167 cisse
1807 1108 1898 1182 sper,
1921 1108 1991 1169 dass
2007 1110 2154 1184 Kemptea

605 1208 669 1265 eine
702 1206 844 1267 Urieuade
871 1206 966 1265 Karta
988 1206 1049 1265 ΠΙ
1070 1206 1203 1266 ονὴαίιεη
1231 1206 1303 1267 oder
1321 1209 1356 1282 je
1386 1209 1517 1268 besessea
1545 1210 1635 1283 bube,·
1673 1227 1701 1270 es
1729 1212 1840 1271 sciunt
1869 1212 1970 1285 duic,
2005 1214 2074 1275 dass
2103 1215 2155 1275 der

603 1310 806 1370 Reiebeacuer
826 1310 971 1370 Fbtseber
997 1312 1046 1369 eia
1067 1310 1191 1384 Diplom
1212 1312 1306 1371 Karia
1329 1312 1389 1372 III
1412 1310 1470 1384 for
1496 1315 1560 1373 sein
1588 1316 1702 1389 ripense
1724 1314 1855 1388 Kloster,
1884 1316 1939 1377 dos
1960 1336 2016 1377 sou
2044 1317 2154 1379 diesem

603 1414 767 1473 Herreeber
792 1416 848 1472 mit
881 1414 1044 1474 Urbanden
1071 1414 1150 1473 reicis
1179 1414 1301 1475 beduebt
1326 1417 1439 1488 warde,
1469 1415 1525 1489 sor
1552 1420 1618 1478 seia
1639 1416 1809 1479 Muebwerb
1836 1422 2023 1483 vcwedde.
2068 1422 2155 1484 Aucb

604 1518 683 1577 disse
704 1518 877 1590 nuseium
898 1519 938 1578 iet
960 1519 1016 1577 wie
1036 1523 1071 1577 πο
1084 1521 1151 1579 222
1172 1520 1214 1577 im
1236 1520 1418 1593 Kerapteaer
1441 1520 1605 1582 Gloriatur
1626 1522 1688 1595 fle
1710 1525 1933 1600 melipetrupea.
1961 1559 2004 1571 -
2031 1528 2154 1603 Voriupe

604 1624 652 1682 die
673 1623 879 1683 Reiebeauuer
897 1623 1149 1697 oblectemus
1172 1622 1237 1682 dea
1260 1629 1358 1684 ersten
1382 1625 1490 1685 Viertel
1512 1626 1562 1687 des
1585 1630 1636 1687 12.
1654 1627 1706 1687 Jb.
1729 1634 1764 1686 a⁰
1777 1631 1851 1700 282,
1876 1628 1964 1689 daea
1994 1631 2152 1703 Wortluut,

604 1727 766 1799 uberdiaps
793 1727 887 1786 durcb
908 1726 1137 1802 Aueluassmpea
1165 1726 1232 1788 aad
1256 1731 1332 1789 swei
1361 1729 1492 1790 meotes
1520 1729 1578 1803 for
1604 1730 1755 1807 Kemptea
1780 1732 1936 1793 bmcsdem
1964 1737 2152 1809 repetente,

605 1833 660 1889 mit
683 1832 799 1903 etiamen
819 1830 1040 1905 Umstelicnpea
1061 1833 1128 1892 bier
1148 1833 1318 1894 wiederbolt
1339 1835 1388 1893 iet.
1426 1834 1498 1895 Nur
1518 1834 1691 1895 [avocation
1712 1836 1776 1894 aad
1797 1854 1869 1895 eum
1893 1836 1979 1897 naeu
2007 1838 2060 1898 der
2091 1856 2153 1899 oer-

605 1934 705 1993 derbte
730 1935 806 1994 Titei
828 1937 944 2006 wesen,
968 1937 1154 1996 obweicbend
1175 1956 1232 1997 uors
1252 1940 1375 2009 92282,
1398 1937 1461 2009 auf
1478 1940 1659 2013 Beaotrunp
1681 1942 1763 1999 einer
1785 1940 1884 1999 mbtea
1905 1941 2155 2003 Kuieerurbcude

604 2039 698 2098 Karta
713 2040 741 2100 d.
763 2039 828 2111 tir,
851 2040 993 2099 abberad
1007 2042 1043 2099 ia
1064 2040 1118 2100 der
1136 2042 1260 2116 Vorlope
1278 2048 1313 2101 a⁰
1325 2046 1393 2103 282
1414 2044 1469 2102 wie
1490 2044 1524 2102 ia
1544 2048 1579 2102 πο
1591 2044 1656 2104 222
1679 2044 1756 2103 autb
1771 2043 1851 2103 diese
1872 2044 1977 2104 beiden
1991 2046 2154 2107 Psototuli-

605 2142 692 2202 tbeile
706 2160 764 2203 aaa
779 2144 833 2203 der
852 2144 996 2204 Urtuade
1011 2145 1104 2204 Karta
1119 2145 1181 2204 ΙΙΙ
1188 2150 1344 2208 stammea.
1373 2146 1466 2206 Ueber
1480 2145 1527 2205 die
1539 2147 1694 2220 Dotiruup
1709 2147 1764 2221 opl.
1780 2152 1814 2207 πθ
1827 2148 1901 2210 222.
1926 2148 2080 2209 Nucbweis
2102 2150 2155 2210 der

606 2248 780 2323 nescirem
800 2266 858 2307 voa
871 2249 1006 2308 Leebner
1026 2250 1061 2307 ia
1075 2250 1308 2325 Mittbeilaapen
1323 2250 1375 2311 des
1389 2250 1531 2311 Instituta
1555 2248 1578 2323 f.
1596 2256 1649 2313 ost.
1670 2250 1737 2313 OF.
1752 2254 1807 2323 21,
1823 2255 1874 2323 41,
1899 2256 1942 2312 72
1962 2253 2019 2327 opt.
2036 2254 2156 2314 Brundi

606 2354 666 2413 Die
688 2351 894 2413 Reiebenacer
921 2352 1284 2430 Urtcndensblseiunpea
1306 2359 1379 2416 110.

607 2566 664 2642 (O.)
686 2561 700 2646 ξ
721 2562 761 2626 In
776 2562 907 2626 nomine
930 2562 1034 2647 patris
1050 2570 1084 2626 et
1097 2560 1155 2627 filii
1173 2570 1206 2626 et
1229 2562 1366 2647 spiritus
1384 2563 1500 2628 sancti.
1526 2562 1673 2627 Karolus
1688 2584 1710 2627 a
1726 2562 1788 2628 deo
1805 2562 1978 2629 ordinatus
1993 2573 2154 2651 augustus

505 2690 645 2753 magnus
668 2666 828 2751 pacificus
850 2666 1031 2752 imperator
1051 2666 1275 2731 Romanorum
1298 2665 1490 2751 gubernans
1513 2667 1695 2751 imperium.
1800 2682 1932 2744 Quoniam
1951 2683 2098 2749 principem
2123 2676 2155 2733 et

505 2787 671 2838 defensorem
694 2785 867 2836 ecclesiarum
889 2800 939 2835 nos
967 2785 1031 2835 tecit
1053 2783 1184 2848 dominus,
1217 2800 1251 2835 ne
1274 2786 1332 2835 eius
1353 2787 1452 2851 ingrati
1481 2800 1539 2836 esse
1562 2785 1700 2837 videamur
1721 2786 1815 2851 gratie,
1849 2787 1987 2837 servitium
2010 2788 2068 2838 eius
2090 2802 2154 2854 aug-

501 2896 628 2955 mentare,
651 2890 779 2941 ecclesias
801 2889 989 2953 multiplicare,
1013 2895 1112 2959 snper
1134 2889 1203 2940 bene
1226 2893 1252 2939 et
1275 2895 1407 2953 oportune
1429 2874 1571 2959 inceptis
1593 2870 1607 2954 ξ
1630 2883 1663 2939 ei
1685 2891 1854 2954 constructis,
1880 2898 1921 2939 ile
1944 2874 2086 2961 posthoc
2110 2892 2154 2943 de·

445 3002 479 3049 io
501 3003 648 3059 struantur,
670 3002 730 3044 nos
753 2997 858 3059 oportet
879 2976 1064 3061 invigilare.
1098 2993 1200 3043 iccirco
1223 2997 1316 3042 notum
1339 2994 1374 3042 sit
1397 2994 1521 3043 omnibus
1543 2991 1669 3043 fidelibus
1691 2996 1790 3044 nostris
1811 2996 1981 3059 presentibus
2003 2996 2105 3047 scilicet
2129 3002 2155 3047 et

501 3101 607 3163 futuris,
636 3098 750 3164 qualiter
772 3115 789 3147 e
811 3113 860 3146 nos
888 3096 1028 3146 audientes
1050 3100 1077 3147 et
1105 3098 1236 3147 veraciter
1258 3090 1500 3166 cognoscentes
1528 3097 1670 3163 plerosque
1693 3114 1792 3161 eorum,
1821 3101 1866 3165 qui
1896 3100 2068 3151 ecclesiarum
2092 3118 2153 3151 con-

501 3208 650 3255 stituuntur
672 3203 806 3265 advocati,
835 3201 926 3252 debita
947 3205 1081 3267 potestate
1103 3202 1131 3249 in
1154 3204 1259 3250 tantum
1280 3201 1365 3261 abuti,
1393 3206 1433 3263 ut,
1461 3202 1508 3266 qui
1531 3201 1659 3253 deberent
1680 3196 1759 3253 esse⁸
1780 3202 1893 3254 modesti
1915 3204 2076 3269 defensores,
2108 3206 2154 3255 im·

501 3311 632 3376 pudenter
655 3310 742 3359 effecti
764 3310 819 3357 sint
839 3322 949 3373 rapaces
971 3310 1000 3357 st
1019 3307 1143 3356 iniuriosi
1166 3312 1311 3369 exactores,
1334 3324 1351 3356 e
1373 3306 1475 3371 placuit
1498 3312 1587 3372 nostre
1610 3305 1777 3372 providentie
1800 3308 1828 3356 in
1850 3290 2034 3377 Audogerii
2058 3315 2153 3358 vene·

501 3398 597 3464 randi
621 3414 727 3463 abbatis
750 3395 1025 3481 campidonensis
1047 3396 1238 3459 monasterii
1262 3427 1426 3477 suorumque
1441 3426 1624 3462 successorum
1648 3417 1675 3462 st
1689 3413 1800 3461 fratrum
1823 3411 1949 3463 videlicet
1964 3412 2153 3462 monachorum

446 3518 480 3567 25
502 3518 554 3568 hoc
569 3516 760 3583 perpetualiter
781 3519 914 3581 potestate
929 3530 1037 3580 ponere,
1060 3520 1091 3564 ut
1106 3515 1256 3579 sapientum
1281 3516 1322 3564 usi
1338 3515 1458 3565 consiliis
1482 3518 1576 3581 exeis,
1600 3531 1667 3581 quos
1691 3517 1760 3566 inter
1781 3520 1904 3580 potentes
1927 3516 2011 3567 seculi
2031 3519 2155 3567 noverint

502 3638 560 3673 esse
576 3622 701 3687 equitatis
724 3626 751 3670 et
765 3619 893 3686 modestiq
909 3620 1078 3682 amantiores,
1101 3618 1203 3685 eligant
1224 3620 1280 3668 suis
1302 3624 1475 3684 conpetenter
1489 3620 1556 3670 locis
1579 3620 1724 3670 advocatos
1747 3626 1774 3670 et
1796 3620 1956 3683 defensores,
1980 3607 2035 3691 qui
2058 3605 2154 3672 nobis

501 3713 608 3799 parati
626 3713 691 3775 sint
707 3711 829 3776 servire
852 3719 885 3773 et
899 3729 960 3795 pro
975 3709 1050 3793 ipso
1066 3706 1190 3773 abbate
1213 3709 1246 3772 iu
1262 3706 1390 3773 hostem
1406 3708 1581 3774 nobiscum
1596 3729 1743 3796 pergere.
1772 3707 1838 3774 Sed
1853 3708 1971 3789 nullus¹
1985 3707 2153 3775 hominum

502 3833 554 3881 sibi
577 3832 646 3882 hane
668 3836 805 3880 oausam
829 3829 872 3879 vel
894 3833 1053 3893 potestatem
1075 3833 1212 3894 presumat
1234 3828 1376 3879 vendicare
1398 3829 1442 3879 vel
1465 3830 1542 3895 quasi
1564 3827 1752 3879 hereditariam
1775 3832 1823 3877 aut
1845 3828 1935 3894 aliquo
1957 3830 2016 3879 iure
2038 3828 2154 3879 debitam

502 3935 638 3997 invadere,
660 3935 713 3984 nisi
735 3950 812 3999 quem
836 3933 942 3982 abbatis
965 3937 992 3982 et
1013 3932 1203 3983 monachorum
1227 3932 1351 3982 consulta
1373 3933 1564 3998 approbatiora
1580 3932 1664 3981 veiint
1686 3930 1833 3994 admittere,
1857 3948 1888 3982 eo
1905 3937 1993 3981 tamen
2016 3937 2155 3984 tenorent

447 4040 481 4089 eo
503 4032 580 4110 post
602 4037 757 4089 fidelitatem
771 4023 862 4107 regio
886 4022 957 4086 iure
972 4037 1050 4086 nobis
1072 4022 1260 4107 nostrisque
1276 4020 1527 4086 successoribus
1550 4036 1647 4086 factam
1662 4036 1755 4086 abbati
1779 4021 1842 4085 tria
1865 4040 2032 4087 sacramenta
2053 4022 2153 4087 iuret:

503 4129 656 4214 primum,
691 4141 762 4208 quod
785 4140 932 4192 secundum
959 4157 1038 4206 posse
1061 4147 1089 4191 et
1116 4156 1195 4191 nosse
1218 4142 1305 4190 iustus
1332 4155 1365 4191 ac
1387 4140 1462 4191 utilis
1492 4140 1639 4191 advocatus
1662 4157 1678 4188 a
1700 4141 1728 4189 in
1751 4155 1793 4189 res
1816 4145 1843 4189 et
1864 4140 1985 4190 homines
2015 4124 2153 4210 predicti

503 4230 695 4297 monasterii
720 4230 859 4306 existat3
899 4228 1090 4305 seeundum,
1120 4244 1201 4310 quod,
1228 4244 1357 4311 quicquid
1379 4244 1534 4310 placitando
1557 4245 1720 4310 acquisierit,
1750 4246 1830 4294 tertia
1852 4238 1982 4294 tontum
2003 4248 2079 4311 parte
2102 4245 2154 4295 sihi

503 4356 607 4402 retenta
635 4350 702 4399 duas
726 4349 817 4399 abbati
845 4348 940 4398 reddat
962 4354 990 4398 et
1010 4348 1114 4398 nullum
1142 4348 1301 4399 advocatum
1325 4349 1368 4400 vel
1398 4355 1549 4401 exactorem
1571 4355 1660 4416 preter
1681 4366 1710 4400 ae
1732 4351 1790 4400 sine
1813 4350 1919 4400 abbatis
1941 4352 2116 4415 permissione
2138 4367 2155 4399 e

502 4457 665 4519 constituat3
688 4439 830 4520 tertium,
854 4453 926 4519 quod
948 4453 1030 4502 nichil
1052 4455 1151 4519 privati
1174 4455 1291 4504 muneris
1312 4454 1355 4504 vel
1379 4456 1485 4505 servicii
1508 4470 1525 4505 a
1546 4454 1668 4521 quolibet
1690 4454 1749 4504 loco
1771 4455 1828 4505 aive
1852 4459 1926 4505 curte
1949 4470 1997 4504 seu
2019 4468 2036 4503 a
2058 4453 2151 4505 cellae-

450 4563 482 4610 ob
504 4563 583 4611 rariis
609 4560 686 4626 quasi
717 4575 749 4610 ex
778 4558 868 4609 debito
899 4563 926 4608 et
953 4563 1053 4609 statuto
1076 4576 1092 4608 s
1121 4560 1180 4609 iure
1203 4560 1293 4626 exigat
1320 4574 1352 4609 ac
1374 4561 1526 4611 mansiones
1555 4564 1581 4610 et
1609 4559 1824 4624 pernoctationes
1852 4559 1957 4623 uspiam
1985 4559 2153 4625 frequentare

504 4671 607 4716 caveat.
630 4680 646 4712 a
661 4662 776 4725 Quando
799 4655 908 4712 eutem
932 4646 1030 4712 huius
1047 4664 1179 4713 commissi
1201 4644 1441 4729 [praevaricatorib
1464 4666 1491 4713 in
1507 4664 1587 4714 rebus
1603 4663 1647 4714 vel
1662 4663 1823 4727 hominibus,
1847 4662 1919 4727 quod
1934 4662 2015 4728 vulgo
2031 4661 2154 4712 belmunt

505 4770 611 4826 dicitur,
640 4769 780 4829 exstiterit,
814 4768 904 4816 statim
930 4760 963 4815 ei
991 4769 1049 4817 sine
1074 4783 1149 4816 mora
1177 4772 1204 4818 et
1231 4769 1289 4818 siue
1315 4767 1470 4838 preluditio
1493 4785 1516 4831 a,
1550 4768 1602 4817 nisi
1631 4768 1684 4816 cito
1715 4766 1864 4831 resipuerit,
1892 4764 2033 4815 advocatia
2054 4781 2071 4813 a
2093 4781 2154 4814 curn

505 4874 629 4924 omnibus
652 4872 797 4923 commodis
819 4872 877 4922 sine
900 4887 947 4936 spe
969 4872 1179 4935 recuperationis
1203 4872 1312 4921 carebit.
1344 4890 1363 4921 s
1391 4872 1434 4922 Ad
1457 4886 1673 4937 unumquemque
1695 4875 1774 4920 vero
1796 4870 1893 4933 locum,
1927 4875 2025 4941 quem
2047 4852 2153 4919 abbas

505 4962 549 5027 ad
571 4977 755 5042 placitandum
778 4958 990 5043 ordinaverit,
1020 4981 1093 5024 cum
1118 4958 1291 5025 duodecim
1314 4961 1393 5025 viris
1418 4970 1450 5025 et
1472 4960 1612 5027 totidem
1635 4963 1729 5047 equis
1752 4975 1899 5025 advocatus
1921 4973 2003 5024 semel
2024 4967 2154 5023 tantum

450 5085 483 5132 40
505 5083 535 5131 in
557 5096 636 5143 anno,
663 5067 727 5130 uisi
752 5087 811 5152 pro
840 5063 952 5151 aliqua
973 5065 1175 5129 necessitate
1202 5063 1246 5129 ab
1269 5063 1392 5131 abbate
1416 5066 1527 5151 sepius
1555 5064 1745 5147 advocetur,
1781 5065 1982 5149 suscipiatur
2008 5086 2049 5128 ac
2076 5071 2153 5127 tuno

506 5192 566 5257 pro
589 5180 675 5255 terre
699 5170 860 5256 qualitate
883 5177 993 5255 preter
1014 5170 1137 5249 viuum,
1162 5167 1321 5254 quodibi
1344 5177 1394 5233 est
1408 5190 1531 5251 rarum,
1555 5167 1692 5233 honeste
1708 5177 1916 5255 procuretur;
1943 5166 2028 5232 inira
2044 5166 2154 5233 locum

506 5286 618 5343 eutem
633 5276 930 5363 campidonensem
953 5290 1056 5340 nullum
1072 5289 1200 5354 placitum
1221 5272 1286 5336 nisi
1301 5281 1419 5356 rogatu
1443 5281 1476 5337 et
1491 5286 1630 5337 voluntate
1653 5287 1759 5337 abbatie
1779 5302 1896 5353 unquam
1918 5291 2027 5349 statuat,
2051 5284 2154 5335 nullum

506 5382 653 5447 eiusdem
675 5396 771 5446 domus
794 5394 837 5445 dei
860 5397 1019 5445 servientem
1042 5395 1100 5444 sine
1122 5392 1220 5442 abbate
1243 5390 1286 5441 vel
1308 5392 1393 5455 ipsius
1417 5406 1548 5443 consensu
1564 5391 1598 5441 ad
1621 5391 1746 5441 iuditium
1761 5396 1848 5457 cogat,
1871 5390 1974 5441 nullum
1998 5389 2030 5440 de
2053 5387 2156 5439 familia

505 5504 563 5553 sine
578 5503 649 5551 iusta
671 5502 804 5551 sociorum
822 5517 837 5549 s
858 5499 1050 5550 deliberatione
1065 5498 1173 5547 damnet
1195 5494 1238 5544 vel
1253 5487 1420 5545 coherceat⁶.
1448 5512 1464 5544 a
1486 5494 1522 5544 Et
1538 5499 1569 5544 ut
1591 5496 1640 5547 hee
1655 5493 1756 5545 firmius
1779 5493 1921 5545 credantur
1943 5488 1977 5543 et
1999 5493 2154 5559 diligentius

450 5606 483 5655 ib
506 5610 707 5669 conserventur,
729 5620 810 5657 manu
833 5605 941 5668 propria
964 5604 1055 5654 subter
1077 5601 1241 5651 firmavimus
1264 5606 1291 5650 et
1313 5598 1393 5651 anulo
1417 5604 1507 5651 nostro
1530 5618 1546 5649 e
1569 5601 1691 5665 insigniri
1715 5600 1850 5649 iussimus.

608 5746 623 5827 ἒ
645 5762 755 5829 Signum
779 5763 868 5812 domni
893 5762 987 5812 Karoli
1011 5744 1077 5829 (Μ.)
1100 5744 1215 5829 magni
1238 5760 1406 5825 imperatoris
1430 5758 1544 5827 augusti.
1567 5737 1581 5820 ii

582 5951 642 6008 Μ.
660 5954 687 6020 a)
704 5968 780 6076 epssp
797 5952 833 6015 A,
851 5950 949 6007 ebenso
967 5952 999 6007 Z.
1017 5954 1055 6005 26
1157 5953 1186 6019 b)
1214 5956 1329 6022 npbeut
1347 5966 1401 6004 aas
1423 5950 1473 6004 der
1496 5949 1614 6018 Vortupe
1632 5960 1664 6001 nv
1678 5950 1737 6002 282
1832 5947 1857 6013 o)
1883 5945 1987 5999 hober
2011 5944 2061 5997 der
2077 5942 2154 6019 ¹Zetis

659 6038 714 6077 auc
732 6038 765 6091 pe
779 6037 874 6092 rupea.
1290 6035 1292 6038 ·

1949 6118 1999 6169 38*
