5642 7159
1110 745 1230 805 Khltb
1254 744 1340 804 DEB
1362 743 1531 804 GROSSE
1554 738 1626 804 809.
2125 736 2190 802 4l3

540 956 681 1020 cumque
703 931 958 1020 imperatoribus
980 954 1039 998 seu
1061 932 1125 1018 piis
1149 931 1335 999 hominibus
1358 931 1531 1019 donamus,
1563 929 1784 1014 concedimus,
1818 929 2062 998 confirmamus.
2105 926 2190 994 Item

542 1038 703 1104 donamus
735 1035 916 1103 venerabili
950 1035 1201 1122 archiepiscopo
1232 1036 1328 1101 Petro
1359 1044 1392 1100 et
1427 1034 1674 1100 successoribus
1708 1034 1778 1100 eius
1811 1034 1957 1120 legitime
1989 1031 2188 1102 intrantibus

541 1144 660 1226 omnia,
696 1164 781 1228 quae
804 1151 925 1207 vocata
954 1153 1031 1206 sunt
1060 1140 1197 1214 fiscalia,
1232 1139 1392 1205 comitilia
1423 1147 1480 1204 aut
1502 1138 1744 1225 vicecomitilia,
1779 1161 1862 1224 quae
1892 1139 2003 1225 posita
2031 1147 2108 1204 sunt
2130 1149 2188 1205 aut

542 1257 733 1314 constructa
763 1249 798 1314 in
828 1246 986 1313 comitatu
1008 1244 1188 1312 Mediolani
1219 1255 1287 1309 tam
1320 1248 1408 1311 intus
1440 1265 1539 1329 quam
1571 1245 1652 1310 foris
1686 1247 1719 1310 iu
1749 1245 1890 1310 circuitu
1912 1265 2015 1330 usque
2038 1242 2187 1310 adfines

501 1367 518 1416 o
541 1352 728 1438 praedictos
752 1374 841 1436 suos,
866 1353 913 1417 ita
935 1359 973 1417 ut
993 1348 1193 1416 venerabilis
1215 1349 1331 1415 Petrus
1348 1349 1515 1416 Oldradus
1539 1347 1807 1435 archiepiscopus
1831 1356 1864 1413 et
1887 1368 2094 1413 successores
2117 1349 2187 1412 eius

538 1455 683 1541 legitime
705 1456 867 1522 intrantes
883 1464 1081 1540 potestatem
1098 1454 1166 1520 illic
1182 1453 1327 1520 babeant
1348 1475 1408 1540 per
1425 1475 1460 1518 se
1476 1462 1534 1520 aut
1548 1476 1607 1539 per
1621 1454 1740 1518 missos
1757 1474 1834 1518 suos
1855 1451 2032 1535 iudicandi,
2057 1451 2184 1518 distrin-

538 1559 647 1645 gendi,
671 1560 828 1646 placitum
852 1560 994 1642 tenendi,
1017 1561 1089 1625 iura
1105 1558 1240 1643 ligandi,
1262 1560 1336 1624 iura
1358 1555 1510 1623 solvendi
1525 1568 1558 1622 et
1580 1556 1740 1644 quidquid
1761 1578 1873 1622 eorum
1896 1555 2021 1622 utilitas
2044 1566 2077 1622 et
2099 1578 2186 1622 oom-

538 1664 673 1731 modnm
695 1660 827 1731 tulerit⁶
855 1664 1010 1745 faciendi,
1035 1663 1078 1730 ad
1100 1666 1336 1730 incrementum
1359 1670 1393 1727 et
1414 1661 1572 1728 honorem
1594 1662 1699 1747 ipsius
1722 1670 1857 1726 sanctae
1880 1659 2039 1727 ecclesiae
2062 1659 2185 1726 Medio·

538 1768 683 1836 lanensis
706 1774 740 1835 in
763 1777 958 1855 perpetuum
980 1768 1168 1835 duraturae.
1215 1767 1460 1852 Praecipientes
1482 1767 1584 1850 igitur
1605 1764 1766 1847 iubemus,
1794 1776 1830 1830 ut
1852 1764 1961 1831 nullus
1983 1773 2095 1830 noster
2117 1763 2186 1830 dux

484 1888 517 1936 10
539 1872 686 1938 marchio
717 1894 828 1938 comes
851 1874 1035 1939 vicecomes
1066 1871 1231 1937 sculdasio
1262 1871 1445 1957 gastaldius
1477 1879 1711 1956 procuratorve
1733 1868 1819 1935 ullus
1849 1869 1936 1934 hanc
1960 1878 2109 1935 sanctam
2132 1869 2186 1934 dei

536 1975 713 2043 ecclesiam
735 1977 896 2063 inquietet
915 1987 973 2042 aut
994 1975 1271 2041 mansionaticum
1292 1976 1405 2058 saciat,
1428 1973 1597 2040 toloneum
1621 1974 1803 2040 districtum
1826 1973 1983 2061 placitum
2005 1983 2063 2039 aut
2086 1973 2185 2040 aliam

538 2079 720 2165 quamlibet
734 2078 901 2166 publicam
924 2082 1127 2147 functionem
1142 2081 1269 2166 exigat.
1292 2079 1351 2146 Sin
1365 2082 1483 2156 minus,
1509 2081 1592 2145 sciat
1608 2103 1643 2146 se
1667 2079 1849 2146 soluturum
1864 2081 1936 2145 auri
1952 2079 2065 2164 optimi
2082 2077 2184 2144 libras

538 2183 725 2268 ducentum,
748 2197 879 2251 centum
893 2187 975 2252 fisco
998 2196 1111 2252 nostro
1134 2195 1167 2250 et
1181 2197 1313 2251 centum
1336 2186 1400 2270 ipsi
1415 2183 1676 2270 archiepiscopo.
1709 2183 1808 2266 Quod
1830 2193 1865 2250 ut
1880 2185 1988 2249 verius
2011 2182 2185 2248 credatur·

536 2299 570 2354 et
592 2289 780 2375 diligentius
803 2289 1006 2376 observetur,
1028 2313 1130 2357 manu
1153 2291 1287 2376 propria
1309 2287 1505 2355 roborantes
1528 2287 1641 2354 annuli
1664 2289 1768 2355 nostri
1790 2289 2007 2374 impressione
2029 2287 2184 2352 iussimus

483 2406 515 2457 tt
537 2393 684 2479 insigniri
708 2402 741 2459 et
763 2393 977 2461 convalidari.

639 2533 716 2599 Dat.
740 2533 911 2601 Dertonae
933 2534 1001 2600 hal.
1025 2536 1104 2600 maii
1133 2535 1211 2601 anni
1234 2535 1475 2600 incarnationis
1502 2533 1625 2600 domini
1652 2535 1755 2599 nostri
1785 2533 1860 2610 Iesu
1884 2530 2005 2598 Christi
2029 2527 2184 2616 Decclx¹,

535 2636 715 2702 indictione
738 2656 788 2722 111,
812 2639 939 2725 imperii
963 2647 1073 2705 autem
1097 2638 1201 2704 nostri
1224 2659 1311 2703 anno
1334 2655 1382 2713 lu,
1405 2659 1581 2723 regnorum
1604 2659 1685 2704 vero
1708 2646 1895 2703 nostrorum
1917 2653 2056 2701 xxxxn.

639 2759 811 2844 Longinus
834 2759 1053 2827 cancellarius
1077 2761 1228 2827 advicom
1251 2758 1379 2826 Odonis
1403 2761 1551 2847 episcopi
1575 2768 1607 2826 et
1630 2759 1911 2826 archicancellarii
1935 2760 2058 2826 domini
2080 2760 2184 2825 nostri

535 2860 647 2929 Caroli
670 2865 781 2949 magni
805 2873 838 2930 et
859 2865 1068 2931 invictissimi
1091 2867 1300 2950 imperatoris
1325 2887 1453 2951 semper
1476 2865 1608 2949 augusti
1630 2865 1746 2949 rogavi
1769 2873 1802 2929 et
1824 2863 2013 2948 subscripsi.

479 3188 514 3236 ao
1320 3159 1407 3234 278.

1268 3303 1450 3382 (Uaccbt.)

535 3441 630 3514 Korl
656 3444 720 3515 ἄεν
751 3442 879 3516 Grossc
911 3444 1050 3517 scbcnkt
1083 3445 1150 3516 deu
1177 3443 1352 3516 Μόνεᾶενε
1384 3468 1450 3516 ooo
1478 3445 1535 3516 St.
1570 3423 1651 3516 Vol
1658 3467 1703 3515 cr
1708 3469 1732 3536 y
1766 3444 1844 3516 ἄνεί
1878 3443 1993 3515 Villae
2019 3444 2068 3514 im
2101 3441 2183 3515 Gau

540 3562 695 3635 Vidmou
728 3565 802 3635 aad
837 3565 981 3637 ocrleilrt
1014 3563 1321 3656 Adpobensrcilrcit
1352 3564 1417 3654 fttr
1449 3568 1517 3638 ἄενι
1544 3565 1690 3639 Hoadal
1716 3567 1755 3638 iu
1781 3567 1958 3640 Francico
1993 3568 2069 3638 aad
2095 3566 2182 3638 uach

532 3683 712 3776 Eupalami,
739 3683 954 3773 Schottloud,
981 3685 1210 3779 Aquitanica,
1237 3687 1491 3774 Deutsclrlond,
1518 3686 1651 3761 letand
1676 3690 1752 3760 aad
1778 3689 1982 3781 Norwepcu.

477 3835 511 3883 au
1791 3829 1913 3889 Aoobca
1935 3832 1996 3890 809
2022 3861 2061 3873 -
2086 3862 2137 3891 —.

633 4011 798 4072 Notaricllc
812 4013 969 4086 Abscluist
992 4032 1048 4075 oon
1062 4018 1148 4076 1633
1164 4015 1247 4077 Jant
1262 4020 1281 4076 4
1305 4018 1339 4077 ia
1356 4015 1427 4079 Uolt.
1443 4017 1584 4077 Picurdic
1600 4020 1642 4078 68
1665 4015 1689 4090 f.
1706 4020 1770 4078 245
1793 4023 1829 4076 n⁰
1843 4019 1884 4079 15
1907 4020 1941 4077 ia
1956 4019 2009 4079 der
2024 4018 2180 4079 Nationol·

633 4117 791 4177 bibliothelr
812 4136 853 4178 aa
875 4119 966 4179 Paris
991 4118 1055 4198 (B).

639 4240 836 4313 Uapcdraclct.
861 4274 903 4284 —
925 4243 1034 4316 Repest
1049 4241 1281 4318 Mittlrcilanpca
1304 4243 1355 4304 des
1371 4245 1514 4304 Instituta
1539 4242 1562 4314 f.
1579 4248 1633 4305 ost.
1654 4245 1720 4306 GF.
1737 4248 1789 4317 16,
1804 4249 1870 4308 219
1891 4251 1925 4304 νο
1938 4247 1991 4307 15.
2015 4279 2056 4290 -
2080 4247 2180 4305 Mulel-

633 4344 738 4403 boclrcr
758 4345 832 4418 Rea.
857 4347 929 4406 447.
2030 4347 2034 4352 ’

636 4465 695 4526 Die
709 4464 875 4541 Absctrift
899 4469 954 4528 wie
976 4470 1024 4530 dic
1045 4470 1203 4531 notariellc
1217 4470 1446 4545 Bcplaabipanp
1468 4473 1576 4547 besapt,
1598 4471 1739 4547 pefcrtipt
1762 4475 1792 4546 ,ἄ
1813 4490 1867 4534 eoa
1882 4474 2012 4548 oripiaol
2027 4478 2123 4534 estant
2145 4492 2182 4534 en

633 4574 807 4646 parchemin
821 4577 891 4634 cain
906 4580 933 4635 et
947 4579 1062 4650 eatier‘,
1082 4578 1147 4652 pior
1162 4578 1239 4636 auch
1253 4595 1302 4637 um
1318 4577 1440 4638 Sohtass
1455 4579 1520 4637 cine
1535 4579 1603 4637 roba
1617 4578 1868 4653 Nochaciclmunp
1890 4579 1940 4639 des
1957 4579 2076 4654 Structo,
2100 4581 2182 4639 einer

634 4676 736 4735 ovolen
761 4676 890 4751 Gemma,
915 4681 1012 4741 Basse
1034 4699 1071 4740 ea
1087 4681 1181 4755 profit
1201 4682 1278 4739 noch
1300 4682 1379 4742 linlrs
1398 4682 1548 4756 ycwandt,
1578 4682 1642 4742 also
1664 4683 1908 4758 mopliclrcrroeisc
1929 4683 2181 4758 Naclrreicbnanp

632 4781 712 4839 eines
734 4782 834 4840 rohten
849 4783 959 4857 Siepels
975 4784 1069 4846 Korla
1085 4786 1114 4845 ἄ.
1135 4784 1199 4857 ἄν,
1224 4786 1296 4845 aber
1317 4788 1372 4845 mit
1394 4786 1449 4846 ἄεν
1470 4786 1675 4861 unnroplr'cbcu
1696 4786 1860 4860 Umsclrrr'ft
1883 4788 2007 4849 Karolus
2022 4789 2068 4849 dei
2084 4789 2181 4865 gratia

633 4898 691 4943 ror.
716 4916 756 4927 —
783 4882 865 4943 Olmc
880 4886 951 4958 jede
972 4888 1050 4946 echte
1069 4887 1209 4963 Vortuqcr
1231 4890 1281 4948 dic
1302 4889 1437 4964 durftiye
1456 4890 1626 4951 Gcscbichtc
1647 4891 1697 4952 des
1713 4892 1849 4952 Klostcrs
1871 4893 1914 4954 st.
1934 4893 2049 4968 Vetera,
2078 4893 2181 4955 Gallia

632 4986 733 5047 christ.
749 4991 780 5049 2.
797 4988 842 5048 cd.
859 4993 910 5060 10,
927 4993 1011 5051 1231
1029 4991 1064 5064 f„
1087 4995 1181 5067 crpibt
1195 4995 1282 5054 keinc
1297 4995 1538 5069 Acholtsparrlrtc
1558 5013 1617 5054 rur
1631 4994 1829 5070 Feststcllunp
1852 4997 1904 5057 ἄεν
1918 4998 2179 5073 Entstcbunpsreit

632 5090 687 5147 ἄεν
707 5090 895 5166 Fulschan95
929 5093 978 5152 dic
1003 5093 1182 5156 Ortsaumca
1202 5099 1303 5172 reiron
1317 5098 1739 5174 jrtapcrc'Nameasformcm
1766 5120 1828 5160 aar
1850 5102 1904 5162 ἄεν
1930 5104 2085 5176 Umstaad,
2109 5105 2179 5165 dass

632 5194 818 5267 Aquitanica
839 5195 885 5255 als
907 5197 989 5256 nicht
1009 5216 1068 5258 aar
1088 5200 1190 5259 Krene
1211 5201 1409 5279 Frunkreiclrs
1429 5205 1579 5278 paldriaco
1602 5204 1693 5264 Laud
1715 5206 1878 5265 bessichact
1900 5209 1985 5278 wird,
2009 5207 2115 5280 darftc
2135 5211 2180 5268 sic

632 5298 665 5355 ia
693 5297 747 5357 dae
769 5299 956 5373 Mittelaltcr,
991 5301 1039 5361 dic
1063 5302 1139 5375 Ζεᾶ,
1173 5303 1214 5363 du
1236 5306 1422 5379 Aquitanica
1444 5308 1486 5366 im
1508 5308 1612 5368 Besitr
1635 5309 1688 5368 der
1709 5309 1884 5384 Errplumlcr
1905 5329 1978 5381 war,
2012 5314 2179 5375 marisca.

634 5484 672 5549 ln
696 5486 825 5552 nomine
842 5498 978 5555 sanctae
994 5498 1027 5555 et
1042 5491 1245 5576 individ[uae
1260 5493 1461 5578 triniltatis⁸.
1490 5496 1635 5562 Karolus
1652 5497 1765 5563 divina
1780 5499 1982 5586 propitiante
1998 5501 2178 5567 clemencia

476 5603 511 5651 νο
533 5610 593 5653 rex
616 5588 820 5656 Francorum
844 5592 996 5658 omnibus
1012 5592 1133 5660 Christi
1155 5596 1308 5664 fidelibus
1331 5600 1562 5685 praesentibus
1586 5612 1619 5666 et
1640 5602 1757 5668 futuris
1780 5607 1971 5669 memoriam
1994 5607 2177 5672 animarum

529 5689 742 5760 habentibus.
837 5694 926 5762 Satis
950 5697 1115 5784 colustatl,
1141 5701 1229 5786 quod
1251 5702 1410 5769 relevatio
1435 5703 1650 5773 ecclesiarum
1673 5715 1724 5772 est
1747 5706 1928 5774 animarum
1946 5709 2047 5776 salus.
2072 5709 2177 5777 Omne

605 5877 1097 5951 277.u)?reroerurausv01ueru
1165 5890 1193 5959 a)
1209 5893 1319 5943 credant
1336 5892 1364 5946 B
1433 5893 1515 5961 1)ῠᾶ
1533 5893 1704 5966 Ripumouti
1721 5895 1775 5954 dus
1793 5897 1867 5954 Jcllr
1885 5899 2013 5952 Dcccx.

604 5984 664 6041 278.
682 5986 1061 6111 :prppphcs'apeltlammrrtca
1079 5993 1259 6049 Barbatubea
1281 5996 1342 6051 bier
1365 5997 1426 6052 aad
1450 5998 1489 6052 im
1512 5999 1661 6070 solprndca
1680 6000 1770 6056 durch
1788 6001 1836 6056 circ
1854 6000 1931 6057 Loclr
1955 6003 1993 6057 im
2011 6005 2177 6090 Perpamcnt
