5642 7159
1196 672 1346 730 PIPPIN
1371 668 1442 730 762.
2102 669 2143 733 23

495 883 556 926 nec
586 882 651 925 non
679 869 711 924 et
739 859 872 924 uxoris⁸
905 857 957 923 vel
986 857 1061 924 filiis
1091 860 1213 923 nostris
1244 857 1432 945 populoque
1466 857 1629 922 catholico
1658 854 1790 923 Christo
1819 858 1973 943 praesule
2002 857 2145 924 debeant

495 964 623 1049 plenius
652 963 776 1028 domini
806 963 1061 1028 misericordiam
1091 984 1239 1027 exorare.
1274 962 1514 1027 Providendum
1539 971 1732 1042 esttamen,
1762 972 1798 1024 ut
1821 962 1897 1026 dum
1922 961 2060 1026 anobis
2084 984 2142 1047 pro

496 1090 607 1132 amore
623 1065 743 1132 Christi
760 1069 853 1152 ipse¹¹
875 1069 1108 1131 monasterium
1127 1088 1146 1129 a
1162 1087 1248 1130 novo
1266 1088 1363 1151 opere
1388 1074 1518 1129 constat
1541 1089 1613 1131 esse
1629 1067 1812 1134 fundatum.
1838 1067 1979 1152 qualiter
2000 1076 2143 1152 pertrac-

496 1181 613 1253 temus,
648 1171 790 1257 qualiter
819 1171 973 1256 deinceps
1003 1169 1191 1234 sacerdotes
1217 1181 1315 1254 atque
1345 1170 1507 1251 monachi,
1544 1171 1598 1255 qui
1629 1170 1751 1236 ibidem
1781 1173 1959 1235 servientes
1995 1171 2143 1250 aderunt,

462 1287 479 1338 o
499 1278 609 1341 vivere
632 1275 682 1340 vel
705 1276 962 1340 consolationem
988 1284 1086 1360 atque
1109 1273 1379 1358 tranquillitatem
1404 1274 1524 1339 babere
1542 1275 1683 1339 debeant
1705 1284 1737 1338 et
1755 1297 1962 1360 nequaquam
1987 1275 2144 1359 dispersis

497 1380 615 1444 ovibus
638 1390 754 1466 pastor
776 1381 932 1459 inveniat,
964 1380 1018 1464 qui
1041 1399 1173 1463 gregem
1199 1386 1316 1441 suurnv
1337 1378 1570 1463 providendow
1593 1379 1688 1444 nobis
1712 1381 1885 1459 commisit,
1917 1379 1976 1443 sed
1999 1378 2144 1443 adunato

498 1486 595 1550 simul
618 1487 766 1570 possint¹
795 1484 856 1550 deo
881 1484 1095 1569 omnipotenti
1119 1482 1171 1547 die
1199 1494 1366 1568 noctuque
1389 1483 1503 1548 laudes
1528 1485 1660 1549 referre.
1696 1484 1822 1548 idcirco
1846 1485 2026 1569 inspirante
2048 1481 2145 1547 nobis

497 1611 640 1674 superna
662 1591 770 1673 gratia
793 1589 955 1653 donamus
978 1588 1101 1672 pariter
1113 1608 1185 1672 -ego
1207 1597 1239 1650 et
1262 1588 1384 1651 coniux
1409 1609 1481 1651 mea
1505 1589 1666 1652 Bertrada
1688 1588 1732 1651 ad
1755 1589 1862 1672 ipsum
1887 1589 2144 1652 sacratissimum

496 1692 615 1766 locum,
641 1716 735 1777 quem
759 1694 791 1757 in
815 1690 939 1755 honore
962 1691 1066 1755 sancti
1085 1690 1267 1754 Salvatoris
1290 1690 1341 1754 vel
1366 1702 1478 1774 sancte
1495 1690 1621 1755 Mariae
1644 1693 1900 1772 construximus,
1924 1713 1977 1756 res
2001 1692 2143 1776 proprie-

444 1805 478 1854 ιο
498 1799 575 1860 tatis
609 1806 742 1860 nostrae
765 1798 797 1860 in
828 1817 913 1882 pago
938 1794 1064 1859 Chares
1089 1793 1175 1858 -villa
1204 1814 1288 1879 quae
1324 1793 1443 1857 dicitur
1473 1794 1763 1880 Rumeruooyme&
1800 1805 1867 1858 tam
1896 1793 1953 1857 illa
1985 1796 2145 1879 portione,

497 1909 613 1986 quem¹
636 1900 676 1963 de
699 1902 846 1984 genitore
869 1919 940 1964 meo
956 1897 1081 1962 Karolo
1107 1897 1182 1960 mibi
1207 1896 1350 1975 advenit,
1375 1920 1473 1982 quam
1490 1907 1523 1962 et
1538 1898 1594 1962 illa
1619 1900 1791 1983 portione·
1813 1901 1916 1984 ipsius
1933 1898 2145 1978 Bertradane,

497 2026 595 2089 quam
619 2006 748 2088 genitor
771 2026 850 2068 suus
873 1999 1089 2067 Heribertns¹³
1114 2003 1141 2064 ei
1159 2003 1191 2064 in
1216 2001 1312 2065 alode
1336 2000 1533 2087 dereliquit⁰,
1557 2025 1631 2068 curn
1655 2004 1855 2090 appenditiis
1878 2004 1931 2070 vel
1954 2005 2042 2070 omni
2065 2005 2146 2068 inte·

496 2110 616 2191 gritate
641 2131 700 2171 soa
724 2115 854 2192 praeter
877 2113 1002 2170 tantum
1028 2105 1201 2198 mancipiis
1225 2104 1274 2168 bis
1299 2104 1518 2171 nominibuslz
1544 2105 1746 2188 Widramuo,
1774 2107 1917 2188 Ainulfo,
1948 2105 2146 2187 Orodoaldo,

499 2209 667 2291 Wanulfo,
699 2209 867 2290 Ghiroino,
892 2206 1122 2289 Chrotramno,
1146 2207 1307 2288 Vulfrido,
1331 2208 1517 2290 Tancrad0‚
1542 2210 1734 2293 Adalberto,
1759 2211 1970 2296 Berenghiso‚
1995 2210 2146 2282 ottrado,

447 2327 481 2377 ιδ
499 2311 717 2392 Madalfredo,
745 2310 946 2383 walafredo,
970 2309 1190 2392 Madalfredo,
1208 2310 1351 2384 Airoino,
1372 2311 1540 2393 Arefredo,
1559 2313 1710 2394 Adaluio,
1732 2313 1926 2396 Winelinde,
1950 2312 2146 2392 Bertelinde,

499 2415 681 2490 Gunberto,
711 2415 900 2497 Harelinde,
927 2414 1079 2480 Aunildo.
1104 2413 1303 2494 Teutharde,
1328 2414 1507 2498 Signfridn,
1531 2417 1658 2498 Ratleo,
1686 2417 1884 2500 Dielodulfo,
1908 2417 2045 2498 Erlulfo‚
2070 2419 2145 2482 item

499 2520 666 2600 Aumulfo,
697 2518 874 2604 Ratgarde,
905 2517 1093 2601 Gerolinde,
1124 2517 1357 2600 Hildoaranee,
1383 2518 1555 2601 Wineade,
1581 2520 1768 2606 Agnarane,
1800 2521 1983 2606 Alpelinde,
2013 2521 2146 2601 Magne·

498 2623 597 2706 linde,
622 2622 815 2690 Gabelinde.
840 2624 933 2688 Haec
949 2625 1049 2708 igitur
1063 2624 1232 2707 mancipia
1255 2623 1425 2707 praedicta
1448 2622 1490 2686 ad
1514 2635 1662 2688 nostrum
1687 2646 1769 2708 opus
1793 2627 1995 2706 retinuimus,
2020 2626 2052 2687 in
2076 2623 2146 2687 reli-

500 2752 563 2813 quo
587 2749 665 2793 vero
688 2732 793 2813 ipsam
819 2728 930 2793 villam
954 2749 1028 2794 oum
1058 2727 1144 2792 omni
1176 2727 1363 2812 integritate
1388 2750 1449 2791 sua
1472 2727 1645 2812 adipsum
1675 2738 1824 2791 sanctum
1847 2728 1956 2792 locum
1986 2726 2147 2791 tradimus

444 2842 598 2918 statque
628 2831 900 2913 transfundimus,
935 2833 968 2895 in
997 2831 1092 2894 cuius
1121 2832 1317 2894 terminum⁰
1351 2833 1460 2915 ipsum
1495 2833 1726 2895 monasterium
1764 2833 1867 2895 sancti
1893 2831 2073 2896 Salvatoris
2097 2840 2149 2893 est

499 2935 687 3014 fundatum3
711 2945 743 2999 et
763 2935 855 2999 illum
878 2933 1105 3000 mansionilem
1129 2957 1227 3018 snper
1245 2931 1399 3008 Prumia‘‚
1425 2934 1480 2998 ubi
1503 2934 1626 2998 rivolus
1643 2938 1696 3020 qui
1721 2935 1842 2999 dicitnr
1856 2932 2150 3000 Escutsinisbach⁸

499 3038 636 3104 confluit
657 3040 690 3103 in
715 3039 893 3119 Prumiam,
929 3038 984 3124 qui
1015 3045 1066 3102 est
1099 3047 1309 3102 constructus
1345 3061 1442 3123 super
1476 3040 1646 3103 terminum
1682 3039 1849 3124 praedicto
1872 3038 1958 3122 ville.
1993 3036 2149 3102 Similiter

500 3142 660 3206 donamus
684 3142 728 3208 ad
750 3144 815 3206 iam
840 3142 962 3207 dictum
993 3143 1226 3206 monasterium
1251 3143 1283 3205 in
1308 3163 1393 3226 pago
1419 3141 1577 3206 Muslinse
1607 3165 1704 3227 super
1732 3143 1866 3206 fluvinm
1889 3140 2028 3205 Muselle
2052 3140 2148 3205 villas

501 3257 634 3311 nostras
658 3247 707 3310 his
731 3246 934 3312 nominibus:
958 3245 1166 3328 Marningum
1183 3255 1216 3308 et
1232 3243 1387 3308 Soiacum
1410 3250 1477 3309 nna
1501 3266 1574 3308 cum
1599 3247 1714 3309 merito
1731 3256 1764 3309 et
1779 3222 1938 3311 terminis
1952 3244 2003 3309 vel
2026 3267 2149 3330 appen-

445 3364 482 3414 so
501 3351 590 3416 ditiis
614 3372 737 3415 earum.
773 3350 946 3414 Donamus
976 3350 1073 3414 etiam
1098 3347 1210 3411 villam
1237 3357 1383 3412 nostram
1409 3351 1439 3412 in
1465 3370 1550 3433 pago
1574 3346 1737 3412 Bedinsel
1761 3351 1816 3434 qui
1840 3348 1960 3413 dicitur
1982 3347 2147 3412 Marciaco

499 3478 566 3520 una
588 3477 662 3518 aum
687 3453 804 3518 merito
828 3462 860 3518 et
884 3453 1083 3539 appenditiis
1109 3453 1188 3516 suis.
1215 3451 1372 3516 Similiter
1396 3452 1556 3516 donamus
1580 3452 1624 3516 ad
1647 3454 1754 3538 ipsum
1779 3454 2012 3517 monasterium
2036 3451 2148 3515 villam

499 3570 645 3623 nostram
671 3559 702 3621 in
728 3579 813 3642 pago
838 3555 961 3620 Eflinse
997 3558 1051 3642 qui
1076 3556 1196 3620 dicitur
1220 3554 1482 3621 Sarabodisvilla
1513 3579 1579 3620 una
1609 3576 1684 3620 cum
1719 3556 1884 3621 soliditate
1915 3555 1966 3620 vel
2001 3556 2149 3619 terminis

500 3671 599 3746 atque
628 3659 829 3745 appenditiis
854 3659 932 3740 suis,
969 3660 1055 3723 sieut
1078 3680 1098 3721 a
1122 3657 1307 3723 Garaberto
1332 3681 1486 3745 possessa
1510 3657 1595 3724 fuid.
1631 3659 1806 3724 Tradimus
1836 3659 1901 3723 alia
1932 3659 1996 3722 duo
2020 3658 2095 3722 loca
2117 3659 2150 3722 in

500 3762 645 3829 Carasco
669 3763 875 3828 adeundam
909 3764 1143 3827 monasterium
1173 3762 1280 3826 idest
1305 3762 1550 3848 Watlrilentorp
1579 3774 1612 3827 et
1636 3764 1858 3849 Birgisburias
1888 3785 1961 3827 cum
1997 3762 2149 3827 omnibus

446 3883 483 3930 30
501 3867 694 3932 adiacentiis
711 3875 744 3931 et
766 3865 966 3952 appenditiis
984 3887 1105 3930 earum.
1131 3864 1287 3930 Similiter
1305 3866 1466 3931 donamus
1482 3869 1514 3931 in
1532 3890 1617 3953 pago
1635 3867 1844 3932 Riboariensi
1861 3867 1950 3931 illam
1966 3867 2149 3951 portionem

500 3972 533 4034 in
556 3970 757 4055 Reginbach‚
781 3992 881 4056 quam
904 3990 1023 4034 vassus
1046 3979 1158 4034 noster
1174 3968 1364 4054 Aglibertus
1388 3993 1447 4056 per
1470 3970 1662 4036 beneficium
1688 3971 1802 4035 babuit
1828 3968 1883 4054 [et]
1907 3970 2034 4054 genitor
2058 3991 2148 4033 meus

500 4073 645 4137 Karolus
668 4074 745 4137 mihi
762 4076 794 4137 in
817 4073 947 4138 alodem
972 4073 1174 4159 dereliquit⁰,
1198 4085 1230 4138 et
1253 4072 1342 4136 illam
1359 4074 1458 4138 aliam
1482 4077 1664 4158 portionem
1688 4076 1721 4138 in
1737 4076 1811 4159 ipsa
1827 4073 1916 4155 villa,
1941 4095 2040 4158 quam
2056 4073 2149 4137 Heri·

501 4178 614 4242 bertus
648 4180 745 4242 uxori
769 4187 904 4242 nostrae
926 4178 1087 4242 Bertrade
1110 4177 1142 4240 in
1166 4177 1295 4241 alodem
1320 4177 1454 4241 dimisit.
1486 4177 1729 4242 Confirmamus
1752 4181 1852 4242 etiam
1875 4178 1997 4242 ibidem
2020 4187 2054 4241 et
2075 4176 2150 4241 illas

501 4304 565 4361 res,
590 4304 674 4366 quae
698 4291 796 4346 antea
811 4281 855 4345 ad
878 4283 985 4367 ipsam
1009 4278 1205 4346 ecclesiam¹¹
1228 4303 1288 4366 per
1311 4290 1496 4346 strumenta
1518 4292 1683 4347 cartarum
1700 4281 1820 4348 ibidem
1845 4281 1995 4367 delegate
2010 4282 2152 4361 fuerunt,

446 4399 482 4448 ac
502 4407 575 4450 cum
601 4385 686 4450 omni
711 4386 898 4470 integritate
922 4407 1044 4451 eorum.
1068 4385 1242 4450 Tradimus
1267 4386 1367 4469 igitur
1387 4384 1430 4448 ad
1454 4386 1560 4469 ipsum
1586 4387 1845 4450 sacratissimum
1869 4386 1977 4450 locum
2001 4386 2151 4470 superius

501 4488 772 4574 comprehensum
807 4488 925 4553 cellam
955 4490 1024 4553 iure
1058 4490 1270 4573 proprietatis
1304 4500 1437 4553 nostrae
1468 4490 1501 4553 iu
1531 4489 1605 4553 loco
1636 4492 1690 4575 qui
1727 4490 1846 4554 dicitur
1875 4489 2022 4574 Altrepio
2054 4511 2152 4574 super

501 4592 638 4657 fluvium
655 4592 735 4656 Rani
760 4593 791 4656 in
809 4613 895 4676 pago
913 4591 1070 4679 Spirinse,
1095 4593 1150 4678 qui
1174 4602 1225 4656 est
1247 4602 1441 4657 constructa
1463 4594 1497 4657 in
1513 4592 1638 4658 honore
1662 4595 1767 4657 saneti
1784 4593 1944 4673 Medardi,
1969 4613 2042 4657 cum
2065 4590 2152 4656 villis

502 4694 554 4759 vel
577 4695 776 4780 appenditiis
801 4697 879 4777 suis,
904 4718 1001 4781 quem
1025 4696 1246 4761 Herlebaldus
1272 4706 1304 4760 et
1328 4696 1515 4761 Weolentio
1539 4718 1689 4761 necnon
1712 4697 1926 4781 etBagulfus
1949 4697 2028 4761 mihi
2053 4696 2153 4760 tradi-

502 4798 630 4880 derunt,
661 4809 765 4862 totum
790 4810 823 4864 et
845 4799 888 4864 ad
912 4802 1073 4886 integrum
1097 4811 1163 4864 tam
1188 4800 1324 4879 eeclesia
1347 4801 1528 4865 ministeria
1551 4823 1649 4886 quam
1673 4810 1706 4865 et
1727 4800 1810 4867 alias
1833 4822 1887 4864 res
1911 4800 2032 4865 ibidem
2056 4802 2152 4884 perti·

448 4917 484 4966 so
503 4902 667 4968 uentibus.
703 4902 874 4968 Donamus
899 4905 998 4969 etiam
1021 4905 1195 4990 adipsum
1219 4907 1455 4969 monasterium
1479 4919 1572 4970 cellam
1601 4904 1701 4969 aliam
1723 4922 1770 4985 qui
1793 4920 1891 4970 dieitur
1913 4919 2050 4980 cmleoea,
2084 4934 2153 4983 quas

502 5025 544 5070 est
558 5023 645 5085 posito
660 5021 729 5070 intra
745 5023 871 5071 terminos
887 5020 1011 5072 Sontiaeo
1027 5018 1059 5072 et
1076 5016 1126 5071 est
1141 5009 1175 5071 in
1190 5006 1313 5072 bonore
1331 5010 1436 5072 sancti
1455 5009 1541 5072 Petri
1565 5017 1765 5087 constructa,
1782 5030 1863 5072 cum
1888 5007 2039 5072 omnibus
2063 5006 2153 5072 adia-

502 5109 618 5171 centiis
634 5107 686 5172 vel
702 5107 903 5193 appenditiis
921 5111 999 5174 suis.
1024 5110 1268 5175 Confirmamus
1291 5111 1391 5193 igitur
1413 5113 1544 5176 tertiam
1560 5111 1676 5175 cellam
1693 5111 1858 5197 adipsum
1877 5120 2028 5175 sanctum
2044 5111 2152 5175 locum

503 5212 558 5296 qui
583 5209 702 5275 dicitur
725 5212 878 5277 Riuuinio
913 5214 945 5276 in
970 5235 1056 5298 pago
1082 5213 1247 5279 Lomense
1282 5235 1380 5298 super
1414 5214 1549 5278 fluvium
1573 5213 1698 5295 Mosae,
1733 5235 1795 5298 que
1824 5224 1874 5278 est
1907 5223 2099 5279 constructa
2121 5215 2152 5276 in

502 5314 626 5379 bonore
651 5325 785 5380 sanctae
806 5315 942 5396 Mariae,
967 5339 1041 5382 eum
1065 5319 1152 5382 omni
1176 5319 1292 5382 merito
1317 5318 1368 5382 vel
1391 5318 1590 5404 appenditiis
1614 5318 1693 5380 suis.
1717 5317 1768 5381 Ea
1789 5316 1945 5383 videlicet
1967 5316 2154 5382 conditione

449 5430 485 5480 45
504 5420 749 5503 suprascriptas
778 5441 832 5484 res
863 5429 930 5482 tam
960 5419 1055 5485 villas
1086 5444 1185 5507 quam
1215 5431 1248 5486 et
1276 5421 1376 5485 cellas
1406 5443 1480 5485 curn
1510 5422 1596 5486 omni
1632 5423 1819 5506 integritate
1843 5443 1955 5487 eorum
1979 5421 2023 5487 ad
2045 5423 2151 5507 ipsum

596 5637 632 5690 lb.
661 5639 682 5705 t)
705 5653 787 5691 uxore
811 5637 834 5692 O
953 5641 980 5700 ul
1004 5643 1091 5706 ipsum
1116 5640 1138 5693 0
1256 5642 1284 5707 v)
1308 5658 1382 5692 suam
1407 5641 1434 5693 Β
1554 5642 1588 5705 w)
1612 5642 1804 5707 providendum
1824 5641 1846 5694 C
1957 5644 1986 5709 x)
2008 5658 2080 5696 corr.
2101 5659 2154 5695 aus

657 5714 770 5773 possunt
788 5707 814 5760 Β
916 5713 945 5776 y)
963 5708 1207 5763 RumoresheimO
1308 5712 1333 5774 a)
1352 5711 1427 5761 illam
1446 5713 1594 5776 portionem
1613 5709 1701 5776 qqu
1803 5713 1829 5779 a)
1847 5710 2155 5780 dchtlrauupsstrs'clr

659 5775 726 5830 atbar
744 5777 795 5828 ills
812 5775 873 5828 arrd
892 5779 1014 5845 portione
1027 5778 1108 5831 ollem
1122 5779 1459 5847 Auscheinnccltspdter
1473 5777 1651 5847 beipestlptB
1726 5780 1753 5845 b)
1771 5779 1974 5834 HeribardnsO
2040 5782 2065 5847 c)
2083 5784 2156 5833 dere-

658 5847 743 5914 liquid
756 5844 783 5899 Β
895 5848 922 5916 d)
946 5855 1033 5914 prater
1050 5848 1142 5915 aliqua
1160 5850 1295 5916 mancipis
1312 5847 1368 5914 (die
1382 5847 1491 5900 Nomen
1510 5847 1708 5916 cuspelaasen).
1729 5851 1788 5900 Hac
1805 5852 1889 5915 igitur
1907 5853 2041 5917 mancipis
2052 5852 2115 5902 ad..
2134 5851 2157 5903 0

451 5913 486 5962 50
656 5915 683 5982 s)
699 5913 851 5968 terminoO
969 5916 1146 5984 OPrnmiam
1170 5917 1192 5970 0
1311 5919 1339 5984 g)
1357 5917 1622 5970 Escutsinisbath
1740 5919 1768 5986 b)
1786 5920 1945 5972 BidenseG
2057 5923 2078 5986 i)
2095 5920 2156 5973 bier

657 5983 748 6037 bricltt
766 5983 790 6038 G
807 5984 842 6035 ab
947 5985 976 6050 k)
995 5985 1119 6037 eclesiam
1139 5984 1173 6053 B,
1193 5985 1223 6038 Z.
1243 5988 1293 6039 45:
1313 5987 1412 6054 eclesie
