5642 7159
1059 771 1180 831 KABL
1202 772 1290 832 DEB
1313 771 1478 833 GBOSSE
1502 768 1573 833 778.
2080 770 2138 835 llll

431 985 552 1035 sumat
590 973 712 1039 ingredi,
736 971 783 1021 sed
805 970 940 1035 predictus
962 958 1088 1023 Beatus
1110 974 1154 1024 vel
1177 990 1345 1025 successores
1367 968 1433 1025 sui¹¹
1455 978 1563 1039 propter
1586 990 1683 1025 nomen
1706 974 1807 1026 domini
1831 976 1873 1026 rel
1896 978 1982 1027 sancti
1997 977 2137 1027 Michaelis

435 1086 493 1137 rub
527 1084 663 1143 integre
694 1072 868 1128 emunitatis⁰
889 1081 997 1130 nomine
1024 1079 1096 1143 ipsas
1119 1094 1161 1128 res
1184 1079 1292 1129 valeant
1314 1078 1453 1129 dominari.
1491 1078 1673 1143 Precipientes
1697 1096 1759 1146 ergo
1782 1080 1913 1144 iubemus,
1936 1086 1967 1131 ut
1981 1096 2068 1146 neque
2091 1096 2139 1130 vos

440 1201 551 1251 neque
577 1184 711 1232 iuniores
733 1198 954 1248 successoresque
977 1182 1059 1233 vestri
1081 1175 1151 1232 necl’
1174 1182 1230 1231 nlla
1245 1182 1355 1246 publica
1377 1176 1540 1231 iudiciariaq
1562 1188 1680 1248 potestas
1695 1201 1711 1232 e
1733 1185 1761 1234 in
1784 1178 1882 1235 villas'
1903 1186 1988 1251 ipsius
2011 1185 2140 1235 ecclesiae

443 1292 651 1350 ubicumque
672 1271 760 1336 infra
777 1302 860 1353 regna
883 1270 944 1336 (100
968 1271 1116 1357 propicio
1140 1292 1238 1349 noema,
1262 1270 1349 1356 [que]
1375 1293 1423 1336 aut
1446 1289 1519 1353 regia
1541 1294 1589 1337 aut
1610 1290 1773 1353 privatorum
1796 1290 1932 1339 hominum
1955 1291 2140 1355 bonorumque

415 1393 617 1457 plargitrste
637 1373 717 1439 inibi
740 1384 922 1440 noscuntur
944 1384 1059 1442 collate¹
1082 1390 1124 1441 vel
1147 1407 1199 1458 que
1221 1392 1331 1442 inantea
1353 1398 1373 1440 a
1396 1391 1475 1441 deum
1498 1392 1653 1441 timentibus
1675 1376 1863 1442 hominibus
1886 1380 2001 1443 fueriut‘
2022 1378 2141 1464 largite

450 1480 508 1543 vel
530 1478 754 1560 condonate,
772 1495 805 1543 ad
821 1495 969 1545 audiendas
984 1488 1197 1546 altercacionesu
1213 1495 1315 1561 ingredi
1331 1501 1378 1545 eut
1389 1495 1466 1545 freda
1481 1495 1514 1545 de
1526 1495 1691 1560 quibuslibet
1706 1497 1794 1546 causis
1807 1499 1912 1562 exigere
1928 1514 1977 1548 nec
1990 1499 2141 1547 mansiones

453 1592 536 1648 necp
570 1603 692 1661 paratas
714 1583 925 1649 faciendum*
947 1594 1018 1651 vel'
1041 1600 1209 1650 fideiussores
1232 1598 1326 1649 tollere
1349 1604 1416 1649 noll
1439 1601 1611 1664 presumatis;
1635 1599 1681 1649 sed
1697 1600 1826 1665 quidquid
1850 1602 1945 1651 exinde
1968 1602 2001 1651 de
2023 1603 2140 1652 servieu-

456 1701 551 1761 tibus‚
585 1702 642 1766 qui
664 1708 727 1751 sunt
749 1703 820 1752 infra
842 1719 921 1770 agros
943 1703 986 1754 vel
1008 1704 1075 1754 fines
1098 1719 1145 1754 seu
1168 1719 1248 1767 super
1270 1708 1355 1753 terras
1383 1703 1502 1767 predicte
1526 1703 1638 1753 ecclesie
1669 1706 1753 1753 seneli
1777 1704 1917 1755 Michaelis
1944 1710 2140 1755 commanentes

458 1802 503 1851 rel
532 1804 600 1867 qui
629 1803 712 1853 rutubi
735 1813 904 1857 commanent
926 1814 954 1857 et
974 1808 1074 1859 ibidem
1097 1808 1216 1873 legitimo
1247 1800 1364 1858 ordine¹
1392 1808 1512 1872 aspicere
1534 1807 1673 1870 videntur,
1704 1806 1785 1858 fiscus
1808 1814 1898 1859 noster
1920 1814 1967 1859 sut
1990 1802 2042 1861 de⁰
2064 1808 2140 1859 freda

413 1912 442 1961 ιο
462 1914 511 1954 aut
539 1908 747 1975 undecumque
776 1916 902 1975 potuerat
928 1927 1051 1977 sperare,
1085 1928 1118 1962 ex
1147 1918 1239 1962 nostra
1265 1911 1439 1977 indulgencia
1467 1927 1514 1975 pro
1543 1911 1635 1961 futura
1664 1912 1750 1962 salute
1778 1913 1805 1960 in
1836 1906 2034 1963 luminaribusy
2056 1914 2141 1977 ipsius

462 2007 600 2059 ecclesie
627 2026 674 2075 per
696 2026 804 2062 menum
827 2016 963 2079 agentium
986 2031 1078 2065 eorum
1100 2015 1134 2065 ad
1158 2017 1242 2080 ipsam
1268 2014 1408 2067 ecclesiam
1432 2014 1554 2079 proficiat
1576 2016 1786 2080 inperpetuum.
1809 2016 1845 2065 Et
1868 2016 1940 2081 quod
1962 2032 2009 2066 noe
2032 2022 2141 2081 propter

463 2126 576 2160 nomeu
609 2114 711 2163 domini
739 2120 767 2166 et
788 2117 876 2168 anime
904 2123 995 2169 nostre
1018 2119 1162 2170 remedium
1192 2135 1239 2169 seu
1263 2125 1322 2189 pro
1351 2124 1445 2170 nostru
1467 2120 1646 2183 subsequente
1677 2119 1804 2185 progenie
1826 2118 1907 2183 plena
1935 2119 2079 2170 devocione
2102 2121 2141 2169 in-

465 2212 630 2279 dulsimus,
652 2234 701 2268 nec
716 2220 816 2285 regalis
838 2222 990 2273 sublimitas
1004 2240 1055 2274 nec
1069 2223 1251 2289 quorumlibet
1265 2223 1384 2273 iudicum
1408 2237 1473 2273 seva
1488 2221 1621 2286 cupiditas
1644 2222 1771 2288 refragari
1788 2227 1908 2287 temptet.
1930 2222 1966 2272 Et
1981 2228 2011 2272 ut
2034 2238 2142 2287 presens

466 2321 637 2370 auctoritas
664 2327 718 2371 tam
742 2327 912 2388 presentibus
940 2339 1020 2393 quam
1043 2329 1141 2378 futuris
1169 2327 1334 2392 temporibus
1357 2326 1488 2376 inviolata
1510 2324 1559 2374 deo
1584 2325 1705 2375 adiutore
1734 2331 1896 2389 permaneat,
1928 2340 2021 2375 manue
2049 2331 2139 2375 nostre

421 2426 448 2472 15
468 2405 672 2488 flignaeulis
696 2429 789 2478 subter
811 2424 889 2480 eam¹
911 2432 1078 2482 decrevimus
1101 2430 1233 2481 affirmare
1256 2424 1289 2480 et
1312 2430 1344 2480 de
1366 2422 1471 2480 anulo·
1493 2432 1583 2479 nostro
1606 2430 1733 2479 iussimus
1755 2429 1881 2495 sigillare.

590 2563 735 2652 Signum
759 2572 827 2650 (ll.)
850 2568 989 2636 Krarolib
1011 2571 1237 2656 gloriosissimi
1261 2571 1358 2655 regis.

591 2710 863 2777 Erchembeldus
887 2711 1059 2777 advicem⁰
1082 2711 1228 2776 Redonis
1252 2711 1334 2789 (SR)

592 2848 709 2914 Deta⁶
731 2852 766 2916 in
788 2872 900 2916 mense
924 2852 1094 2916 ianuario⁰
1118 2871 1205 2915 enno
1230 2849 1355 2914 decimo
1379 2849 1471 2933 regni
1495 2849 1615 2917 nostri:
1647 2859 1758 2913 actum
1783 2844 1996 2913 Harietellio¹
2016 2847 2145 2933 palacio

471 2946 642 3027 publico;
665 2956 699 3018 in
722 2952 776 3019 dei
800 2956 932 3020 nomine
955 2954 1094 3020 feliciter
1117 2977 1223 3018 amen.

422 3304 452 3349 eo
1282 3297 1368 3373 120.

469 3454 582 3536 Karl
613 3475 677 3545 der
708 3472 839 3546 Grosee
864 3472 1023 3563 bestcttipt
1049 3474 1127 3544 dem
1154 3473 1298 3544 Kloster
1323 3472 1353 3544 S
1358 3480 1381 3543 t.
1410 3471 1548 3543 Derris
1575 3472 1631 3543 dic
1657 3469 1881 3543 Immonilt't.

1615 3610 1767 3685 Gnddingn
1790 3609 1858 3671 villa
1882 3613 1944 3671 778
1970 3609 2099 3669 October.

594 3817 738 3892 original
760 3821 803 3877 im
825 3818 1073 3879 Natiomlorcbiv
1098 3836 1139 3877 eu
1161 3819 1252 3877 Paris
1278 3816 1343 3896 (A).

586 3952 743 4015 Matilica
758 3956 805 4015 De
820 3975 852 4016 re
867 3957 941 4030 dipl.
958 3960 1021 4018 500
1042 3963 1077 4015 πθ
1092 3960 1133 4016 53
1149 3974 1206 4015 aas
1222 3955 1251 4014 A
1267 3978 1307 4009 =
1331 3955 1470 4030 Becqact
1487 3956 1515 4025 5,
1541 3957 1604 4015 740
1619 3960 1653 4013 n⁰
1667 3958 1718 4026 43,
1744 3976 1784 4009 =
1802 3954 1964 4013 Heumann
1980 3953 2140 4017 Commeat.

587 4056 632 4117 de
652 4077 686 4118 re
708 4060 782 4133 dipl.
808 4062 1022 4133 imperatorem
1045 4067 1075 4133 1,
1100 4065 1159 4121 421
1184 4068 1219 4119 ⁷2⁰
1240 4064 1269 4132 5,
1299 4083 1341 4115 =
1369 4061 1475 4133 Migne
1495 4059 1609 4119 Patrol.
1634 4060 1686 4131 97,
1717 4062 1779 4121 959
1801 4066 1835 4119 πθ
1857 4062 1909 4120 37.
1939 4093 1977 4103 -
2009 4059 2145 4119 Felibien

586 4157 676 4223 Hist.
702 4163 738 4221 de
761 4163 805 4224 St.
829 4164 931 4239 Deoys
948 4182 999 4238 pr.
1024 4168 1065 4224 39
1088 4170 1123 4221 n⁰
1137 4167 1180 4225 57
1201 4182 1258 4224 aas
1281 4164 1321 4227 A.
1347 4195 1384 4208 -
1410 4163 1607 4222 llItllrlbaclrer
1621 4164 1694 4238 ch.
1717 4166 1782 4225 216
1806 4164 1904 4241 (210).

585 4316 662 4379 Dos
686 4321 875 4380 Fscbotolroll
896 4338 952 4381 oon
978 4321 1121 4393 (iiltbert,
1151 4322 1205 4381 dcc
1228 4323 1332 4395 stripe
1353 4339 1410 4381 oca
1432 4320 1573 4380 anderen
1595 4320 1749 4381 schreiber
1771 4320 1842 4399 (ΕΑ
1864 4322 1921 4395 opt.
1945 4327 1979 4379 κθ
1993 4320 2069 4396 118)
2092 4338 2140 4394 ge·

585 4424 764 4496 selectos,
793 4424 842 4483 die
864 4426 966 4485 Reate
995 4427 1038 4483 im
1059 4425 1267 4499 Moeopramm
1297 4427 1352 4485 mit
1380 4426 1507 4485 anderer
1532 4425 1617 4484 iloto
1646 4426 1841 4498 einpmagen.
1873 4457 1914 4467 —
1944 4425 2065 4498 Vorloqe
2095 4424 2144 4482 die

592 4521 745 4587 urrunsa
771 4528 957 4588 Karimanns
986 4536 1021 4588 πθ
1041 4534 1099 4602 44,·
1135 4532 1200 4589 cine
1227 4530 1609 4601 Immunitlttsbestdtipunp
1636 4528 1691 4585 mit
1718 4527 1857 4600 plciclrcm
1893 4527 2056 4597 Wortlout,
2095 4528 2144 4585 die

587 4632 670 4691 aber
692 4633 741 4690 die
764 4633 966 4707 Besitemrpea
989 4636 1022 4691 ia
1044 4634 1156 4692 Italica
1179 4634 1334 4693 detondere
1356 4633 1535 4702 bervorbebt,
1565 4632 1644 4689 batte
1665 4630 1744 4689 Karl
1765 4633 1854 4690 echon
1876 4634 1897 4691 3
1919 4630 2014 4690 Jolre
2036 4630 2144 4702 freber

585 4735 742 4795 verlielrcn
764 4735 809 4814 (9⁸⁰
824 4732 891 4812 94).
942 4737 1036 4797 Ueter
1058 4737 1116 4795 dest
1138 4738 1220 4796 nicht
1246 4740 1302 4796 mit
1326 4737 1486 4797 Stoberheit
1514 4754 1555 4795 eu
1577 4736 1807 4795 bestimmenctm
1830 4735 2009 4795 Aesstellort
2045 4735 2146 4794 Mellit-

585 4830 700 4897 bacher
723 4840 742 4898 l.
766 4856 790 4899 c.
824 4839 876 4898 Da
898 4840 1137 4899 tricaricen.
1163 4842 1418 4914 Reqiecnprjaur
1439 4843 1473 4899 io
1494 4840 1646 4899 Francicn
1665 4840 1782 4913 gestiit
1806 4840 1891 4910 wird,
1919 4838 1989 4910 fallt
2012 4838 2060 4897 die
2087 4838 2144 4898 Ur-

586 4933 698 5001 krmde
719 4943 796 5001 noct
819 4942 886 5001 dem
908 4947 938 5002 9.
966 4942 1087 5002 October
1108 4943 1164 5016 egl.
1190 4944 1285 5004 Siclrel
1307 4945 1380 5018 Rey.
1406 4945 1468 5004 249
1492 4943 1525 5000 K
1546 4946 1596 5003 66.

588 5158 656 5239 (O.)
684 5162 698 5245 ξ
722 5161 862 5228 Carolus
891 5164 999 5248 gratia
1029 5162 1082 5228 dei
1112 5186 1172 5227 rex
1194 5164 1399 5229 Francorum
1430 5173 1462 5228 et
1491 5160 1790 5246 Langobardorum
1819 5183 1859 5225 ac
1887 5163 2046 5247 patricius
2075 5162 2138 5227 Ro·

418 5240 450 5287 35
469 5246 678 5330 manorum·
785 5281 945 5346 Incipientia
967 5284 1041 5348 regni
1058 5285 1141 5332 nostri
1164 5283 1288 5334 allectum
1304 5284 1337 5333 de
1359 5289 1452 5333 nostre
1468 5282 1600 5332 erectione
1616 5283 1717 5345 integre
1741 5280 1887 5329 auxiliante
1902 5279 2009 5330 domino
2033 5280 2144 5346 vigilavi

472 5349 499 5391 οἳ
529 5372 592 5421 pro
620 5383 680 5447 ipsa
707 5385 780 5434 bona
802 5401 884 5449 opera
911 5391 1019 5436 auctum
1042 5380 1124 5435 cum*
1152 5386 1293 5436 consilium
1315 5368 1500 5451 pontaticumb
1529 5370 1543 5454 {a}
1569 5385 1612 5435 vel
1641 5386 1773 5434 seniorum
1804 5387 1962 5450 optimatum
1992 5390 2144 5435 nostrorum

566 5574 636 5640 lla.
654 5589 769 5658 11)er
786 5591 817 5643 Ε
885 5592 912 5659 ο)
929 5592 1151 5645 immunitates
1221 5595 1248 5660 p)
1265 5594 1309 5644 vu
1322 5594 1352 5645 n
1421 5593 1608 5661 prodieram
1626 5592 1777 5659 posuere*
1850 5593 1873 5659 r)
1890 5594 2007 5645 various
2028 5592 2079 5646 on

653 5660 675 5726 s)
692 5660 794 5711 collata
812 5659 843 5713 Ε
944 5662 966 5728 t)
982 5663 1092 5714 fuerunt
1109 5662 1140 5714 E
1226 5664 1254 5727 ιι)
1272 5662 1502 5715 altricscionesG
1598 5662 1627 5728 v)
1646 5662 1762 5713 faciendi
1782 5661 1811 5713 Ε
1896 5663 1930 5729 w)
1948 5678 1997 5713 nec
2016 5662 2046 5714 E

437 5755 468 5802 40
655 5729 682 5795 x)
699 5728 863 5783 ordinemO
938 5732 967 5797 y)
985 5732 1185 5783 illuminaribus
1205 5731 1257 5784 ΟΕ
1333 5734 1359 5797 a)
1377 5734 1427 5783 sub
1446 5729 1594 5783 terrenaO
1671 5734 1697 5799 a)
1715 5732 1816 5782 annulo
1840 5731 1892 5785 ΟΕ
1963 5732 1991 5797 l»)
2009 5731 2099 5782 Caroli
2120 5732 2148 5783 Ε

653 5798 712 5850 aad
730 5798 762 5851 is
780 5798 836 5851 dea
854 5798 998 5863 Bructero,
1016 5800 1050 5854 ia
1068 5801 1157 5853 deam
1176 5801 1250 5853 auch
1261 5800 1335 5867 (Μ.)
1354 5800 1424 5865 fehlt
1512 5802 1536 5865 c)
1555 5802 1588 5851 ad
1606 5802 1721 5852 invicem
1736 5798 1758 5853 0
1852 5802 1878 5867 d)
1895 5802 1986 5852 delum
2000 5800 2023 5853 0
2038 5800 2098 5853 nard
2117 5799 2149 5853 in

655 5864 706 5919 den
716 5866 875 5988 Iptucllqem
893 5869 956 5989 dqpa
974 5884 1028 5922 aas
1047 5871 1138 5921 datum
1157 5885 1227 5923 corr.
1247 5870 1278 5923 Ε
1388 5873 1414 5933 e)
1432 5868 1589 5922 ianuarilC
1697 5870 1874 5936 odristellio
1893 5870 1934 5937 E;
1965 5868 2037 5923 necle
2056 5870 2087 5922 in
2107 5868 2149 5922 Β.·

656 5951 716 6000 gesc
735 5952 786 5989 een
834 5940 916 5989 ariste
939 5941 972 5989 io.

587 6040 681 6123 ¹21⁸)
701 6073 752 6110 oon
771 6056 913 6111 derselbess
926 6057 1017 6111 Hand
1036 6074 1107 6111 cerr.
1128 6074 1181 6111 aue
1200 6077 1251 6110 con
1352 6062 1379 6124 b)
1397 6060 1487 6111 durch
1506 6059 1604 6113 ltasur
1623 6074 1693 6111 corr.
1713 6074 1766 6111 eus
1787 6058 1956 6125 ponteficiuur
