5642 7159
710 799 773 866 178
1272 832 1275 836 ·
1317 793 1757 856 srlsaaussuriusn.

710 1013 879 1076 uxoreque
894 997 1010 1054 nostra
1025 1008 1065 1051 ac
1080 983 1191 1072 prole⁸
1214 979 1356 1050 domini¹
1376 978 1638 1046 misericordiam
1653 979 1812 1044 attentius
1829 999 1980 1044 exorare.
2005 977 2049 1042 Et
2066 985 2101 1042 ut
2123 976 2206 1042 haec
2222 975 2359 1042 traditio

709 1096 836 1161 firmior
857 1091 1019 1158 habeatur
1035 1098 1068 1155 et
1083 1113 1142 1176 per
1163 1090 1274 1155 futura
1289 1096 1440 1172 tempora
1462 1082 1581 1148 melius
1598 1090 1820 1164 conservetur,
1848 1079 1952 1166 <hanc
1966 1089 2099 1146 nostrae
2115 1079 2360 1166 praeceptionis

711 1208 744 1264 et
765 1196 973 1263 auctoritatis
989 1202 1116 1260 cartam
1138 1191 1214 1258 inde
1237 1187 1420 1273 conscribi>
1446 1188 1624 1253 iussimusss
1646 1194 1679 1251 et
1700 1183 1791 1250 anuli
1815 1187 1918 1250 nostri
1937 1184 2155 1271 impressione
2176 1180 2360 1270 insiguirii.

814 1331 969 1422 Signum¹
991 1336 1059 1413 (ll.)
1083 1329 1192 1399 Oaroli
1216 1328 1445 1416 gloriosissimi
1467 1327 1564 1414 regis.

812 1452 1027 1543 Egilbertusk
1052 1449 1306 1538 (cancellarius)
1336 1450 1526 1536 recognovi.

812 1579 904 1643 Data
926 1576 970 1642 id.
993 1574 1146 1641 novemb.
1175 1569 1389 1659 (indictione)
1416 1570 1492 1636 xiib

1497 1863 1583 1938 128.

710 2029 805 2100 Kuri
830 2030 895 2100 der
917 2025 1045 2099 Grosse
1072 2027 1197 2097 uimmt
1215 2026 1279 2097 dae
1306 2025 1451 2097 Kloster
1476 2023 1533 2096 St.
1566 2022 1720 2093 Calais
1745 2021 1785 2092 io
1810 2020 1928 2092 scinco
1955 2020 2083 2092 Sobata
2100 2021 2175 2093 oud
2201 2020 2362 2113 bestcittgt

710 2151 766 2223 die
791 2148 1015 2221 immunitit.

1850 2246 1966 2306 Worms
1991 2249 2052 2306 779
2076 2245 2240 2305 November
2262 2249 2314 2306 17.
2384 2260 2417 2308 ιο

812 2441 968 2514 Absebrift
998 2441 1049 2499 des
1080 2444 1131 2502 17.
1155 2441 1209 2502 Jb.
1242 2439 1310 2519 (oon
1332 2433 1519 2520 Darkama),
1549 2437 1653 2498 Funde
1675 2437 1798 2497 Boudot
1829 2435 1963 2510 61142
1990 2439 2023 2495 iu
2053 2435 2106 2495 der
2128 2435 2298 2496 Bibliotbeie
2319 2455 2361 2496 eu

812 2548 907 2623 Dtjoa
929 2545 993 2625 (B).
1017 2579 1059 2588 -
1081 2543 1238 2617 Absobn'st
1260 2562 1316 2604 eeu
1338 2547 1423 2605 1709
1448 2543 1525 2602 does
1550 2539 1728 2602 Obortalors
1751 2559 1807 2600 oon
1829 2543 1893 2602 863
1911 2559 1944 2614 p.
1969 2543 2010 2601 15
2034 2541 2077 2599 im
2098 2540 2298 2600 Prioatbesite
2319 2559 2362 2600 ea

814 2652 857 2713 St.
883 2649 984 2711 Calais
1008 2647 1070 2728 (O).

813 2791 909 2850 Haoet
936 2791 1092 2866 Questioas
1114 2786 1226 2849 Μάνου.
1249 2787 1301 2848 17
1323 2791 1356 2847 iu
1385 2787 1465 2847 Bibi.
1487 2787 1523 2846 de
1546 2774 1654 2846 i’Ecole
1676 2786 1726 2846 des
1749 2786 1863 2846 ebortes
1887 2787 1938 2857 48,
1961 2788 2027 2846 228
2049 2791 2083 2844 n⁰
2098 2788 2150 2856 12,
2177 2782 2305 2845 Oeaores
2328 2789 2359 2855 1,

814 2899 879 2955 173
899 2900 935 2951 22⁰
948 2897 992 2954 12
1013 2911 1070 2954 aas
1094 2891 1126 2956 0.
1152 2927 1189 2937 -
1214 2893 1329 2966 Froyer
1352 2889 1433 2953 Coei.
1458 2890 1493 2948 de
1517 2889 1560 2950 St.
1578 2887 1684 2949 Calais
1708 2893 1749 2949 19
1773 2905 1830 2948 aas
1856 2886 1887 2950 0.
1912 2922 1954 2932 -
1976 2887 2171 2948 Mbblbocber
2192 2889 2266 2962 Req.
2282 2890 2358 2950 226.
2384 2902 2416 2950 ιι

819 3032 943 3106 Voriaqe
965 3033 1014 3092 die
1040 3032 1183 3093 Urbande
1198 3031 1292 3091 Karle
1314 3048 1370 3090 ooo
1393 3034 1453 3091 771
1478 3035 1512 3087 u⁰
1527 3032 1578 3101 62,
1602 3029 1650 3088 die
1673 3029 1738 3088 dem
1759 3029 1928 3102 Vorpbuger
1942 3029 2087 3102 Ebroins,
2111 3029 2170 3088 Abt
2186 3028 2359 3104 Rabigaad,

813 3138 961 3196 uerliebeo
983 3135 1102 3198 worden
1123 3155 1196 3209 war,
1220 3153 1272 3195 um
1295 3135 1383 3194 deren
1405 3135 1604 3208 Restatipuaq
1626 3133 1690 3193 oleo
1713 3133 1766 3192 der
1787 3150 1863 3192 aeae
1886 3133 1944 3193 Abi
1966 3133 2157 3192 amsucbeo
2179 3133 2271 3193 batte.
2301 3131 2362 3191 Die

814 3242 1015 3301 mechanisebe
1037 3239 1264 3313 Wiederbolmtp
1286 3239 1339 3298 der
1359 3239 1482 3312 Vorloqe
1504 3239 1643 3299 eretrecltt
1665 3239 1729 3298 sich
1751 3238 1827 3297 caeli
1849 3235 1913 3310 auf
1931 3238 1988 3297 den
2006 3237 2089 3309 ittet,
2113 3236 2241 3310 obpleicb
2263 3236 2362 3296 dieser

813 3347 920 3406 seitber
942 3347 1086 3406 medei
1109 3345 1227 3404 worden
1249 3362 1321 3404 soor.
1346 3343 1409 3403 Der
1431 3343 1528 3403 Name
1550 3342 1600 3403 dee
1622 3342 1876 3416 Recognosceuten
1897 3343 1937 3402 ist
1960 3359 2016 3401 aas
2033 3341 2192 3402 Giltbertns
2214 3339 2359 3400 cerderbt.

702 3571 705 3578 ·
814 3533 960 3599 Karolus
983 3534 1091 3619 gratia
1115 3532 1190 3598 dei·
1217 3556 1278 3599 rex
1300 3532 1505 3596 Francorum
1527 3531 1578 3594 vir
1601 3526 1750 3595 illusterb
1774 3545 1898 3596 omnibus
1921 3545 2062 3613 agentibus
2084 3547 2183 3597 nornis
2205 3549 2260 3596 tam
2283 3560 2359 3612 pree·
2381 3549 2417 3599 ιο

1582 3634 1597 3674 ‘¹
1620 3654 1648 3702 in
1676 3651 1772 3702 solium
1800 3653 1875 3717 regni
1900 3652 2023 3703 instituit.
2128 3650 2156 3702 Si
2184 3653 2361 3717 petitionibus

710 3654 831 3704 sentibus
860 3668 940 3719 quam
963 3645 1009 3704 et⁰
1037 3653 1135 3703 futuris
1157 3655 1267 3704 iuvante
1295 3653 1418 3716 domino,
1449 3653 1495 3718 qui
1525 3669 1574 3702 noe

710 3773 848 3809 servornm
870 3756 915 3807 vel
936 3756 1126 3808 monachorum
1149 3757 1262 3820 domini,
1291 3773 1340 3823 pro
1363 3757 1435 3822 quod
1458 3772 1550 3807 eorum
1582 3748 1719 3821 quietem⁰
1741 3755 1785 3807 vel
1812 3757 1937 3808 invameu
1959 3757 2081 3821 pertinet,
2110 3755 2206 3806 libenti
2233 3739 2363 3806 animo‘

711 3860 871 3912 obaudimus
894 3859 937 3910 vel
959 3860 994 3910 ad
1016 3860 1138 3911 effectum
1161 3862 1188 3911 in
1212 3861 1312 3912 domini
1333 3855 1453 3912 nomen⁸
1476 3861 1668 3926 mancipamus,
1691 3862 1790 3926 regiam
1814 3861 2034 3913 consuetudinem
2058 3876 2211 3912 exercemus
2234 3866 2261 3912 et
2282 3862 2362 3913 nobie

711 3966 746 4016 ad
760 3965 867 4017 landem
889 3965 933 4016 vel
956 3965 1102 4017 stabilitate
1124 3968 1199 4032 regni
1221 3968 1305 4016 nostri
1327 3968 1356 4016 in
1379 3967 1479 4017 domini
1501 3947 1620 4017 nomen¹¹
1643 3967 1775 4031 pertinere
1792 3964 1958 4016 confidimus.
1981 3965 2100 4032 Ideoque
2123 3966 2284 4017 venerabilis
2300 3958 2361 4028 [vir]

710 4055 877 4120 Ebroinus
893 4070 964 4120 abba
979 4070 1012 4120 de
1026 4072 1187 4122 monasterio
1202 4071 1322 4135 Anisola,
1344 4073 1391 4136 qui
1407 4077 1448 4124 ost
1462 4074 1490 4122 iu
1513 4088 1584 4139 pago
1599 4070 1797 4123 cenomannico
1813 4075 1990 4134 constructus,
2013 4071 2060 4121 ubi
2076 4076 2184 4122 sanctus
2207 4070 2361 4122 Obarilefus
2383 4072 2417 4121 ib

710 4167 756 4226 iu⁰
779 4191 890 4240 corpore
918 4177 1061 4241 requiescit
1083 4175 1126 4226 vel
1154 4178 1213 4241 ipss
1235 4177 1307 4227 abba
1333 4159 1409 4227 cum¹

1433 4178 1639 4245 congregatione
1667 4176 1856 4227 monachorum
1885 4176 1935 4226 sub
1958 4181 2051 4226 sancto
2082 4175 2174 4228 ordine
2201 4192 2361 4228 conversare

711 4280 825 4342 videtur,
848 4281 929 4331 missa
950 4263 1104 4345 petitione*
1126 4281 1283 4333 clementiae
1305 4285 1380 4348 regni
1402 4283 1487 4334 nostri
1510 4263 1644 4348 expetiit¹,
1667 4287 1698 4331 ut
1720 4297 1781 4332 eum
1804 4281 1847 4332 vel
1869 4283 1957 4347 ipsum
1980 4261 2199 4332 monasterium¹²¹
2221 4297 2277 4332 una
2299 4297 2362 4332 cum

712 4378 854 4437 οιιιιιίὶιιιιο
876 4386 956 4436 rebus
979 4386 1022 4436 vel
1045 4386 1165 4438 homines
1188 4380 1281 4451 suoru,
1304 4388 1376 4453 quod
1394 4380 1549 4453 praesenti⁰
1571 4393 1690 4452 ternpore
1704 4386 1803 4437 habere
1826 4385 1932 4436 videtur
1947 4390 1994 4436 aut
2015 4387 2125 4438 inantea
2140 4401 2157 4436 a
2179 4379 2250 4437 deol’
2267 4387 2361 4438 timen-

713 4491 785 4541 tibus
807 4491 962 4542 bominibus
984 4491 1085 4542 fuerint
1107 4491 1206 4543 collata
1228 4498 1275 4542 aut
1298 4485 1479 4554 condonatui,
1509 4492 1601 4541 amicis
1624 4489 1743 4556 gasindis
1772 4490 1903 4554 susceptis
1931 4489 1975 4541 vel
1997 4481 2063 4555 qui⁰
2090 4505 2137 4554 per
2159 4490 2247 4554 ipsum
2269 4505 2361 4541 mona-

712 4596 822 4646 sterium
844 4611 952 4661 sperare
974 4595 1107 4660 videntur,
1130 4595 1202 4647 unde
1224 4597 1342 4662 legitimo
1372 4596 1477 4647 redebit
1499 4589 1600 4658 mitio‘,
1623 4596 1672 4646 sub
1695 4609 1816 4645 sermone
1839 4596 1961 4645 tuitionis
1977 4600 2083 4647 nostrae
2107 4596 2149 4648 vel
2165 4590 2360 4648 immunitatis'
2383 4597 2417 4646 30

711 4701 797 4764 ipsius
819 4701 974 4751 monasterii
997 4699 1040 4750 vel
1063 4699 1248 4750 mundeburdo
1270 4700 1319 4750 filii
1341 4702 1426 4750 nostri
1449 4700 1542 4750 Karoli
1566 4689 1693 4764 [recipere
1709 4690 1883 4762 deberemus]‚
1906 4700 1952 4764 qui
1968 4715 2063 4750 causas
2086 4702 2170 4766 ipsius
2193 4701 2299 4752 abbatie
2317 4701 2360 4753 vel

711 4806 866 4856 monasterii
888 4806 930 4854 sui
953 4805 1035 4855 babet
1057 4806 1084 4853 iu
1107 4791 1238 4854 tuitionet
1259 4810 1394 4869 receptas;
1430 4807 1473 4856 cui
1503 4820 1551 4854 nos
1574 4797 1645 4854 hoc¹¹
1668 4805 1783 4870 gratanti
1813 4805 1901 4854 animo
1924 4805 2088 4870 praestitisse
2119 4803 2161 4855 vel
2184 4805 2213 4855 iu
2235 4806 2361 4857 omnibns

710 4912 842 4976 recepisse
858 4903 1038 4975 cognoscite'.
1066 4910 1235 4975 Quapropter
1250 4900 1316 4974 [per]
1339 4915 1505 4974 praesentem
1528 4909 1694 4960 decrevimus
1717 4902 1777 4959 acw
1800 4909 1923 4960 iubemus
1945 4913 2125 4975 praeceptum,
2148 4912 2179 4959 ut
2200 4924 2287 4975 neque
2310 4925 2361 4962 ros

711 5030 797 5082 neque
819 5016 937 5065 iuniores
960 5028 1180 5079 successoresque
1195 5015 1277 5063 vestri
1300 5029 1349 5064 uec
1364 5015 1439 5064 missi
1461 5013 1493 5064 de
1509 5013 1609 5078 palatio
1632 5017 1723 5062 nostro
1740 5012 1927 5074 discurrentes,
1950 5019 1980 5063 ut
1995 5007 2135 5078 inspecta¹
2158 5015 2217 5079 ipsa
2241 5014 2360 5078 priorum

712 5135 805 5187 regum
828 5120 973 5170 auctoritas
1000 5110 1146 5180 declarati,
1175 5133 1225 5168 nec
1247 5117 1318 5167 ullus
1347 5117 1476 5183 quislibet
1498 5117 1531 5168 de
1558 5116 1700 5166 iudiciaria
1722 5122 1853 5181 potestate
1881 5111 1930 5167 iu¹
1953 5118 2026 5168 vicos
2049 5123 2096 5167 aut
2121 5118 2151 5166 in
2172 5115 2251 5167 villas
2272 5118 2360 5183 ipsius
2383 5120 2417 5170 35

711 5224 866 5274 monasterii
894 5222 929 5272 ad
958 5237 1054 5272 causas
1083 5221 1246 5272 audiendum
1273 5237 1323 5271 nec
1351 5221 1408 5271 ulla
1436 5221 1576 5272 inferenda
1606 5219 1754 5271 exactanda
1782 5221 1826 5272 vel
1853 5221 1929 5271 freda
1959 5220 2090 5287 exigenda
2117 5237 2167 5272 nec
2190 5219 2361 5273 fideiussores

787 5395 846 5452 ¹27.
866 5397 892 5462 e)
909 5411 992 5447 uxore
1011 5401 1104 5447 nostra
1121 5401 1148 5446 et
1165 5395 1229 5445 liliis
1249 5392 1283 5446 θ’
1376 5395 1458 5458 odei
1477 5393 1507 5448 D
1611 5395 1639 5462 g)
1657 5398 1784 5448 iussimus
1802 5397 1865 5448 inde
1882 5394 2058 5448 conscribit)
2160 5394 2189 5462 h)
2207 5397 2312 5462 signori
2331 5395 2360 5461 0,

866 5470 979 5518 auetatt
996 5464 1046 5518 des
1063 5463 1238 5518 Narbsatees
1256 5464 1487 5531 hanc-insigniri
1514 5463 1545 5516 ιἰι
1565 5463 1607 5517 0‘:
1637 5481 1718 5516 manu
1740 5471 1832 5517 nostra
1849 5464 2014 5518 firmavimus
2036 5470 2065 5517 et
2082 5465 2205 5532 sigillsre
2222 5467 2361 5530 iussimus,

863 5533 917 5587 dos
936 5532 1117 5588 Esebatoleoii
1134 5532 1204 5598 sebit
1290 5534 1311 5597 i)
1328 5533 1442 5601 Signum
1460 5535 1554 5586 domni
1574 5533 1601 5599 0,
1620 5533 1652 5587 ia
1670 5533 1700 5587 D
1719 5533 1789 5599 sebit
1808 5533 1861 5588 dae
1880 5533 2078 5604 Moetopramm
2158 5534 2189 5602 k)
2206 5535 2265 5602 Ego
2284 5535 2360 5603 Egil-
2383 5608 2400 5656 4

865 5606 957 5657 bertus
976 5602 1000 5657 G
1092 5604 1112 5670 l)
1129 5602 1162 5655 ia
1180 5601 1210 5656 D
1228 5617 1285 5656 aar
1304 5601 1350 5656 die
1368 5602 1519 5672 Datiruup
1537 5604 1608 5656 Date
1625 5605 1661 5657 id.
1680 5605 1802 5657 novemb.
2401 5607 2417 5655 0

790 5711 848 5766 128
867 5712 895 5774 a)
911 5707 1050 5762 dominio
1116 5709 1145 5773 b)
1163 5711 1275 5761 anstatt
1292 5710 1335 5761 vir
1352 5708 1459 5760 illuster
1475 5709 1517 5777 (so
1536 5709 1608 5762 aucb
1627 5706 1672 5761 die
1689 5707 1757 5776 VU.)
1775 5709 1807 5762 ia
1821 5707 1844 5761 0
1859 5715 1887 5761 et
1904 5709 2143 5774 Lougobsrdorum
2210 5707 2363 5830 {imm

866 5781 894 5846 d)
911 5780 988 5830 nobis
1006 5777 1034 5831 Β
1103 5777 1129 5843 e)
1146 5779 1190 5830 dei
1207 5796 1256 5846 pro
1275 5794 1367 5830 eornm
1385 5781 1475 5846 quiete
1493 5777 1520 5831 Β
1590 5776 1785 5845 ὓΙίὶιοιιιιιιθ
1852 5779 1880 5846 g)
1897 5780 1927 5830 in
1944 5779 2046 5829 domini
2064 5793 2163 5829 nomen
2180 5775 2210 5842 fe
2240 5776 2293 5831 tB

866 5849 895 5915 b)
912 5849 956 5900 dei
979 5850 1087 5899 nomine
1104 5846 1132 5900 Β
1235 5848 1256 5914 i)
1278 5864 1416 5901 unacum
1434 5846 1461 5900 Β
1564 5847 1594 5914 lv)
1612 5850 1694 5899 missa
1713 5849 1848 5914 'petitione
1871 5847 1941 5913 fehlt
1958 5845 1985 5900 Β
2089 5848 2109 5914 l)
2132 5848 2211 5914 petiit
2228 5846 2257 5901 Β

866 5921 903 5985 ιιι)
920 5919 1112 5970 monasterium
1130 5915 1262 5984 ipsumO
1345 5917 1375 5986 n)
1392 5918 1545 5969 hominibus
1564 5919 1619 5968 suis
1637 5915 1665 5970 B
1760 5918 1787 5984 ο)
1803 5923 1944 5984 praesente
1962 5915 1990 5970 Β
2077 5917 2105 5985 p)
2122 5915 2274 5971 dominoO

866 5988 1025 6054 chollstae
1043 5993 1090 6038 ant
1108 5988 1275 6039 condomus
1293 5986 1320 6041 Β
1389 5987 1412 6053 ι)
1430 5987 1538 6039 redebet
1555 5988 1596 6054 (so
1615 5985 1688 6039 aaut
1758 5989 1836 6039 mitro
1854 5985 1882 6040 Β
1960 5987 1983 6053 s)
2001 5988 2157 6041 emunitatis
2174 5983 2203 6039 Β
2290 5988 2312 6054 t)
2330 5990 2359 6038 in
2382 5985 2415 6035 lb

865 6059 981 6110 tuitione
997 6055 1068 6124 sebit
1085 6055 1113 6110 B
1198 6056 1228 6124 ιι)
1246 6058 1323 6109 cuius
1341 6055 1368 6109 Β
1454 6055 1483 6124 v)
1501 6059 1672 6123 cognoscitur
1689 6054 1716 6108 Β
1825 6054 1860 6124 ιι)
1879 6062 1960 6128 atque
1977 6054 2005 6109 Β
2092 6055 2120 6121 x)
2138 6057 2167 6105 in
2184 6055 2309 6122 inspecta
2330 6055 2359 6121 0,

866 6127 1045 6178 discurrentes
1063 6128 1198 6193 inspectas
1217 6128 1289 6194 ipsas
1308 6124 1335 6179 Β
1421 6125 1450 6192 y)
1468 6128 1639 6177 auctoritates
1658 6125 1809 6177 declaratur
1827 6125 1854 6177 Β
1943 6125 1969 6193 a)
1986 6131 2033 6176 aut
2050 6123 2120 6179 inB
