5642 7159
1025 754 1147 816 aaut
1169 753 1258 814 DER
1280 753 1446 815 ussossu
1470 748 1543 813 777.
2044 750 2104 816 161

548 939 703 1007 Karolus
726 941 833 1024 gratia
857 940 910 1006 dei
932 963 993 1007 rex
1015 942 1220 1007 Francorum
1244 952 1278 1008 et
1299 939 1597 1027 Longobardorum
1628 961 1668 1004 ac
1692 940 1846 1025 patritius
1869 940 2102 1006 Romanorum.

549 1045 593 1111 Si
616 1043 831 1130 petitionibus
856 1046 1066 1111 sacerdotum
1086 1046 1137 1110 vel
1163 1067 1333 1112 servorum
1357 1045 1408 1110 dci
1433 1043 1673 1109 libentissimo
1698 1042 1905 1125 obaudimus,
1929 1042 1992 1108 hoc
2008 1042 2103 1108 nobis

442 1156 475 1221 sd
500 1147 705 1217 mercedem
730 1146 781 1213 vel
805 1147 1019 1214 stabilitatem
1042 1151 1134 1235 regni
1158 1152 1261 1215 nostri
1284 1152 1317 1214 iu
1341 1149 1393 1215 dei
1410 1148 1541 1213 nomine
1564 1148 1728 1233 pertinere
1744 1145 1949 1212 confidimus.
1974 1145 2102 1211 Idcirco

441 1270 563 1323 notum
591 1253 634 1317 sit
656 1254 803 1318 omnium
818 1252 965 1318 fidelium
988 1264 1174 1319 nostrorum
1190 1252 1419 1339 magnitudini,
1443 1250 1584 1339 qualiter
1599 1273 1659 1317 nos
1684 1261 1819 1338 propter
1841 1273 1961 1317 nomen
1980 1250 2103 1316 domini

410 1371 467 1427 set
487 1360 618 1439 anime
634 1366 747 1440 nostre
772 1357 910 1421 salutem
927 1358 1152 1422 concessimus
1176 1357 1221 1423 ad
1236 1356 1481 1438 monasterium,
1506 1356 1594 1442 quod
1610 1366 1661 1421 est
1683 1363 1906 1420 constructum
1931 1354 2105 1420 inhonore

439 1464 555 1530 sancti
590 1460 724 1525 Nazarii
757 1460 808 1525 vel
837 1469 1019 1526 ceterorum
1049 1470 1239 1527 sanctorum
1267 1464 1301 1525 in
1317 1448 1402 1525 ‘loco
1432 1470 1664 1547 nuncupante*
1693 1459 1914 1543 Lauresham,
1948 1459 2004 1525 ubi
2033 1460 2104 1544 ipse

437 1567 623 1652 preciosus
648 1563 789 1629 domnus
805 1573 838 1628 et
860 1572 995 1629 sanctus
1011 1565 1175 1630 Nazarius
1192 1562 1248 1630 ,ns
1271 1586 1409 1651 corpore
1432 1565 1611 1653 requiescit
1633 1573 1666 1629 st
1681 1564 1880 1630 venerabilis
1903 1566 1954 1629 vir
1970 1564 2102 1630 Gunde-

435 1668 572 1733 landus
589 1666 677 1732 abba
688 1676 797 1732 rector
813 1690 945 1754 preesse
957 1668 1096 1750 videtur,
1113 1690 1372 1755 concessumque
1385 1672 1419 1735 in
1435 1678 1629 1756 perpetuum
1642 1690 1713 1734 esse
1730 1667 1893 1748 volumus,
1908 1667 1942 1733 id
1955 1677 2006 1733 est
2017 1668 2103 1733 infra

433 1771 566 1834 finem’
590 1768 756 1836 Hohstat<¹
772 1772 805 1835 in
820 1770 893 1836 loco
910 1773 1183 1857 cognominante⁰
1201 1773 1394 1839 Godenowa
1410 1774 1443 1837 in
1458 1773 1557 1837 fluvio
1574 1773 1697 1858 Rheno,
1721 1781 1757 1836 ut
1772 1771 1844 1857 ipse
1867 1770 1955 1837 abba
1970 1770 2023 1837 vel
2038 1773 2101 1857 ipsi

384 1887 412 1935 to
433 1874 568 1937 fratres
583 1872 747 1939 licentiam
762 1874 907 1940 habeant
918 1876 961 1940 ad
973 1875 1119 1959 [donam
1131 1876 1329 1961 faciendam]
1338 1874 1350 1915 ¹
1360 1877 1412 1941 vel
1426 1877 1469 1942 ad
1481 1877 1676 1963 piscandum
1689 1899 1748 1961 pro
1762 1876 1986 1961 oportunitate
1999 1876 2103 1961 ipsius

430 1976 592 2063 ecclesie
614 1977 667 2042 vel
684 1978 850 2064 stipendio
874 1981 1021 2064 ipsorum
1037 1981 1186 2047 fratrum.
1217 1981 1261 2044 Et
1275 1980 1349 2046 ideo
1373 1980 1585 2045 concedimus
1602 1980 1646 2045 ad
1662 1979 1801 2045 eundem
1819 1988 1969 2043 sanctum
1985 1979 2103 2060 locum,

428 2089 465 2143 ut
489 2080 544 2145 de
578 2082 671 2165 silva,
696 2105 759 2169 que
784 2082 827 2148 ad
842 2084 951 2169 ipsam
974 2084 1088 2150 villam
1104 2086 1235 2172 aspicit,
1259 2108 1321 2171 que
1345 2086 1518 2151 fructuosa
1534 2083 1720 2148 nullatenus
1745 2106 1816 2148 esse
1833 2082 1972 2156 videtur,
1995 2084 2103 2169 ipsam

427 2183 584 2251 vinnam
601 2185 743 2252 faciendi
766 2186 819 2252 vel
836 2187 1032 2254 emendandi
1049 2198 1249 2275 potestatem
1263 2188 1420 2271 habeant,
1444 2191 1475 2252 in
1494 2196 1652 2275 quantum
1669 2189 1715 2252 eis
1732 2209 1814 2273 opus
1830 2187 1927 2253 fuerit
1943 2186 2103 2273 prendere

424 2284 474 2347 vel
504 2289 690 2375 capulare.
730 2289 887 2357 Similiter
910 2294 1123 2358 concedimus
1146 2293 1191 2359 ad
1213 2295 1376 2379 prefatum
1400 2294 1636 2358 monasterium
1659 2293 1691 2356 in
1715 2292 1781 2357 alia
1803 2291 1947 2371 marcha,
1975 2314 2036 2377 que
2060 2290 2104 2356 ad

371 2396 401 2443 ro
425 2385 621 2457 Virnheim
634 2396 786 2480 pertinet,
803 2394 845 2460 de
857 2416 943 2481 pago
957 2396 1156 2464 Lobodense
1172 2418 1276 2483 usquc
1292 2394 1357 2463 ,ds
1371 2397 1507 2462 fluvium
1520 2396 1667 2482 Wisgoz,
1685 2396 1826 2482 qualiter
1841 2398 1928 2460 viam
1941 2396 2103 2479 integram

419 2490 463 2554 ad
496 2498 760 2564 carrucandum
791 2500 859 2563 sive
886 2500 1120 2565 itinerandum,
1138 2499 1260 2566 habere
1289 2500 1447 2575 debeant,
1482 2510 1515 2565 et
1544 2522 1641 2587 super
1669 2502 1776 2586 ipsum
1805 2499 1942 2565 fluvium
1969 2506 2104 2563 contra⁸

415 2592 546 2677 ipsam
584 2604 671 2667 viam
705 2601 884 2689 [pontem]h
911 2603 1100 2669 faciendum
1129 2614 1196 2668 tam
1227 2625 1326 2690 super
1353 2604 1490 2669 fluvium
1521 2603 1658 2689 Wisgoz
1694 2626 1792 2688 quam
1822 2613 1855 2669 et
1884 2625 1983 2689 super
2008 2600 2103 2667 illos¹

414 2692 537 2768 lacus.
574 2707 644 2771 Ista
667 2703 812 2786 omnia¹=‚
843 2707 929 2771 sicut
953 2708 1103 2793 superius
1125 2708 1283 2773 insertum
1308 2717 1367 2789 est,
1397 2717 1466 2773 tam
1490 2708 1530 2773 de
1554 2709 1654 2773 vinna
1678 2730 1775 2791 quam
1800 2717 1833 2773 ct
1855 2707 1938 2772 silva
1961 2708 2029 2772 sive
2053 2705 2094 2772 de

412 2798 466 2862 Via
498 2803 636 2896 [super
657 2806 820 2895 ponteml¹
847 2809 891 2874 ad
913 2811 979 2875 iam
1010 2810 1132 2875 dictam
1156 2832 1268 2876 casam
1298 2811 1349 2875 dei
1372 2832 1433 2897 pro
1461 2811 1622 2876 mercedis
1651 2820 1762 2895 nostre
1792 2819 1968 2897 augmento
1994 2809 2092 2875 dona·

356 2915 390 2965 20
410 2902 560 2985 vimus,
589 2914 816 2979 concessimus
838 2923 938 2999 atque
961 2916 995 2978 in
1018 2913 1170 2979 omnibus
1194 2917 1227 2979 in
1250 2924 1443 3001 perpetuum
1467 2914 1630 2980 indultum
1655 2939 1728 2981 csse
1751 2916 1914 2997 volumus,
1939 2918 2094 3003 quatinus

408 3014 566 3080 nostris
598 3027 630 3084 et
652 3018 772 3083 futuris
800 3017 1003 3104 temporibus
1026 3019 1071 3084 ad
1097 3020 1207 3105 ipsum
1231 3030 1380 3086 sanctum
1410 3016 1521 3085 loc'um
1550 3019 1702 3104 proficiat
1724 3020 1756 3083 in
1788 3022 1973 3105 augmentis
2003 3030 2035 3085 ct
2058 3031 2095 3085 ut

407 3111 559 3183 melina
583 3122 726 3189 delectet
748 3122 856 3207 ipsam
873 3123 1164 3208 congregationem
1188 3146 1247 3209 pro
1263 3123 1359 3190 nobis
1383 3133 1416 3188 et
1431 3144 1537 3189 uxore
1559 3130 1674 3187 nostra
1690 3125 1789 3187 etiam
1813 3132 1846 3188 st
1861 3121 1952 3209 prole
1971 3123 2093 3188 domiui

406 3214 709 3291 miscricordiam
732 3224 898 3291 adtentius
920 3247 1069 3291 exorare.
1093 3226 1137 3290 Et
1161 3234 1196 3291 ut
1219 3226 1279 3292 bec
1296 3229 1478 3292 auctoritas
1501 3228 1623 3292 firmior
1638 3225 1800 3291 habeatur
1814 3249 1855 3293 ac
1869 3250 1928 3313 per
1943 3237 2093 3314 tempora

406 3319 560 3434 melius
593 3340 836 3413 conservetur,
857 3352 959 3396 manu
988 3332 1119 3416 propria
1155 3330 1267 3396 subter
1295 3332 1499 3398 firmavimus
1531 3331 1583 3396 vel
1613 3330 1654 3395 de
1689 3330 1787 3395 anulo
1818 3340 1931 3396 nostro
1962 3331 2102 3417 sigillat

355 3439 388 3490 ao
408 3428 619 3501 iussimus.

543 3588 694 3676 Signum
716 3589 833 3655 Karoli
857 3594 924 3669 (nl.)
946 3591 1174 3676 gloriosissimi
1196 3595 1320 3678 regis't

543 3726 649 3794 Bado
673 3728 827 3794 advicem
851 3728 1016 3796 Liutberti
1038 3733 1248 3815 recognovi¹².

546 3867 667 3934 Data⁰
689 3869 723 3933 in
747 3890 861 3934 mense
882 3870 1032 3934 ianuario
1056 3892 1142 3935 anno
1160 3888 1253 3934 vr111.
1266 3919 1274 3933 .
1289 3920 1295 3931 .
1311 3879 1347 3931 ,Ρ
1369 3871 1461 3955 regni
1484 3872 1605 3953 nostri,
1629 3880 1739 3936 actuum
1757 3872 1950 3939 Haristsllio
1974 3873 2099 3959 palatio

424 3959 602 4055 Publice,
623 3974 658 4038 in
681 3972 733 4038 dei
757 3973 891 4039 nominc
914 3973 1063 4039 feliciter.

389 4275 418 4323 ³⁰
1239 4269 1323 4341 115.

442 4403 536 4485 ΚΜ
573 4426 635 4496 der
666 4424 795 4496 Grossc
822 4424 1052 4509 habaidedei,
1089 4426 1172 4495 dass
1199 4447 1238 4495 cr
1264 4427 1356 4495 scine
1383 4425 1498 4516 Mupd
1524 4423 1717 4515 Siprudu
1743 4425 1853 4496 durch
1880 4423 2105 4513 Scbutzwurf

442 4524 676 4621 lfiiyelussca
703 4544 820 4616 baba·

552 4853 917 4930 Ortpinoluufaes'clmmsp
939 4860 973 4915 in
994 4859 1175 4916 tironiscben
1197 4859 1296 4918 Noton
1317 4858 1379 4928 auf
1398 4858 1451 4915 dur
1473 4856 1632 4916 Rstclrscr'te
1654 4872 1709 4914 von
1730 4861 1765 4912 πθ
1781 4858 1845 4914 116
1867 4857 1910 4914 s'm
1931 4855 1959 4915 k.
1976 4855 2098 4914 Reicbs·

400 4942 425 4991 ³⁶
550 4961 655 5019 archiv
676 4978 718 5020 aa
741 4962 894 5019 Marcolica
918 4960 982 5039 (A).

555 5094 785 5171 Mitthcilanpen
807 5098 857 5157 des
879 5098 1021 5157 Instituta
1045 5098 1069 5171 s.
1093 5105 1146 5158 ost.
1174 5097 1239 5158 GF.
1262 5102 1315 5170 21,
1339 5100 1402 5158 344
1425 5100 1480 5156 mit
1502 5097 1589 5157 Facs.

518 5267 588 5335 ¹¹⁴.
605 5287 631 5351 a)
647 5284 772 5369 certia
790 5292 945 5367 nuncupato
1050 5286 1077 5352 b)
1094 5284 1162 5368 tiber
1181 5283 1231 5337 der
1249 5282 1324 5337 Zeila
1341 5299 1395 5336 coa
1414 5281 1555 5361 dersclbca
1574 5281 1665 5335 Hand
1682 5281 1891 5403 auchpctrcpcrs
2003 5280 2029 5345 c)
2047 5293 2097 5333 ur-

602 5352 1312 5491 tttfflt‘tatt'lttttttalt'ffl
1331 5351 1733 5487 ‘stltbtt'tlgtnnd
1771 5348 2097 5485 “tit“l‘ttttt

602 5492 820 5547 2Bsscbstobea
837 5508 884 5545 am
901 5491 986 5545 Eride
1004 5492 1055 5545 der
1071 5491 1155 5552 Zeila,
1173 5492 1208 5543 ad
1226 5490 1296 5543 aocb
1314 5490 1404 5544 sicher
1423 5506 1458 5543 aa
1476 5488 1623 5554 misaam,
1643 5488 1722 5541 dana
1739 5504 1794 5541 voa
1812 5492 1891 5541 3cm.
1909 5488 1942 5553 (c.
1956 5489 1991 5539 13
2004 5485 2096 5539 Bacis·

603 5562 712 5629 stabea)
722 5577 759 5615 ru
766 5560 878 5629 Bcpian
897 5559 946 5613 der
964 5560 1101 5614 adcbstcn
1114 5560 1197 5621 Zes‘le,
1215 5576 1273 5612 aar
1285 5560 1356 5613 noch
1369 5560 1415 5613 ein
1433 5557 1622 5611 borismrtaler
1636 5556 1881 5626 Katramrpsstrich
1899 5556 1930 5608 ia
1945 5555 1996 5608 der
2009 5554 2096 5607 Mitte

602 5632 733 5693 sicbtbar,
752 5632 868 5699 crpdaat
885 5630 959 5683 nach
977 5629 1026 5682 der
1048 5628 1112 5684 Urit.
1132 5628 1270 5697 Ludwipa
1289 5627 1316 5680 d.
1335 5628 1387 5681 Fr.
1478 5628 1506 5694 g)
1526 5642 1574 5681 cor
1592 5635 1686 5679 contra
1703 5630 1732 5678 in
1749 5625 1846 5695 petilpt
1950 5626 1979 5690 h)
1996 5623 2096 5678 Rosur

602 5716 653 5753 oon
671 5703 707 5752 13
719 5715 790 5759 mna,
808 5713 863 5751 voa
880 5702 1009 5766 spoitcrcr
1027 5697 1118 5751 Herod
1137 5697 1185 5751 des
1203 5701 1247 5752 16.
1265 5698 1309 5751 Jb.
1329 5705 1438 5764 pontem
1456 5695 1487 5748 io
1507 5695 1624 5749 dissolbe
1642 5696 1821 5765 cinpetraqers
1925 5694 1945 5759 i)
1963 5708 2016 5746 oca
2035 5692 2096 5745 der·

603 5767 692 5821 selben
711 5767 802 5820 Hand
820 5768 889 5820 alios
907 5766 1150 5837 ouerpeschrieoeu
1254 5768 1284 5833 k)
1301 5766 1430 5820 duraturis
1449 5782 1511 5816 vero
1551 5764 1629 5833 ctilpt
1733 5764 1755 5829 l)
1772 5762 1872 5817 Bucar
1899 5776 1952 5815 cors
1969 5764 2025 5815 Μ
2036 5777 2095 5825 cru,

601 5837 681 5890 hmo
692 5836 947 5905 Ruadbemerksmp
965 5852 1019 5891 oon
1037 5836 1087 5889 der
1100 5834 1191 5889 Hand
1210 5835 1258 5888 des
1277 5839 1318 5889 16.
1332 5834 1394 5889 ab:
1412 5836 1483 5904 quod
1502 5782 1618 5886 deletum
1631 5842 1680 5897 est,
1697 5834 1750 5885 fuit
1767 5836 1896 5899 scriptum
1914 5837 1941 5883 et
1960 5834 1999 5882 sic
2016 5832 2097 5883 debet

601 5908 681 5958 stiam
699 5908 813 5973 corrigi:
837 5909 895 5958 sive
913 5907 945 5959 de
963 5910 1008 5958 via
1026 5922 1106 5972 snper
1124 5913 1233 5972 pontem
1251 5906 1284 5955 nd
1302 5908 1355 5956 iarn
1376 5907 1473 5957 dictam
1493 5920 1592 5967 casam,
1610 5902 1745 5971 ricbts'per
1762 5900 1899 5954 oicllcicbt
1917 5906 1945 5952 et
1961 5901 1994 5952 de
2013 5905 2096 5967 pontu

600 5976 636 6040 m)
660 5973 705 6028 die
724 5974 909 6044 δι’ρπαπυιίὴ
930 5991 976 6028 am
993 5973 1096 6029 Rarus
1113 5974 1250 6027 mbricirt
1355 5977 1383 6040 n)
1403 5974 1448 6027 dis
1466 5971 1540 6026 Raro
1558 5972 1653 6025 atticis
1681 5970 1754 6023 auch
1773 5970 1824 6023 der
1843 5968 1992 6037 Dotiraap

600 6046 626 6110 o)
642 6059 713 6097 corr.
732 6043 765 6097 ia
782 6045 875 6097 datum
944 6045 972 6112 p)
988 6043 1088 6099 Bosur
1106 6060 1160 6097 corr
1178 6048 1193 6097 1
1208 6058 1266 6106 cm,
1284 6041 1514 6098 wobrscbcs'als'cls
1533 5988 1581 6095 des
1599 6039 1796 6093 itolkrsisclreo
1814 6034 2096 6108 Rspicruaysjabrcs.

518 6127 738 6198 mensurum
758 6146 781 6196 n
1896 6140 1929 6191 sr
